2742 3848
442 608 555 660 ⁴774

606 382 702 429 512
1059 375 1486 430 REGISTRUM
1521 375 1618 425 DE
1656 372 2216 424 ABERBROTHOC.

608 584 761 656 Idem
786 605 968 655 affedat
991 621 1083 669 pro
1108 603 1437 652 nouendecim
1464 601 1606 649 annis
1628 600 1801 648 Dauid
1820 598 1973 648 Voud
1997 600 2048 648 in
2077 598 2213 665 Crag
2233 607 2282 648 et
2301 599 2501 664 Rogero
2520 600 2670 649 Voud

609 700 713 747 eius
736 698 838 746 filio
863 707 912 746 et
936 697 1107 745 heredi
1135 694 1395 760 apparenti
1421 709 1691 757 eorumque
1710 690 1961 756 affignatis
1980 708 2082 740 non
2102 691 2304 740 maioris
2323 690 2476 740 status
2494 691 2672 756 garbas

608 790 873 840 decimales
898 788 1099 837 ecclefie
1125 788 1186 836 de
1218 787 1427 836 Garuok
1465 815 1475 825 -
1514 794 1563 834 et
1588 785 1705 849 quia
1727 802 1913 850 paucos
1937 785 2084 850 supra
2108 802 2265 833 annos
2297 785 2448 833 abbas
2480 784 2671 832 easdem

609 883 824 930 decimas
850 878 1085 927 affedauit
1110 877 1375 926 Elizabeth
1401 876 1609 943 Martyn
1633 877 1861 942 illiusque
1898 876 2150 943 affignatis
2185 894 2277 942 pro
2313 894 2493 925 nouem
2532 877 2674 924 annis

607 990 813 1038 quorum
853 989 976 1020 vnus
1013 988 1170 1019 annus
1213 970 1375 1019 adhuc
1411 970 1564 1018 restat
1604 970 1741 1019 illam
1785 971 2141 1020 affedacionem
2187 970 2413 1019 decernit
2454 986 2546 1034 pro
2588 969 2673 1016 illo

607 1082 736 1114 anno
761 1065 900 1113 suum
925 1064 1078 1112 robur
1104 1063 1331 1128 optinere
1374 1092 1384 1102 -
1430 1063 1644 1111 termino
1676 1064 1830 1130 igitur
1865 1064 2100 1114 introitus
2138 1063 2381 1112 dictorum
2418 1062 2591 1111 Dauid
2626 1064 2674 1110 et

607 1159 792 1223 Rogeri
817 1158 1088 1222 incipiente
1115 1157 1166 1206 in
1192 1155 1313 1206 festo
1342 1155 1580 1206 Omnium
1610 1156 1900 1207 Sanctorum
1934 1162 2063 1206 1533
2098 1186 2108 1196 ·
2147 1155 2399 1206 Soluendo
2425 1156 2674 1221 octoginta

605 1251 756 1299 libras
781 1259 979 1300 monete
1007 1249 1181 1299 Scocie
1208 1279 1217 1289 ·
1245 1249 1310 1299 26
1335 1249 1371 1298 J
1373 1249 1568 1298 anuarii
1598 1252 1744 1299 1532.

608 1505 760 1575 Idem
798 1526 1049 1590 presentat
1086 1525 1342 1573 dominum
1369 1522 1616 1572 Thomam
1653 1522 1983 1589 Dawrumpyl
2017 1523 2081 1571 ad
2115 1523 2351 1572 vicariam
2382 1530 2670 1587 perpetuam

607 1616 809 1666 ecclesie
835 1619 897 1666 de
923 1617 1170 1667 Murraws
1198 1615 1554 1666 Sanffiandree
1581 1615 1786 1664 diocesis
1812 1624 2072 1666 vacantem
2096 1632 2187 1681 per
2211 1624 2421 1664 mortem
2451 1615 2671 1680 magistri

605 1711 638 1758 J
642 1710 784 1759 acobi
812 1709 1020 1776 Symson
1043 1737 1054 1748 ·
1083 1713 1144 1757 15
1170 1709 1434 1758 Februarii
1464 1712 1609 1758 1532.

606 1973 759 2045 Idem
789 2009 879 2057 pro
904 1992 1124 2040 seruiciis
1150 2001 1199 2041 et
1223 1992 1474 2057 signanter
1498 2008 1590 2057 pro
1617 1998 1755 2040 certa
1786 1990 1972 2039 summa
2002 1991 2213 2055 pecunie
2239 1990 2301 2039 ad
2328 1990 2668 2039 redimendam

608 2087 854 2150 quandam
882 2102 1098 2134 annuam
1124 2084 1407 2149 pensionem
1432 2084 1569 2132 mille
1594 2084 1835 2132 librarum
1858 2101 2004 2149 quam
2030 2083 2204 2134 habuit
2229 2085 2291 2132 de
2315 2084 2426 2132 loco
2451 2083 2486 2132 J
2489 2084 2671 2132 acobus

608 2196 771 2228 comes
795 2178 1025 2228 Morauie
1052 2178 1289 2227 conuersa
1313 2178 1496 2226 affedat
1519 2194 1611 2242 pro
1636 2176 1965 2226 nouendecim
1985 2176 2128 2225 annis
2154 2177 2299 2226 fratri
2325 2177 2408 2225 suo
2432 2193 2670 2241 germano

607 2272 798 2321 Jacobo
841 2271 1036 2319 Betoun
1075 2271 1136 2319 de
1176 2269 1465 2335 Melgownd
1502 2279 1552 2319 et
1586 2269 1771 2318 Jonete
1803 2269 2026 2317 Annand
2061 2269 2166 2316 eius
2202 2269 2368 2334 sponse
2403 2269 2670 2318 heredibus

607 2366 737 2412 inter
762 2364 888 2428 ipsos
913 2362 1187 2427 procreatis
1213 2370 1262 2411 et
1286 2362 1382 2410 suis
1408 2362 1658 2428 aflignatis
1684 2346 1732 2412 et
1757 2362 2129 2412 subtenentibus
2154 2379 2255 2411 non
2280 2363 2482 2411 maioris
2519 2363 2669 2411 status

608 2468 765 2506 terras
790 2458 851 2505 de
877 2456 1149 2504 Dunberro
1176 2473 1287 2504 cum
1313 2456 1602 2504 molendino
1628 2464 1677 2505 et
1702 2457 1749 2521 ly
1772 2457 1932 2521 vynde
1957 2457 2067 2521 eige
2103 2463 2152 2504 et
2186 2456 2415 2520 garbales
2452 2456 2668 2504 decimas

609 2549 877 2598 earundem
903 2549 1121 2598 iacentes
1145 2548 1199 2596 in
1224 2547 1486 2611 regalitate
1512 2548 1574 2596 de
1599 2548 1895 2614 Abyrbroth
1921 2555 1971 2596 et
1996 2547 2346 2596 vicecomitatu
2372 2548 2434 2595 de
2460 2546 2637 2596 Forfar
2659 2572 2668 2582 ·

612 2641 862 2690 Soluendo
886 2657 978 2704 pro
1001 2640 1156 2688 firmis
1181 2647 1427 2688 terrarum
1453 2640 1514 2688 de
1540 2638 1812 2690 Dunbarro
1838 2649 1886 2690 et
1911 2641 1958 2707 ly
1978 2642 2138 2706 vynde
2156 2642 2304 2706 eigge
2328 2641 2450 2689 duas
2476 2641 2668 2689 celdras

611 2732 750 2781 ordei
775 2741 824 2780 et
848 2740 948 2781 tres
985 2732 1177 2780 celdras
1205 2734 1312 2779 octo
1348 2731 1504 2780 bollas
1539 2732 1700 2781 farine
1737 2733 1997 2783 auenatice
2036 2763 2046 2773 ·
2091 2741 2141 2782 et
2174 2750 2268 2797 pro
2304 2733 2509 2781 decimis
2546 2734 2667 2781 duas

612 2825 803 2873 celdras
828 2831 877 2872 et
901 2831 1114 2887 quatuor
1143 2821 1341 2887 [bollas]
1371 2822 1529 2872 farine
1554 2825 1777 2888 predicte
1813 2827 1920 2874 0820
1952 2825 2108 2875 bollas
2145 2825 2285 2873 ordei
2321 2833 2370 2873 et
2406 2825 2666 2873 duodecim

609 2916 766 2965 bollas
792 2932 1063 2965 auenarum
1088 2913 1303 2963 custume
1339 2916 1564 2964 mensure
1600 2917 1694 2965 fori
1732 2917 1979 2966 currentis
2014 2917 2065 2965 in
2101 2917 2346 2982 granariis
2381 2917 2665 2966 monasterii

612 3010 676 3057 ad
699 3007 935 3057 terminos
960 3006 1181 3054 soluendi
1212 3035 1222 3044 ·
1257 3014 1306 3054 et
1330 3023 1421 3070 pro
1445 3009 1596 3055 firmis
1621 3009 1893 3057 molendini
1919 3009 2158 3058 tredecim
2182 3008 2361 3058 solidos
2387 3012 2494 3057 octo
2520 3009 2665 3057 dena-

612 3102 712 3149 rios
736 3106 933 3148 monete
962 3097 1133 3147 Scocie
1159 3097 1223 3145 ad
1247 3098 1483 3145 terminos
1509 3099 1697 3148 vsuales
1722 3128 1733 3139 ·
1758 3118 1850 3165 pro
1876 3101 2103 3150 omnibus
2128 3101 2349 3150 seruiciis
2367 3109 2415 3149 et
2434 3101 2663 3149 oneribus

612 3192 974 3241 husbandorum
1000 3217 1009 3228 ·
1035 3194 1099 3237 20
1125 3189 1384 3238 Februarii
1414 3193 1558 3237 1532.
