2762 3834
43 1876 129 1924 2252

626 346 1053 397 REGISTRUM
1086 347 1183 395 DE
1220 346 1773 399 ABERBROTHOC.
1957 343 1959 345 ¹
2129 358 2223 409 217

182 483 241 530 de
266 480 479 529 Newtile
521 517 532 528 .
575 517 587 529 .
631 517 642 529 .
680 497 925 544 occupare
962 479 1132 529 licebit
1168 480 1308 528 nobis
1351 518 1362 528 .
1406 518 1418 528 .
1460 519 1469 529 .
1508 482 1662 530 dietas
1686 485 1863 547 garbas
1888 484 2147 533 decimales
2173 487 2223 534 iu

179 573 315 623 diffisis
341 573 485 622 terris
525 610 535 620 .
576 609 587 621 .
627 610 637 620 .
675 572 728 620 in
753 572 908 620 orreis
934 579 982 620 et
1007 571 1127 619 ortis
1152 573 1419 620 earundem
1445 590 1536 638 pro
1561 575 1723 638 spacio
1749 576 2009 624 duodecim
2034 577 2223 626 dierum

177 667 339 714 locare
366 672 415 712 et
439 664 707 712 secundum
732 664 865 728 quod
889 664 1030 711 nobis
1056 664 1305 712 videbitur
1331 665 1596 730 expediens
1625 703 1637 714 .
1676 703 1686 715 .
1724 703 1734 714 .
1766 667 2023 732 disponere
2059 696 2069 706 ·
2105 669 2223 718 Pro-

177 757 414 806 mittimus
451 765 615 805 tamen
661 794 672 804 .
718 794 728 804 .
776 794 786 804 .
835 756 969 820 quod
1003 756 1280 804 huiusmodi
1318 774 1573 806 orreorum
1610 766 1658 807 et
1694 768 1915 808 ortorum
1957 762 2221 827 occupacio

177 850 351 899 futuris
378 851 681 916 temporibus
718 889 727 899 .
766 889 775 899 .
807 889 816 898 .
851 849 1105 898 Willelmo
1131 848 1396 897 heredibus
1422 858 1471 900 et
1495 851 1589 899 suis
1615 850 1860 916 affignatis
1885 854 1937 901 in
1973 893 1982 902 .
2021 893 2030 902 .
2067 893 2077 903 .
2113 871 2222 918 pre-

176 944 411 992 iudicium
437 961 537 992 non
564 944 709 994 cedat
734 983 743 993 .
771 983 780 993 .
807 983 817 993 .
848 943 999 1008 Apud
1025 943 1375 992 monasterium
1397 983 1407 992 .
1433 982 1442 992 .
1469 983 1478 992 .
1506 944 1585 992 die
1611 945 1837 995 vicesimo
1863 946 2221 1010 primomenfis

175 1036 314 1085 Junii
339 1053 468 1084 anno
494 1035 702 1084 Domini
729 1039 859 1084 1485
887 1063 896 1072 ·
922 1035 1124 1084 testibus
1164 1075 1173 1084 .
1214 1075 1223 1084 .
1258 1075 1267 1085 .
1302 1035 1338 1084 J
1341 1035 1535 1084 ohanne
1564 1036 1760 1103 Ogilwy
1785 1039 1845 1087 de
1872 1038 2186 1087 Ballindocht
2211 1066 2221 1075 ·

177 1127 381 1177 Valtero
401 1128 666 1194 Lychtoun
691 1127 793 1177 filio
813 1135 861 1177 et
879 1127 1064 1176 herede
1085 1135 1355 1192 apparente
1381 1127 1548 1176 Dauid
1575 1129 1831 1178 Lechtoun
1851 1131 1911 1179 de
1936 1129 2193 1196 Owsawyn
2211 1158 2221 1169 ·

176 1222 420 1271 Duncano
456 1219 710 1269 Lechtone
746 1249 757 1259 ·
795 1220 996 1269 domiuo
1036 1219 1326 1268 Alexandro
1371 1219 1612 1286 Symsoun
1652 1221 1833 1270 vicario
1874 1223 1935 1270 de
1974 1222 2222 1271 Banchre·

175 1325 313 1365 terne
340 1344 350 1354 ·
375 1313 410 1362 J
413 1313 607 1361 ohanne
633 1313 848 1379 Barclay
873 1340 883 1350 ·
907 1313 1079 1362 Dauid
1102 1312 1318 1378 Barclay
1344 1341 1354 1352 ·
1393 1320 1441 1362 et
1467 1312 1690 1362 Henrico
1716 1314 1859 1363 Brois
1885 1316 2138 1381 capellano
2164 1334 2221 1365 ac

176 1407 367 1456 notario
390 1406 588 1471 publico
612 1434 622 1445 ·
648 1423 760 1455 cum
785 1405 989 1454 diuersis
1014 1405 1139 1454 aliis.

178 1660 460 1733 Affedacio
485 1682 751 1747 garbarum
778 1681 1093 1730 decimalium
1119 1680 1322 1731 eeclefie
1347 1682 1408 1730 de
1434 1682 1601 1748 wae.

180 1845 451 1918 Uniuerfis
493 1876 659 1932 pateat
697 1905 708 1916 .
749 1905 760 1916 .
800 1905 812 1916 .
850 1884 939 1915 nos
979 1867 1150 1916 Dauid
1193 1868 1418 1916 abbatem
1457 1905 1468 1916 .
1508 1905 1519 1916 .
1561 1905 1571 1915 .
1616 1868 1676 1915 de
1719 1867 2056 1917 Abirbrothoc
2100 1906 2110 1917 .
2156 1906 2166 1917 .
2211 1907 2221 1917 .

179 1959 399 2009 affedasse
436 1999 446 2009 .
484 2000 493 2009 .
531 1999 542 2009 .
581 1960 833 2010 Willelmo
859 1960 1110 2009 Meldrum
1137 1961 1197 2010 de
1222 1960 1264 2008 F
1265 1978 1410 2026 ywey
1435 1967 1484 2009 et
1508 1960 1769 2010 Elizabeth
1793 1961 1960 2025 sponse
1985 1962 2066 2009 sue
2109 2000 2117 2009 .
2158 2001 2167 2010 .
2210 2001 2219 2009 .

179 2052 390 2102 decimas
431 2054 659 2118 garbales
699 2053 930 2101 villarum
972 2054 1034 2102 de
1070 2052 1206 2101 Fiwe
1249 2082 1259 2092 ·
1303 2052 1474 2102 Mekle
1517 2053 1713 2102 Gurdas
1749 2085 1759 2094 ·
1796 2053 1933 2118 Lytil
1977 2053 2175 2102 Gurdas
2211 2081 2220 2091 ·

182 2143 498 2194 Tomalowne
536 2175 546 2184 ·
589 2145 857 2194 Haldouch
894 2175 904 2185 ·
945 2145 1177 2195 Sauchok
1212 2175 1223 2185 ·
1264 2163 1375 2194 cum
1399 2145 1685 2193 molendino
1711 2152 1759 2193 et
1785 2144 1894 2193 aliis
1930 2183 1939 2192 .
1977 2183 1986 2192 .
2025 2183 2034 2193 .
2070 2145 2220 2209 perti-

181 2237 366 2286 nenciis
405 2277 415 2286 .
453 2277 462 2286 .
500 2277 510 2286 .
544 2245 693 2302 prout
717 2238 850 2286 idem
871 2238 1152 2286 Willelmus
1177 2238 1479 2302 temporibus
1504 2237 1759 2286 retroactis
1782 2236 2011 2301 gauuisus
2036 2236 2106 2284 est
2129 2253 2219 2300 pro

181 2329 400 2378 terminis
426 2329 710 2394 quindecim
735 2348 980 2379 annorum
1003 2369 1014 2380 .
1041 2369 1051 2380 .
1078 2370 1088 2380 .
1114 2331 1327 2380 termino
1353 2330 1585 2379 introitus
1611 2367 1623 2378 .
1651 2367 1662 2378 .
1691 2366 1702 2377 .
1728 2329 1996 2393 incipiente
2021 2328 2073 2376 in
2098 2328 2218 2376 festo

185 2418 346 2470 Sanffi
363 2421 500 2470 Petri
522 2421 789 2470 aduincula
807 2423 974 2471 datam
992 2423 1301 2488 presencium
1318 2422 1601 2470 immediate
1620 2422 1850 2485 sequente
1870 2456 1881 2467 .
1903 2458 1915 2469 .
1938 2457 1949 2469 .
1971 2420 2218 2470 Soluendo

233 2548 245 2560 .
287 2550 298 2561 .
335 2513 511 2576 viginti
546 2514 698 2562 libras
736 2551 748 2562 .
788 2551 799 2563 .
839 2551 850 2563 .
883 2522 1079 2564 monete
1118 2553 1129 2564 .
1169 2553 1180 2564 .
1219 2553 1232 2565 .
1272 2514 1444 2564 Scocie
1481 2514 1544 2562 ad
1581 2550 1592 2561 .
1632 2550 1643 2561 .
1683 2549 1694 2561 .
1731 2512 1852 2562 festa
1887 2550 1899 2561 .
1938 2550 1948 2560 .
1989 2550 1999 2560 .
2038 2512 2219 2561 Pasche

182 2611 229 2652 et
255 2603 422 2654 Sanffi
446 2605 584 2654 Petri
618 2642 628 2653 .
669 2643 680 2654 .
720 2642 731 2653 .
768 2606 834 2655 Et
858 2605 894 2654 fi
919 2607 1035 2655 dieti
1067 2644 1079 2656 .
1118 2645 1130 2655 .
1170 2644 1182 2656 .
1220 2607 1273 2656 in
1305 2607 1552 2656 solucione
1591 2643 1603 2655 .
1644 2643 1655 2654 .
1695 2642 1707 2653 .
1744 2607 1807 2654 ad
1831 2606 2066 2653 terminos
2104 2641 2115 2652 .
2155 2641 2166 2653 .
2205 2641 2217 2653 .

183 2696 259 2745 vel
281 2697 410 2747 infra
433 2699 717 2763 quindecim
743 2699 847 2748 dies
875 2737 886 2748 .
920 2737 931 2748 .
973 2738 983 2748 .
1011 2699 1271 2749 deficerint
1306 2699 1476 2748 licebit
1506 2697 1647 2746 nobis
1674 2735 1685 2745 .
1726 2734 1737 2745 .
1770 2734 1781 2745 .
1808 2697 1869 2744 de
1896 2732 1907 2744 .
1942 2733 1953 2744 .
1982 2735 1991 2745 .
2019 2695 2219 2744 decimis

181 2788 243 2836 ad
276 2825 287 2835 .
322 2825 333 2836 .
368 2829 377 2838 .
409 2790 603 2839 libitum
638 2828 648 2838 .
688 2828 699 2839 .
741 2828 752 2839 .
784 2791 1043 2856 disponere
1075 2828 1087 2840 .
1128 2829 1139 2840 .
1178 2828 1189 2839 .
1224 2791 1378 2855 Apud
1410 2829 1419 2840 .
1453 2829 1462 2838 .
1497 2828 1506 2838 .
1542 2788 1810 2853 capitulum
1835 2787 1917 2835 xxi
1943 2788 2021 2835 die
2046 2788 2217 2835 menfis

181 2878 215 2927 J
217 2881 318 2929 unii
342 2899 471 2931 anno
494 2882 700 2932 Domini
729 2887 868 2931 1485.

1158 3237 1246 3281 23
