2762 3834
546 391 642 441 274
799 426 801 428 .
994 378 1416 433 REGISTRUM
1451 375 1548 425 DE
1584 370 2139 423 ABERBROTHOC.

547 521 705 568 forma
749 556 760 566 .
806 554 816 565 .
862 554 873 565 .
918 517 1022 565 Nos
1047 514 1293 562 Walterus
1318 510 1496 558 Brown
1534 546 1543 555 .
1582 546 1590 554 .
1629 545 1637 553 .
1678 522 1769 569 pro
1794 503 2031 551 tribunali
2053 504 2277 553 sedentes
2302 504 2352 552 in
2377 506 2587 568 quadam

549 611 693 660 causa
731 607 891 657 asserti
931 605 1071 669 spolii
1113 603 1255 668 glebe
1297 596 1622 648 ecclesiastice
1664 595 1864 644 ecclefie
1907 594 2204 659 parochialis
2246 596 2306 644 de
2348 595 2589 645 Rothwen

662 737 673 747 .
717 714 909 747 necnon
958 692 1253 742 visitacionis
1297 687 1604 752 recepcionis
1654 724 1665 735 .
1712 725 1722 734 .
1768 724 1780 735 .
1829 686 2043 751 episcopi
2091 686 2456 735 Dunkeldenfis
2501 704 2592 752 pro

550 790 812 842 exceffibus
835 786 1274 852 parrochianorum
1301 781 1546 831 antedicte
1571 778 1772 827 ecclesie
1797 779 1858 826 de
1884 778 2126 827 Rothwen
2150 778 2478 828 reformandis
2502 796 2592 844 per

553 923 563 932 .
663 919 673 929 .
716 878 1002 944 magistrum
1046 875 1323 924 Henricum
1360 872 1505 921 Halis
1538 870 1831 944 vicarium..
1878 907 1888 917 .
1934 904 1943 914 .
1986 878 2161 918 contra
2205 906 2215 917 .
2262 908 2272 919 .
2318 909 2329 919 .
2367 871 2592 921 abbatem

550 975 610 1021 de
637 969 1005 1021 Abbirbrothoc
1052 1005 1061 1015 .
1105 1004 1116 1015 .
1159 1003 1169 1013 .
1208 965 1388 1014 auditis
1424 963 1560 1027 prius
1585 962 1810 1026 parcium
1853 999 1863 1009 .
1906 999 1916 1009 .
1962 999 1973 1010 .
2015 962 2263 1026 peticione
2287 963 2595 1028 responsione

663 1102 672 1112 .
717 1061 1009 1124 testiumque
1052 1056 1443 1123 deposicionibus
1492 1092 1504 1103 .
1557 1092 1567 1102 .
1620 1091 1630 1101 .
1679 1052 1988 1102 declaramus
2028 1054 2271 1116 prefatum
2312 1055 2598 1120 magistrum

555 1155 828 1204 Henricum
855 1150 1057 1200 ecclesie
1088 1149 1279 1214 prefate
1315 1148 1376 1195 de
1413 1146 1657 1195 Rothwen
1694 1145 1931 1194 vicarium
1966 1146 2028 1194 ad
2061 1148 2405 1211 recepcionem
2440 1148 2598 1199 visita-

554 1247 674 1295 toris
721 1283 731 1292 .
778 1282 788 1292 .
835 1280 846 1291 .
888 1241 1102 1307 episcopi
1142 1277 1154 1288 .
1200 1277 1210 1287 .
1255 1277 1265 1287 .
1302 1256 1392 1304 pro
1432 1236 1699 1286 exceffibus
1737 1238 1934 1285 suorum
1970 1238 2412 1301 parrochianorum
2448 1241 2602 1288 refor-

555 1336 746 1385 mandis
785 1333 1179 1398 compellandum
1222 1331 1328 1379 fore
1378 1368 1388 1377 .
1445 1367 1455 1378 .
1505 1367 1516 1378 .
1562 1328 1869 1377 venerabiles
1906 1346 2023 1376 vero
2064 1338 2230 1394 patres
2272 1332 2498 1381 abbatem
2541 1334 2602 1381 de

556 1426 893 1476 Abirbrothoc
919 1432 967 1473 et
1011 1463 1021 1472 .
1069 1461 1079 1472 .
1126 1462 1137 1472 .
1176 1430 1475 1472 conuentum
1514 1459 1525 1470 .
1566 1459 1576 1470 .
1617 1458 1628 1470 .
1666 1439 1696 1470 a
1726 1421 2044 1471 restitucione
2068 1423 2259 1487 prefate
2283 1424 2424 1488 glebe
2449 1426 2604 1474 eccle-

555 1519 739 1568 siastice
782 1518 844 1566 ab
886 1517 955 1565 eis
992 1534 1081 1581 per
1123 1516 1306 1564 dictum
1349 1514 1589 1563 vicarium
1627 1513 1784 1578 petita
1826 1554 1835 1562 .
1879 1554 1887 1562 .
1932 1553 1940 1562 .
1985 1515 2308 1564 absoluendos
2349 1517 2455 1565 fore
2494 1557 2503 1566 .
2542 1557 2551 1566 .
2592 1557 2602 1566 .

558 1612 740 1659 dictum
768 1609 1006 1657 vicarium
1031 1608 1083 1656 in
1109 1606 1329 1672 expensis
1359 1606 1446 1655 lite
1482 1605 1623 1655 factis
1647 1613 1695 1655 et
1719 1606 1895 1655 fiendis
1929 1607 2069 1657 iuxta
2103 1608 2318 1657 nostram
2355 1610 2604 1659 modifica-

560 1703 750 1751 cionem
812 1701 1230 1764 condempnant-es
1276 1699 1489 1763 ipsarum
1538 1707 1703 1747 tamen
1751 1699 2073 1763 expensarum
2128 1702 2387 1750 taxacione
2441 1702 2607 1750 nostro

560 1793 743 1842 iudicio
768 1793 819 1840 in
844 1791 1091 1857 posterum
1117 1791 1366 1840 reseruata
1404 1819 1414 1829 ·
1459 1790 1611 1839 Lefita
1644 1790 1745 1839 lata
1769 1799 1818 1840 et
1842 1791 1894 1839 in
1920 1791 2114 1856 scriptis
2148 1793 2351 1842 reda&a
2385 1794 2478 1842 fuit
2514 1794 2606 1843 hec

562 1885 727 1933 nostra
757 1884 1005 1933 sentencia
1039 1883 1301 1931 diffinitiua
1338 1883 1388 1930 in
1429 1882 1634 1931 ecclesia
1666 1882 1940 1931 cathedrali
1971 1883 2312 1933 Dunkeldenfi
2350 1886 2458 1934 loco
2496 1903 2609 1934 con-

565 1977 794 2025 cistoriali
830 1977 1041 2024 eiusdem
1067 1975 1238 2024 vltimo
1275 1975 1355 2023 die
1380 1974 1556 2023 mensis
1581 1973 1843 2023 Februarii
1866 1975 1991 2024 hora
2015 1993 2148 2024 nona
2172 1977 2250 2026 vel
2275 1978 2471 2027 eocirca
2495 1988 2609 2028 ante

566 2070 829 2118 merediem
857 2085 987 2116 anno
1012 2067 1217 2116 Domini
1242 2052 1498 2116 millesimo
1523 2068 2006 2132 quadringentesimo
2042 2070 2358 2134 nonogesimo
2395 2071 2609 2120 secundo

568 2200 577 2209 .
612 2200 620 2209 .
656 2200 665 2209 .
703 2159 1011 2224 presentibus
1049 2196 1059 2206 .
1102 2197 1112 2207 .
1153 2196 1164 2207 .
1200 2159 1445 2223 magistris
1471 2167 1520 2208 et
1546 2159 1758 2208 dominis
1783 2187 1793 2198 ·
1819 2159 1988 2208 Dauid
2009 2160 2233 2210 Coldane
2258 2163 2542 2212 succentore
2568 2172 2616 2213 et

570 2252 764 2300 Thoma
783 2251 984 2300 Huntar
1003 2251 1242 2300 canonico
1265 2250 1606 2300 Dunkeldensi
1626 2268 1684 2300 ac
1703 2252 2033 2315 prebendario
2053 2253 2114 2301 de
2134 2252 2586 2319 Inchmagranocht
2604 2286 2614 2295 ·

569 2343 821 2392 Willelmo
846 2343 1034 2392 Laicok
1076 2371 1086 2380 ·
1127 2342 1359 2391 Johanne
1385 2342 1574 2391 Betone
1617 2371 1628 2382 ·
1674 2343 1927 2408 Stephano
1954 2343 2137 2410 Young
2179 2374 2190 2385 ·
2233 2346 2431 2395 vicariis
2461 2348 2615 2397 eccle·

572 2435 747 2482 siarum
767 2434 1149 2498 parrochialium
1176 2435 1237 2482 de
1264 2434 1417 2483 Retre
1454 2462 1463 2471 ·
1500 2434 1752 2501 Lethindy
1786 2464 1795 2473 ·
1832 2443 1882 2484 et
1906 2435 2097 2502 Kyllyn
2129 2465 2139 2474 ·
2167 2437 2203 2485 J
2206 2437 2399 2486 ohanne
2425 2439 2615 2488 Penne-

575 2525 705 2590 cuyk
731 2533 779 2573 et
806 2526 1034 2574 Gilberto
1059 2526 1241 2574 Brown
1266 2526 1472 2575 notariis
1495 2527 1707 2591 publicis
1749 2567 1758 2576 .
1802 2566 1812 2576 .
1857 2567 1865 2576 .

642 2615 897 2664 Johannes
928 2617 1114 2665 Boncle
1152 2654 1163 2665 .
1204 2655 1215 2665 .
1256 2655 1266 2666 .
1303 2619 1525 2667 notarius
1563 2656 1574 2667 .
1615 2656 1626 2667 .
1665 2657 1676 2668 .

576 2791 973 2863 Perambulacio
1009 2822 1251 2862 terrarum
1292 2814 1493 2864 ecclesie
1532 2817 1593 2865 de
1628 2818 1990 2884 Aberkeyrdor
2027 2827 2311 2870 vocatarum
2339 2820 2543 2888 Yochry
2567 2831 2616 2872 et

578 2904 867 2969 Achbrady.

430 3080 527 3130 339
580 3046 855 3119 Uniuersis
891 3067 1049 3115 sanae
1074 3068 1244 3116 matris
1269 3069 1471 3118 ecclesie
1494 3070 1607 3119 filiis
1630 3074 1692 3121 ad
1717 3091 1923 3138 quorum
1949 3077 2159 3126 noticias
2182 3078 2429 3142 presentes
2454 3079 2617 3128 littere

578 3159 897 3223 peruenerint
931 3158 964 3207 J
969 3159 1149 3207 acobus
1175 3158 1386 3224 Ogylwy
1413 3161 1473 3209 de
1499 3161 1717 3211 Desfurd
1743 3165 1882 3215 miles
1922 3195 1934 3206 ·
1975 3168 2253 3217 Willelmus
2286 3169 2532 3218 Meldrum
2558 3171 2618 3218 de

2760 362 2762 441 ἴ

2760 485 2762 524 1

2761 573 2762 622 l

2761 666 2762 690 κ
