2742 3848
648 421 1079 474 REGISTRUM
1111 422 1213 472 DE
1248 420 1813 473 ABERBROTHOC.
2166 428 2264 477 449

50 653 146 703 603
196 625 351 699 Idem
374 645 624 710 presentat
647 647 907 697 dominum
932 647 1181 698 Thomam
1204 647 1454 699 Merchell
1470 648 1714 699 vicarium
1738 654 2036 714 perpetuum
2061 646 2265 697 ecclefie

195 738 522 804 parrochialis
545 738 607 788 de
633 739 785 789 Stobo
807 740 1126 807 Glasguenfis
1145 741 1351 792 diocefis
1369 742 1516 792 causa
1531 740 1922 807 permutacionis
1941 740 2006 790 ad
2024 739 2264 790 vicariam

193 839 486 898 perpetuam
522 830 727 882 eoeleste
762 833 825 882 de
857 833 1096 883 Abirloth
1130 832 1489 885 Sanctiandree
1525 833 1731 884 diocefis
1762 850 1876 883 cum
1900 849 2081 882 vacare
2107 832 2264 882 conti-

193 924 324 989 gerit
345 941 438 990 per
460 924 853 991 refignacionem
877 925 1067 975 domini
1091 925 1127 976 J
1129 926 1274 977 acobi
1298 926 1608 993 Lekpreuyk
1631 955 1643 967 ·
1669 926 1735 976 26
1759 924 1795 975 J
1797 925 1903 975 unii
1932 929 2079 974 1525.

50 1206 142 1256 604
195 1181 348 1254 Idem
375 1202 556 1253 affedat
591 1221 683 1269 pro
719 1205 1051 1254 nouendecim
1087 1205 1231 1255 annis
1266 1206 1550 1256 honorabili
1574 1206 1682 1255 viro
1719 1214 1768 1256 et
1804 1209 1963 1256 amico
1991 1206 2077 1255 suo
2114 1206 2260 1255 bene-

195 1297 372 1347 merito
407 1296 560 1347 Petro
599 1297 921 1364 Carmychell
956 1298 1018 1347 de
1054 1298 1201 1348 Dron
1237 1306 1288 1348 et
1326 1298 1555 1348 Eufamie
1579 1298 1772 1365 Vemys
1808 1298 1979 1364 sponse
2001 1299 2086 1347 sue
2121 1298 2262 1346 here-

195 1390 338 1439 dibus
378 1391 476 1439 suis
498 1399 548 1441 et
573 1390 824 1457 affignatis
861 1393 1209 1442 executoribus
1230 1394 1285 1441 ‘et
1308 1391 1681 1441 subtenentibus
1717 1391 1934 1440 decimas
1957 1391 2188 1456 garbales
2213 1399 2263 1440 et

193 1483 379 1531 fructus
403 1483 607 1532 ecclefie
633 1484 695 1532 de
720 1484 1009 1550 Abirnethy
1034 1502 1146 1534 cum
1182 1485 1421 1534 fructibus
1447 1493 1497 1534 et
1521 1484 1727 1533 decimis
1750 1483 2038 1549 garbalibus
2071 1483 2261 1548 capelle

195 1575 256 1623 de
280 1573 426 1623 Dron
454 1592 667 1624 vnacum
692 1575 840 1625 terri's
866 1576 928 1624 de
954 1575 1163 1626 Belloch
1189 1577 1378 1626 vocatis
1397 1577 1531 1626 infra
1553 1576 1956 1626 vicecomitatum
1980 1577 2043 1625 de
2067 1575 2224 1626 Perht
2251 1606 2261 1616 ·

194 1666 471 1716 Reddendo
528 1667 765 1716 summam
812 1668 1293 1734 quadringentarum
1354 1669 1689 1735 quadraginta
1734 1685 2015 1718 marcarum
2062 1676 2260 1718 monete

196 1758 370 1808 Scocie
407 1787 417 1797 ·
452 1759 741 1824 incipiendo
776 1760 989 1825 primam
1025 1760 1325 1811 solucionem
1362 1763 1427 1811 ad
1458 1762 1636 1811 festum
1672 1761 1859 1811 Pasche
1894 1761 2118 1826 proxime
2153 1762 2263 1825 post

195 1853 327 1901 diem
352 1852 466 1901 date
490 1852 800 1918 presencium
837 1881 847 1891 ·
885 1852 1182 1902 defalcando
1219 1860 1386 1903 tamen
1411 1854 1542 1902 dim
1567 1853 1719 1903 Petro
1747 1861 1796 1902 et
1821 1853 2000 1902 ceteris
2025 1853 2260 1902 summam

196 1945 373 2011 viginti
391 1962 672 1994 marcarum
697 1944 914 1994 eiusdem
938 1953 1135 1995 monete
1161 1946 1214 1994 in
1240 1945 1491 1995 solucione
1509 1945 1704 2012 integre
1730 1946 1914 1995 summe
1940 1946 2011 1995 eis
2035 1945 2089 1994 in
2114 1946 2260 1994 feodo

193 2039 276 2086 suo
300 2055 392 2103 pro
417 2037 637 2088 seruiciis
662 2045 712 2087 et
736 2037 1055 2087 benemeritis
1080 2038 1247 2088 abbati
1270 2038 1618 2104 impendendis
1638 2039 1891 2088 annuatim
1920 2038 2229 2088 allocandam
2249 2068 2258 2077 ·

193 2134 257 2178 25
281 2129 407 2179 Julii
435 2134 582 2179 1525.

24 2411 28 2477 ξ
52 2413 141 2463 605
194 2390 347 2463 Idem
374 2415 556 2464 affedat
579 2431 672 2480 pro
692 2415 924 2464 vndecim
949 2414 1093 2464 annis
1116 2415 1425 2464 Allexandro
1444 2413 1638 2463 Burnet
1663 2414 1725 2462 de
1748 2412 1882 2478 Leys
1908 2440 1918 2451 ·
1944 2411 2256 2460 Allexandro

195 2505 386 2556 Burnet
410 2514 460 2555 et
483 2507 719 2573 magistro
737 2506 989 2556 Duncano
1009 2506 1202 2556 Burnet
1222 2506 1318 2556 suis
1333 2506 1448 2555 filiis
1472 2534 1482 2545 ·
1508 2513 1559 2554 et
1578 2522 1750 2554 eorum
1769 2503 2019 2569 affignatis
2038 2503 2256 2552 decimas

190 2598 417 2662 garbales
442 2598 644 2648 ecclefie
670 2600 732 2648 de
757 2598 1216 2665 Banquhorytcrny
1251 2630 1261 2641 -
1302 2598 1554 2650 Soluendo
1589 2597 1722 2647 infra
1750 2594 2103 2645 monasterium
2128 2597 2256 2644 οᾶο-

190 2690 330 2753 ginta
352 2691 596 2740 tredecim
620 2691 773 2740 libras
800 2693 882 2740 sex
906 2692 1087 2740 solidos
1111 2699 1162 2741 et
1187 2694 1297 2740 οᾶο
1322 2691 1555 2741 denarios
1586 2698 1785 2739 monete
1824 2688 1998 2739 Scocie
2035 2689 2098 2737 ad
2133 2688 2255 2736 festa

194 2782 563 2833 Transsacionis
608 2783 777 2834 Sancti
815 2784 1011 2833 Thome
1047 2784 1266 2833 martiris
1301 2783 1501 2850 patroni
1536 2782 1826 2832 monasterii
1864 2789 1915 2831 et
1957 2781 2253 2831 Natiuitatis

44 2801 51 2917 l
194 2874 355 2924 sanae
378 2875 479 2925 Dei
502 2877 760 2941 genitricis
786 2877 949 2926 Marie
974 2877 1054 2925 vel
1088 2877 1222 2926 infra
1247 2876 1426 2942 viginti
1451 2876 1557 2925 dies
1594 2904 1604 2914 ·
1643 2883 1693 2924 et
1716 2874 2021 2924 inueniendo
2048 2874 2251 2922 chorum

194 2968 393 3018 ecclefie
413 2968 467 3018 in
492 2969 700 3019 edificiis
719 2970 923 3019 teauris
943 2969 1180 3019 calicibus
1195 2969 1336 3018 libris
1357 2968 1534 3018 casulis
1558 2967 1682 3017 albis
1707 2984 1818 3016 cum
1845 2967 1955 3015 aliis
1973 2964 2251 3015 necessariis

190 3060 254 3108 ad
278 3059 533 3110 ecclefiam
558 3061 760 3110 racione
785 3061 996 3111 reo-,orie
1019 3060 1387 3126 pertinentibus
1408 3087 1418 3097 ·
1444 3063 1475 3107 2
1503 3059 1809 3124 Septembris
1836 3061 1983 3107 1525.
