2762 3834
0 1185 7 1445 ι

592 365 1017 416 REGISTRUM
1052 366 1148 415 DE
1185 367 1742 420 ABERBROTHOC.
2090 381 2185 424 235

147 503 319 553 Banffe
345 509 394 551 et
418 500 771 564 Innerbundye
808 538 817 547 .
855 538 864 547 .
902 538 911 547 .
949 499 1152 547 decimis
1183 508 1342 549 tamen
1371 503 1432 550 de
1459 502 1897 570 Innerquhentyne
1923 504 2185 556 Ardband-

144 614 270 662 gane
293 603 340 644 et
359 593 641 657 Dulloqhue
664 592 881 656 exceptis
901 608 992 655 pro
1019 592 1240 639 terminis
1262 590 1588 657 septendecim
1613 612 1853 643 annorum
1880 636 1888 644 .
1976 598 2186 647 termino

147 705 262 737 vero
287 687 519 745 introitus
555 725 564 734 .
599 724 609 733 .
647 724 655 733 .
693 682 963 747 incipiente
987 682 1039 729 in
1065 682 1185 730 festo
1215 683 1378 732 Samffi
1402 685 1539 734 Petri
1565 687 1696 750 quod
1721 687 1903 736 dicitur
1924 689 2187 738 aduincula

146 782 308 831 datam
333 778 641 844 presencium
664 775 945 824 immediate
978 773 1208 838 sequente
1234 783 1282 824 et
1307 776 1370 825 fic
1397 778 1730 827 continuando
1762 820 1771 829 .
1807 821 1815 828 .
1851 820 1859 829 .
1894 781 1954 829 de
1980 799 2109 830 anno
2134 783 2187 831 in

146 889 327 921 annum
361 911 370 919 .
404 910 414 919 .
449 909 458 918 .
499 868 748 919 Soluendo
791 907 800 916 .
845 906 854 915 .
897 907 906 915 .
947 866 1277 931 quadraginta
1312 876 1522 931 quatuor
1545 870 1695 919 libras
1727 911 1736 919 .
1770 912 1778 920 .
1812 911 1821 920 .
1853 881 2095 923 monete..
2133 914 2142 923 .
2176 915 2185 923 .

149 963 320 1014 Scocie
346 963 409 1011 ad
444 1002 452 1011 .
491 1002 500 1010 .
539 1001 547 1010 .
585 961 707 1009 festa
742 999 750 1008 .
790 1000 797 1008 .
837 999 845 1007 .
882 957 1199 1007 Pentecostes
1231 965 1280 1006 et
1305 958 1469 1008 San&
1492 960 1631 1010 Petri
1655 963 1787 1025 quod
1811 963 1991 1011 dicitur
2016 965 2188 1032 aduin-

147 1055 257 1105 cula
292 1055 371 1102 vel
407 1054 537 1101 infra
571 1052 749 1117 viginti
792 1051 897 1099 dies
928 1090 937 1099 .
975 1090 984 1099 .
1019 1089 1028 1098 .
1065 1049 1196 1097 infra
1228 1087 1237 1097 .
1275 1088 1284 1097 .
1323 1087 1334 1097 .
1365 1050 1714 1099 monasterium
1755 1054 1816 1101 de
1854 1054 2187 1109 Abirbrothoc

147 1189 155 1197 .
194 1189 201 1196 .
238 1187 246 1196 .
284 1147 350 1195 Et
374 1146 406 1194 fi
433 1146 690 1210 contingat
723 1184 732 1193 .
769 1183 779 1193 .
817 1183 826 1192 .
862 1141 1159 1207 prescriptos
1193 1141 1246 1188 in
1281 1141 1528 1191 solucione
1564 1183 1573 1192 .
1613 1184 1621 1192 .
1661 1184 1669 1192 .
1703 1146 1768 1193 ad
1798 1147 2040 1198 terminos,
2059 1147 2186 1196 diem

130 1239 195 1290 *et
218 1239 378 1288 locum
404 1237 774 1303 prenominatos
802 1273 817 1283 .
841 1273 852 1284 .
882 1273 892 1283 .
920 1234 1132 1283 deficere
1164 1270 1174 1280 .
1207 1269 1218 1280 .
1253 1270 1264 1280 .
1296 1233 1484 1282 licitum
1519 1235 1613 1284 erit
1637 1236 1777 1284 nobis
1816 1274 1826 1286 .
1867 1275 1877 1285 .
1917 1276 1926 1285 .
1963 1240 2023 1286 de
2049 1238 2188 1286 diesis

151 1371 161 1380 .
201 1370 211 1380 .
251 1369 261 1379 .
298 1330 502 1379 decimis
538 1367 548 1378 .
586 1367 595 1377 .
634 1366 644 1376 .
677 1327 895 1392 exceptis
918 1326 1056 1390 prius
1081 1324 1298 1389 exceptis
1323 1325 1386 1373 ad
1423 1363 1433 1373 .
1475 1363 1485 1373 .
1526 1362 1537 1373 .
1572 1326 1764 1375 libitum
1805 1366 1815 1376 .
1842 1366 1852 1376 .
1883 1367 1893 1377 .
1932 1331 2188 1394 disponere

150 1462 160 1471 .
193 1461 202 1472 .
240 1460 251 1471 .
282 1422 342 1470 In
369 1422 506 1470 cuius
530 1420 604 1470 rei
630 1419 961 1469 testimonium
981 1417 1189 1482 sigillum
1211 1434 1470 1466 commune
1491 1418 1693 1482 capituli
1712 1419 1861 1467 nostri
1883 1422 2188 1485 presentibus

148 1516 217 1563 est
242 1514 505 1579 appensum
531 1530 628 1561 vna
654 1529 763 1560 cum
790 1511 1115 1560 roboracione
1142 1509 1421 1558 nostrarum
1451 1508 1864 1574 subscripcionum
1888 1514 2189 1570 manualium

149 1608 277 1670 apud
302 1607 482 1655 diaum
508 1604 856 1653 monasterium
883 1602 1111 1652 vicesimo
1132 1604 1192 1651 vto
1210 1602 1289 1650 die
1308 1601 1483 1650 mensis
1509 1601 1807 1652 Nouembris
1832 1621 1961 1652 anno
1987 1604 2190 1653 Domini

152 1704 292 1750 1485.

149 1952 360 2025 Littera
382 1972 534 2021 ballii.

15 2181 94 2226 231
149 2134 423 2208 Uniuerfis
444 2163 612 2221 pateat
640 2194 649 2204 .
679 2194 688 2204 .
723 2194 734 2204 .
767 2173 855 2204 nos
882 2156 1048 2204 Dauid
1082 2193 1092 2203 .
1126 2193 1137 2203 .
1175 2193 1185 2203 .
1221 2156 1443 2204 abbatem
1481 2196 1489 2204 .
1528 2196 1537 2204 .
1576 2196 1584 2204 .
1623 2158 1683 2205 de
1709 2156 2044 2207 Abirbrothoc
2078 2195 2089 2206 .
2128 2195 2138 2207 .
2179 2196 2190 2207 .

144 2248 301 2297 fecisse
335 2289 343 2297 .
381 2288 391 2297 .
429 2288 438 2297 .
480 2248 725 2297 Jacobum
765 2247 951 2313 Ogilvy
990 2248 1050 2295 de
1090 2246 1215 2312 Erly
1259 2247 1463 2296 militem
1508 2256 1555 2296 et
1589 2247 1870 2296 Johannem
1909 2248 2095 2314 Ogiluy
2131 2250 2190 2303 de

147 2340 437 2389 Ballindoch
474 2340 577 2389 eius
612 2339 767 2387 filium
803 2347 852 2387 et
888 2345 1209 2403 apparentem
1249 2338 1479 2386 heredem
1517 2338 1707 2386 nostros
1733 2357 1873 2387 veros
1898 2339 2190 2388 iusticiarios

147 2431 439 2480 camerarios
459 2438 507 2479 et
524 2431 733 2480 balliuos
751 2447 842 2496 pro
863 2429 1085 2478 terminis
1110 2430 1334 2478 vndecim
1358 2448 1598 2478 annorum
1619 2430 1726 2494 post
1745 2431 1929 2480 obitum
1948 2431 1982 2479 J
1986 2432 2191 2479 ohannis

152 2521 335 2588 Ogilvy
375 2523 435 2570 de
476 2522 742 2570 Luntreith
778 2521 948 2570 militis
983 2520 1138 2568 nostri
1173 2521 1345 2569 balliui
1382 2521 1605 2569 moderni
1642 2561 1651 2570 .
1689 2562 1697 2570 .
1736 2562 1745 2570 .
1786 2522 1911 2571 Cum
1953 2517 2190 2586 potestate

152 2654 164 2663 .
198 2652 209 2663 .
247 2653 256 2663 .
293 2616 552 2680 deputatos
593 2613 679 2661 sub
723 2613 792 2661 eis
833 2612 1132 2660 substatuere
1174 2651 1184 2660 .
1219 2651 1230 2661 .
1268 2651 1277 2661 .
1315 2613 1381 2661 Et
1423 2613 1736 2662 concedimus
1776 2615 1907 2677 quod
1940 2614 2052 2663 dicti
2087 2654 2096 2663 .
2132 2604 2143 2663 ⁵.
2181 2655 2190 2664 .

150 2708 396 2771 gaudeant
430 2706 516 2754 illo
552 2706 696 2754 feodo
722 2722 819 2769 quo
850 2721 983 2752 nunc
1018 2705 1237 2769 gaudent
1275 2712 1496 2769 tempore
1534 2704 1839 2769 presencium
1882 2712 1934 2753 ut
1971 2705 2190 2769 deputati

152 2797 266 2846 (Ιὶἃί
302 2797 488 2845 domini
525 2796 772 2845 Johannis
813 2795 1000 2861 Ogilvy
1041 2796 1211 2845 militis
1257 2796 1548 2845 durantibus
1590 2797 1899 2861 temporibus
1928 2797 2191 2861 prediffis·

150 2888 332 2937 Datum
359 2927 370 2937 .
396 2927 407 2937 .
434 2927 443 2937 .
470 2890 603 2953 apud
628 2928 636 2937 .
666 2926 677 2937 .
704 2928 713 2937 .
738 2888 1007 2952 capitulum
1042 2888 1157 2936 xxvi
1195 2887 1273 2936 die
1306 2888 1482 2936 mensis
1507 2887 1808 2958 Nouembris
1833 2905 1962 2936 anno
1986 2887 2189 2937 Domini

154 2983 291 3029 1485.
