2762 3834
640 389 1072 442 REGISTRUM
1106 390 1204 440 DE
1240 390 1801 442 ABERBROTHOC.
2194 396 2255 441 41
2303 464 2305 466 η

182 528 357 584 portus
386 522 464 571 vbi
501 532 804 574 mercatores
842 544 954 575 cum
996 526 1092 574 suis
1130 526 1342 575 nauibus
1375 535 1424 576 et
1460 527 1778 577 mercandifis
1818 527 2131 592 applicarent
2168 543 2257 591 per

184 622 412 679 tempora
437 616 674 666 dluturna
699 618 1036 667 sustinuerunt
1061 626 1110 668 et
1135 619 1196 668 de
1223 621 1303 669 die
1328 621 1380 669 in
1407 621 1538 670 diem
1570 621 1809 670 sustinent
1843 621 1962 670 hinc
1994 621 2111 670 inde
2145 638 2258 669 con-

182 707 408 759 fideratis
451 728 511 760 ex
553 720 696 777 parte
740 713 898 762 altera
939 741 949 751 ·
988 713 1216 763 Tandem
1268 753 1279 761 .
1331 753 1342 764 .
1396 752 1406 763 .
1455 716 1505 763 in
1547 716 1681 765 hunc
1715 716 1919 764 modum
1956 715 2106 764 restat
2143 732 2256 764 con·

184 804 444 853 cordatum
482 806 716 856 videlicet
757 808 891 871 quod
930 808 1080 857 abbas
1120 816 1168 857 et
1208 816 1483 857 conuentus
1521 809 1786 873 supradifiti
1828 809 1940 857 loco
1979 808 2255 873 peritorum

182 896 369 945 iudicio
400 899 728 947 eminenciori
764 907 962 964 portum
997 900 1261 949 salutarem
1297 901 1429 950 dieto
1464 903 1624 968 burgo
1661 903 1933 967 sumptibus
1969 903 2064 950 suis
2115 940 2126 951 .
2180 939 2190 950 .
2243 939 2252 949 .

182 990 246 1037 ad
294 1007 440 1054 quem
491 999 540 1040 et
594 992 645 1039 in
695 1010 793 1056 quo
840 1010 995 1041 naues
1044 994 1297 1058 applicare
1345 995 1545 1044 valeant
1598 1003 1648 1045 et
1692 996 1745 1044 in
1794 996 1898 1061 ipso
1947 996 2255 1061 applicantes

181 1082 329 1146 ipfius
373 1084 525 1133 maris
570 1086 780 1134 fluxibus
826 1094 890 1135 et·
919 1087 1189 1135 refluxibus
1233 1104 1333 1135 non
1381 1087 1688 1137 obstantibus
1734 1088 1865 1138 salue
1910 1091 2160 1154 quiescere
2206 1098 2254 1139 et

183 1176 444 1226 stationem
468 1178 655 1228 habere
674 1180 895 1229 securam
916 1180 1052 1228 omni
1077 1180 1334 1229 celeritate
1357 1180 1566 1245 poffibili
1593 1181 1895 1231 edificabunt
1921 1182 2252 1232 construffum

182 1270 565 1336 edificatumque
612 1272 977 1337 imperpetuum
1021 1272 1363 1322 sustentabunt
1398 1303 1408 1312 ·
1449 1274 1713 1338 burgenses
1746 1292 1864 1323 vero
1901 1275 2047 1340 burgi
2090 1276 2252 1340 supra—

181 1363 298 1411 dicti
339 1364 392 1412 in
435 1364 715 1413 huiusmodi
759 1372 934 1430 portus
979 1366 1302 1414 edificacione
1345 1365 1581 1433 auxilium
1628 1365 1726 1414 tale
1772 1366 2077 1416 exhibebunt
2119 1369 2254 1432 quod

179 1456 453 1520 sumptibus
500 1456 597 1505 suis
643 1457 836 1522 lapides
885 1475 1056 1507 omncs
1103 1457 1323 1507 sabolum
1372 1465 1421 1506 et
1469 1458 1567 1506 alia
1621 1467 1794 1523 portus
1842 1460 2250 1511 construdtionem

179 1549 515 1613 impediencia
548 1551 879 1600 removebunt
916 1568 974 1600 ac
1010 1550 1159 1600 semel
1192 1551 1377 1599 dietum
1414 1558 1613 1615 portum
1648 1553 1935 1617 purgabunt
1961 1572 1990 1602 a
2014 1555 2178 1603 sabolo
2205 1564 2253 1604 et

179 1642 427 1706 lapidibus
466 1660 578 1692 cum
614 1660 706 1708 pro
733 1644 864 1692 dieto
899 1660 1049 1708 opere
1087 1643 1392 1693 conueniens
1427 1644 1580 1694 fuerit
1606 1652 1656 1693 et
1690 1647 1879 1695 necefl'e
1906 1647 2253 1697 continuantes

179 1734 337 1783 eciam
378 1734 558 1784 difimm
602 1735 988 1785 mundacionem
1025 1754 1055 1785 a
1094 1736 1212 1785 dieti
1250 1743 1424 1801 portus
1462 1737 1651 1786 fabrice
1691 1738 1842 1787 inicio
1885 1740 2032 1804 usque
2070 1741 2252 1790 dictum

179 1843 302 1891 opus
326 1827 478 1877 fuerit
502 1827 855 1892 perimpletum
894 1858 905 1868 -
939 1828 1117 1878 archas
1143 1846 1314 1878 omnes
1338 1847 1430 1895 pro
1455 1839 1604 1895 portu
1630 1831 1884 1881 ordinatas
1909 1834 1971 1881 ad
1998 1834 2251 1883 confilium

178 1919 525 1985 magistrorum
561 1920 842 1986 implebunt
878 1930 928 1972 et
963 1922 1201 1972 locabunt
1240 1941 1298 1972 ac
1336 1923 1586 1989 lapidibus
1624 1926 1904 1975 onerabunt
1942 1927 2006 1975 ad
2042 1928 2251 1992 primam

179 2013 556 2062 edificacionem
578 2022 753 2079 portus
776 2015 1042 2080 supradififi
1081 2044 1091 2055 ·
1128 2015 1460 2066 instrumenta
1485 2025 1622 2066 certa
1647 2019 1710 2066 ad
1737 2019 1830 2068 hec
1854 2020 2043 2069 scilicet
2067 2039 2253 2087 vangas

178 2106 388 2155 tribulos
425 2115 475 2156 et
512 2108 749 2174 gavyllox
787 2108 978 2157 ferreos
1005 2126 1176 2158 eorum
1203 2108 1434 2177 expensis
1460 2110 1722 2160 inuenient
1758 2141 1769 2151 ·
1808 2113 1907 2162 alia
1931 2131 2050 2162 vero
2074 2114 2252 2164 instru-

179 2207 347 2248 menta
372 2207 421 2249 et
447 2217 602 2250 onera
626 2202 778 2250 abbas
798 2208 848 2251 et
868 2209 1144 2252 conuentus
1181 2241 1191 2251 .
1234 2241 1243 2251 .
1285 2241 1295 2251 .
1330 2203 1562 2253 subibunt
1596 2233 1606 2243 ·
1642 2205 1708 2254 Et
1733 2206 1851 2270 quia
1874 2207 1925 2255 in
1951 2207 2251 2258 fundacione

178 2302 350 2356 portus
370 2293 638 2358 supradffli
661 2295 874 2360 expense
899 2313 1079 2361 magne
1101 2304 1150 2345 et
1174 2296 1371 2345 labores
1395 2297 1538 2346 multi
1565 2297 1890 2362 requiruntur
1911 2299 2043 2363 quasi
2068 2300 2250 2366 impor-

178 2385 354 2435 tabiles
379 2387 705 2453 burgensibus
745 2426 755 2436 .
803 2426 813 2436 .
858 2426 869 2437 .
909 2389 1133 2454 obligant
1158 2388 1206 2439 se
1246 2427 1257 2438 .
1300 2427 1310 2437 .
1356 2428 1366 2438 .
1403 2390 1673 2455 burgenses
1698 2391 1907 2440 heredes
1932 2394 2042 2441 suos
2068 2402 2117 2443 et
2142 2395 2250 2442 suos

179 2477 443 2544 affignatos
469 2489 584 2530 ante
617 2481 980 2531 confectionem
1016 2482 1163 2531 huius
1199 2483 1467 2532 indenture
1505 2492 1605 2533 tres
1632 2484 1862 2533 denarios
1900 2485 2250 2552 sterlingorum

179 2571 240 2619 de
275 2572 497 2636 qualibet
534 2573 781 2638 perticata
819 2582 954 2623 terre
992 2574 1127 2623 infra
1164 2575 1378 2642 burgum
1415 2576 1575 2642 ipsum
1607 2577 1809 2641 jacente
1846 2579 2012 2627 abbati
2050 2587 2099 2628 et
2136 2598 2250 2629 con-

180 2664 353 2713 uentui
389 2702 399 2713 .
437 2703 448 2713 .
487 2703 497 2713 .
532 2664 736 2731 singulis
762 2666 906 2715 annis
932 2667 1052 2716 dare
1083 2697 1092 2707 ·
1130 2670 1388 2719 consuetos
1414 2670 1536 2719 alios
1562 2677 1662 2719 tres
1689 2671 1920 2720 denarios
1945 2672 2006 2721 de
2032 2673 2250 2736 qualibet

179 2758 424 2821 perticata
448 2766 582 2808 terre
608 2777 756 2824 quam
786 2760 839 2809 in
865 2761 995 2810 diao
1020 2762 1181 2828 burgo
1207 2763 1434 2827 optinere
1459 2763 1733 2812 noscuntur
1759 2764 2002 2814 consuetis
2029 2766 2250 2815 terminis

180 2857 229 2899 et
276 2850 478 2916 singulis
527 2853 671 2900 annis
717 2853 770 2901 in
818 2854 1041 2903 futurum
1089 2855 1283 2921 semper
1322 2857 1525 2906 daturos
1573 2884 1583 2894 ·
1632 2864 1681 2905 et
1718 2856 1784 2905 fic
1827 2858 2055 2908 edificato
2102 2868 2249 2924 portu

180 2944 241 2992 de
279 2944 500 3008 qualibet
537 2952 783 3010 perticata
815 2954 950 2996 terre
991 2948 1044 2996 in
1081 2949 1212 2997 diffluo
1245 2949 1406 3012 burgo
1442 2949 1643 3013 jacente
1682 2949 1848 2998 abbati
1887 2957 1937 2999 et
1981 2954 2247 3001 conuentui

244 3075 253 3085 .
308 3075 319 3086 .
362 3036 445 3085 sex
471 3038 705 3087 denarios
741 3038 1095 3105 inperpetuum
1133 3042 1419 3092 reddituros
1455 3072 1467 3083 ·
1505 3051 1607 3092 tres
1633 3061 1751 3092 vero
1778 3045 2010 3093 denarios
2045 3046 2245 3095 racione

182 3131 520 3204 edificacionis
568 3140 743 3196 portus
788 3133 1071 3198 persoluere
1120 3135 1365 3200 obligatos
1412 3136 1575 3201 primo
1623 3154 1755 3185 anno
1802 3137 2087 3202 persoluent
2135 3156 2245 3188 cum

176 3224 320 3273 nauis
346 3242 445 3273 vna
467 3224 519 3273 in
545 3231 694 3290 portu
724 3225 826 3290 ipso
851 3226 1021 3277 secure
1047 3228 1302 3293 applicare
1327 3229 1492 3278 valeat
1529 3237 1579 3279 et
1615 3230 1669 3278 in
1706 3230 1810 3296 ipso
1841 3230 2053 3280 fluxibus
2086 3239 2134 3280 et
2172 3249 2245 3281 re-

1210 3329 1235 3360 F
