2742 3848
463 971 560 1021 793

464 1526 559 1574 794

472 2447 567 2496 795

611 375 707 419 518
1055 365 1484 418 REGISTRUM
1518 363 1615 413 DE
1647 361 2212 413 ABERBROTHOC.

610 503 816 569 poffidet
840 503 971 551 infra
993 501 1249 551 baroniam
1285 499 1346 547 de
1384 496 1600 546 Taruass
1625 503 1675 544 et
1699 495 2100 545 vicecomitatum
2136 497 2198 545 de
2233 496 2477 563 Abyrden
2516 529 2525 537 -
2565 498 2667 547 Sol-

612 597 774 645 uendo
799 594 1131 659 quadraginta
1153 591 1332 640 solidos
1356 596 1554 638 monete
1583 587 1759 638 Scocie
1785 605 1896 637 cum
1922 589 2032 638 aliis
2058 589 2277 639 seruiciis
2302 619 2312 629 ·
2340 593 2404 638 24
2437 590 2471 639 J
2475 592 2668 640 anuarii

617 693 763 737 1533.

613 941 765 1013 Idem
791 978 882 1025 pro
906 958 1225 1009 benemeritis
1251 957 1433 1006 affedat
1468 974 1560 1023 pro
1597 959 1928 1009 nouendecim
1953 959 2096 1008 annis
2121 976 2152 1007 a
2173 958 2296 1007 festo
2322 956 2671 1007 Pentechostes

616 1058 743 1102 1534
768 1052 804 1101 J
807 1052 991 1101 ohanni
1022 1051 1221 1101 Guthre
1258 1050 1630 1100 subtenentibus
1667 1051 1762 1100 suis
1795 1061 1845 1102 et
1880 1051 2129 1117 assignatis
2165 1051 2318 1116 seipso
2354 1050 2672 1099 inferioribus

611 1156 769 1196 terras
806 1146 867 1193 de
907 1144 1150 1194 Colliston
1185 1143 1320 1192 infra
1355 1142 1629 1192 dominium
1663 1143 1725 1192 de
1763 1142 2058 1210 Abyrbroth
2094 1151 2143 1191 et
2176 1142 2574 1191 vicecomitatum
2612 1142 2673 1190 de

610 1239 788 1287 Forfar
825 1267 834 1276 ·
873 1237 1149 1286 Reddendo
1173 1237 1347 1285 decem
1370 1236 1523 1285 libras
1548 1243 1746 1284 monete
1772 1234 1945 1285 Scocie
1983 1265 1993 1274 ·
2032 1239 2096 1283 24
2120 1234 2156 1284 J
2159 1235 2353 1284 anuarii
2382 1239 2526 1283 1533.

613 1500 765 1572 Idem
802 1520 984 1569 affedat
1018 1535 1110 1584 pro
1137 1518 1240 1567 vita
1273 1517 1497 1567 ,Iohanni
1533 1516 1769 1567 Fleschar
1807 1546 1817 1556 ·
1858 1515 2086 1566 Esobelle
2114 1516 2324 1583 Ogylwe
2360 1518 2529 1582 sponse
2554 1519 2671 1566 sue-

612 1613 794 1662 Jonete
836 1611 1070 1661 Fleschar
1118 1627 1291 1660 eorum
1336 1610 1438 1658 filie
1484 1637 1494 1647 ·
1543 1617 1593 1659 et
1633 1608 1925 1659 Alexandro
1967 1608 2201 1658 Flesehar
2242 1609 2344 1658 filio
2391 1609 2673 1659 Johannis·

613 1706 803 1769 suisque
844 1703 1217 1753 subtenentibus
1258 1719 1359 1751 non
1405 1702 1606 1751 maioris
1647 1703 1801 1751 status
1855 1733 1865 1742 ·
1919 1701 2177 1750 dimidiam
2217 1709 2412 1766 partem
2455 1702 2570 1751 ville
2614 1704 2675 1751 de

615 1798 868 1863 Bawdeuy
893 1814 1004 1846 cum
1031 1796 1236 1845 decimis
1260 1795 1546 1861 garbalibus
1588 1825 1598 1835 ·
1643 1794 1894 1845 Soluendo
1919 1810 2010 1858 pro
2035 1793 2179 1842 firma
2203 1795 2423 1859 quinque
2447 1795 2600 1844 libras
2625 1805 2675 1843 et

614 1907 706 1954 pro
731 1889 936 1938 decimis
961 1896 1062 1938 tres
1084 1888 1239 1938 libras
1274 1887 1354 1937 sex
1393 1888 1571 1936 solidos
1607 1897 1657 1937 et
1692 1889 1799 1935 otto
1825 1885 2056 1935 denarios
2091 1894 2289 1935 monete
2315 1885 2488 1935 Scocie
2514 1894 2562 1935 et
2585 1904 2676 1951 pro

616 1982 667 2047 ly
702 1981 830 2030 halff
863 1988 1121 2046 rynemart
1158 1981 1343 2045 septem
1387 1980 1566 2029 solidos
1607 1989 1658 2030 et
1695 1997 1787 2045 pro
1827 1978 2058 2028 cwstume
2095 1978 2325 2027 vedderis
2364 1987 2413 2028 et
2456 1979 2675 2028 custume

617 2091 768 2123 corne
794 2073 1068 2122 mstodecim
1103 2072 1282 2122 solidos
1318 2081 1516 2122 monete
1552 2072 1773 2137 predicte
1799 2089 1910 2120 cum
1948 2071 2058 2120 aliis
2088 2071 2321 2120 oneribus
2346 2080 2395 2120 et
2420 2071 2641 2121 seruiciis
2668 2100 2676 2108 ·

617 2167 680 2220 27
706 2166 741 2214 J
744 2165 938 2215 anuarii
963 2168 1103 2214 1533.

622 2425 773 2496 Idem
817 2448 998 2498 affedat
1038 2466 1129 2514 pro
1168 2450 1271 2498 vita
1310 2448 1521 2498 Elesone
1565 2448 1754 2499 Gibson
1796 2448 1966 2497 relicte
2005 2447 2177 2497 Dauid
2218 2447 2364 2497 Greif
2396 2476 2405 2486 ·
2454 2448 2675 2496 Johanni

622 2540 808 2588 Bowak
850 2549 898 2589 et
935 2540 1093 2590 Elene
1133 2541 1283 2591 Greif
1315 2541 1485 2606 sponse
1526 2542 1609 2590 sue
1648 2569 1659 2579 ·
1700 2550 1750 2590 et
1794 2541 1891 2589 suis
1929 2539 2301 2589 subtenentibus
2340 2558 2440 2588 non
2479 2541 2678 2589 maioris

622 2630 775 2678 status
812 2659 822 2669 ·
860 2631 1221 2681 dimidietatem
1247 2632 1364 2681 ville
1390 2633 1451 2681 de
1474 2632 1528 2698 ly
1553 2632 1785 2698 Myltone
1810 2635 1872 2683 de
1897 2633 2111 2684 Connan
2138 2651 2251 2683 cum
2275 2634 2479 2683 decimis
2503 2635 2677 2699 garba-

622 2723 750 2771 libus
798 2739 856 2770 ao
903 2722 1262 2773 dimidietatem
1310 2724 1582 2773 molendini
1630 2725 1847 2774 eiusdem
1895 2743 2007 2775 cum
2055 2725 2258 2775 decimis
2306 2743 2427 2790 quas
2469 2725 2680 2775 Elesona

624 2822 835 2878 occupat
873 2842 883 2852 -
930 2813 1181 2863 Soluendo
1217 2832 1309 2880 pro
1345 2816 1653 2866 dimidietate
1680 2818 1796 2866 ville
1834 2835 1945 2867 cum
1983 2818 2188 2867 decimis
2215 2817 2498 2882 quindecim
2524 2819 2678 2867 bollas

625 2907 763 2955 ordei
789 2914 838 2955 et
859 2906 1144 2971 quindecim
1169 2906 1324 2955 bollas
1349 2908 1509 2956 farine
1534 2910 1794 2959 auenatice
1831 2940 1841 2949 ·
1880 2919 1930 2960 et
1953 2928 2045 2976 pro
2070 2910 2378 2960 dimidietate
2404 2911 2674 2959 molendini

625 3016 735 3047 cum
785 2998 990 3046 decimis
1029 3005 1079 3047 et
1117 2998 1348 3048 multuris
1389 3000 1562 3049 decem
1600 3001 1756 3051 bollas
1800 3004 1961 3054 farine
2000 3013 2049 3055 et
2090 3012 2191 3054 tres
2231 3004 2388 3053 bollas
2436 3005 2573 3053 ordei
2616 3006 2678 3053 ad

626 3089 861 3139 terminos
887 3090 1143 3139 consuetos
1179 3117 1190 3128 ·
1223 3108 1434 3140 vnacum
1459 3093 1767 3143 dimidietate
1797 3096 1938 3159 porci
1973 3096 2100 3161 pasti
2137 3096 2391 3145 annuatim
2415 3097 2479 3144 ad
2503 3096 2675 3144 festum

626 3182 813 3233 Pascha
839 3191 887 3231 et
913 3183 1035 3232 duos
1072 3182 1249 3232 solidos
1280 3183 1361 3232 sex
1398 3184 1628 3234 denarios
1663 3195 1859 3236 monete
1899 3187 2072 3238 Scocie
2108 3187 2306 3238 sacriste
2349 3216 2358 3225 ·
2401 3206 2512 3237 cum
2536 3189 2678 3237 dimi-
