2586 3834
244 1419 339 1461 503

268 2977 362 3018 504

400 379 497 430 398
847 367 1272 421 REGISTRUM
1306 367 1402 416 DE
1438 362 1998 414 ABERBROTHOC.

403 516 533 556 terre
578 544 588 554 .
632 544 642 554 .
687 543 697 553 .
736 505 933 553 fuerunt
956 500 1255 551 hereditarie
1292 497 1408 546 dieti
1446 496 1666 561 magistri
1702 495 1874 544 Dauid
1905 503 1955 544 et
1979 496 2296 560 quasquidem
2339 535 2349 544 .
2386 535 2395 543 .

402 599 533 647 idem
577 635 588 646 .
630 635 641 645 .
683 634 694 645 .
742 596 793 643 in
827 609 999 643 manus
1034 591 1224 640 nostras
1282 627 1292 637 .
1348 628 1357 637 .
1419 628 1427 636 .
1486 587 1757 652 refignauit
1812 626 1822 637 .
1880 627 1890 637 .
1947 627 1957 637 .
2011 588 2285 637 Reddendo
2332 588 2445 653 [etc.

404 699 457 739 ut
479 690 623 752 supra
657 686 754 734 No.
778 682 898 749 394]
956 720 967 731 .
1019 720 1029 730 .
1081 718 1092 729 .
1149 680 1302 744 Apud
1357 716 1368 727 .
1423 716 1433 726 .
1488 718 1499 728 .
1558 679 1828 745 capitulum
1865 680 2141 745 penultimo
2167 680 2247 728 die
2270 679 2447 728 menfis

401 780 524 828 Julii
562 793 691 826 anno
733 774 939 823 Domini
976 771 1231 820 millesimo
1270 770 1661 836 quingentesimo
1697 771 1890 820 decimo
1928 801 1939 811 ·
1975 773 2283 836 presentibus
2327 809 2338 820 .
2381 809 2391 819 .
2435 809 2445 819 .

403 869 623 918 Henrico
644 866 843 915 domino
869 865 930 912 de
953 863 1129 912 San&o
1151 862 1302 912 Claro
1328 890 1338 900 ·
1364 861 1536 912 Dauid
1560 862 1781 913 Berkilai
1800 865 1862 913 de
1880 863 2101 930 Calarny
2126 893 2136 903 ·
2161 873 2210 915 et
2227 865 2446 929 Georgio

403 960 651 1019 Quhitlaw
673 959 734 1007 de
759 957 931 1010 eodem
957 984 967 994 ·
995 972 1105 1004 cum
1131 955 1298 1004 multis
1322 954 1443 1003 aliis.

397 1215 714 1299 preceptum
741 1233 910 1285 datum
933 1231 1128 1281 balliuis
1153 1231 1216 1279 de
1239 1228 1524 1295 poffeffione
1550 1238 1599 1280 et
1623 1230 1778 1280 safina
1801 1232 2086 1280 earundem.

398 1400 666 1484 Georgius
703 1454 714 1466 .
755 1454 767 1467 .
807 1454 817 1465 .
855 1416 1005 1465 abbas
1044 1453 1054 1463 .
1095 1453 1105 1464 .
1146 1451 1157 1463 .
1195 1415 1256 1462 de
1282 1413 1507 1463 Arbroth
1546 1451 1558 1462 .
1598 1451 1610 1462 .
1650 1451 1661 1462 .
1695 1413 1887 1463 Jacobo
1912 1414 2092 1463 Ramsa
2115 1416 2176 1464 de
2203 1415 2411 1480 Balnely
2435 1444 2445 1453 ·

402 1511 637 1575 Henryco
656 1509 784 1558 Feth
804 1509 865 1557 de
881 1507 1045 1573 Bysak
1070 1534 1081 1544 ·
1106 1506 1276 1555 Dauid
1294 1506 1437 1555 Garn
1456 1507 1518 1557 de
1537 1505 1802 1557 Braccullo
1827 1537 1838 1547 -
1865 1515 1914 1557 et
1934 1507 2186 1557 Willelmo
2213 1507 2412 1557 Straton
2433 1537 2443 1545 ·

396 1602 590 1652 balliuis
614 1600 790 1651 nostris
814 1600 865 1648 in
888 1599 983 1649 hac
1015 1606 1157 1663 parte
1195 1637 1205 1646 .
1250 1635 1262 1646 .
1305 1635 1315 1646 .
1361 1597 1496 1655 Quia
1532 1637 1542 1648 .
1585 1637 1595 1648 .
1637 1637 1648 1648 .
1686 1598 2005 1649 conceffimus
2048 1636 2059 1647 .
2103 1637 2114 1647 .
2157 1636 2168 1647 .
2212 1599 2445 1665 magistro

397 1695 567 1745 Dauid
594 1694 803 1759 Gardyn
828 1694 890 1742 de
917 1691 1206 1757 Conansyth
1231 1698 1280 1740 et
1304 1690 1338 1740 J
1342 1699 1487 1740 onete
1515 1691 1726 1740 Tullous
1751 1691 1921 1757 sponse
1955 1691 2036 1741 sue
2078 1731 2087 1741 .
2126 1731 2135 1741 .
2173 1730 2183 1741 .
2232 1700 2282 1740 et
2303 1692 2446 1741 here-

399 1788 540 1836 dibus
588 1826 597 1835 .
646 1826 655 1835 .
704 1825 714 1835 .
761 1785 1116 1834 dimidietatem
1165 1791 1409 1833 terrarum
1455 1782 1733 1834 nostrarum
1781 1784 1988 1833 dominii
2035 1784 2097 1833 de
2141 1783 2355 1833 Tulloch
2395 1792 2445 1832 et

401 1878 599 1943 Crachy
623 1877 830 1930 iacentis
864 1876 917 1924 in
954 1875 1214 1940 regalitate
1240 1876 1301 1923 de
1326 1874 1549 1924 Arbroth
1583 1875 1718 1924 infra
1741 1875 2138 1925 vicecomitatum
2163 1876 2225 1924 de
2250 1875 2446 1924 Forfair

459 2010 467 2018 .
517 2009 526 2018 .
575 1969 712 2018 vobis
763 2005 772 2015 .
819 2006 830 2016 .
882 2004 893 2016 .
940 1967 1240 2031 precipimus
1277 2006 1287 2016 .
1324 2007 1333 2017 .
1372 2004 1384 2015 .
1426 1966 1659 2031 quatinus
1701 1967 1843 2016 dictis
1890 2007 1899 2016 .
1949 2007 1959 2017 .
2009 2006 2018 2015 .
2067 1975 2151 2017 aut
2188 1969 2272 2016 suo
2309 1976 2445 2017 certo
2522 1968 2529 1975 “

402 2063 653 2110 αᾶοτιιαιο
690 2098 699 2107 .
736 2097 746 2107 .
785 2097 795 2107 .
831 2057 1051 2106 saisinam
1091 2095 1102 2105 .
1141 2095 1152 2105 .
1192 2095 1203 2107 .
1241 2067 1486 2108 terrarum
1526 2061 1884 2110 antedi&arum
1929 2098 1939 2109 .
1979 2098 1990 2109 .
2031 2099 2043 2110 .
2081 2062 2287 2110 tradatis
2329 2101 2338 2110 .
2382 2101 2391 2109 .
2437 2101 2445 2109 .

401 2152 534 2201 saluo
573 2152 680 2199 iure
729 2149 984 2199 cuiussibet
1021 2188 1030 2197 .
1070 2187 1081 2197 .
1120 2186 1131 2197 .
1170 2158 1218 2198 et
1255 2150 1306 2197 in
1346 2151 1534 2216 signum
1576 2153 1726 2200 safine
1771 2170 1862 2217 per
1897 2169 1984 2200 vos
2021 2153 2202 2202 tradite
2237 2152 2444 2218 figillum

402 2243 615 2291 vestrum
655 2242 707 2290 in
745 2242 958 2289 secunda
994 2242 1152 2289 cauda
1188 2242 1296 2305 post
1337 2242 1557 2290 nostrum
1594 2242 1901 2307 presentibus
1936 2244 2226 2308 appendatis
2262 2261 2320 2292 ac
2356 2261 2446 2308 per

403 2334 649 2383 notarium
673 2333 923 2397 publicum
960 2340 1093 2381 ratas
1117 2333 1223 2380 fieri
1250 2334 1444 2382 faciatis
1479 2361 1489 2371 ·
1526 2333 1714 2382 Datum
1752 2374 1761 2383 .
1788 2374 1797 2383 .
1825 2374 1834 2383 .
1871 2335 2144 2399 penultimo
2169 2335 2250 2384 die
2272 2334 2447 2383 mensis

406 2425 439 2473 J
443 2425 531 2473 ulii
556 2442 684 2473 anno
709 2424 912 2473 Domini
937 2423 1191 2473 millesimo
1217 2424 1609 2489 quingentesimo
1635 2426 1843 2474 decimo.

411 2678 584 2749 Carta
605 2700 825 2764 magistri
848 2700 1027 2749 Jacobi
1050 2700 1329 2750 VVischeart
1353 2702 1414 2750 de
1439 2701 1585 2753 terris
1609 2702 1671 2751 de
1696 2701 1907 2751 Redhall
1932 2731 1942 2741 ·
1970 2701 2185 2751 Balfeith
2211 2733 2222 2744 ·
2247 2702 2450 2768 Pettyn-

412 2807 593 2855 garnar
618 2817 628 2827 ·
652 2807 762 2839 cum
788 2791 1070 2839 molendino
1096 2792 1157 2840 de
1183 2791 1417 2841 Balfeith,

421 3011 431 3021 .
476 3010 488 3021 .
533 3009 544 3021 .
585 2971 760 3022 Pateat
804 3008 814 3021 .
855 3008 865 3020 .
910 3009 921 3020 .
963 2989 1053 3020 nos
1093 2972 1363 3037 Georgium
1400 3011 1412 3023 .
1453 3012 1464 3023 .
1504 3012 1515 3023 .
1552 2977 1780 3027 abbatem
1824 3014 1835 3025 .
1878 3013 1889 3026 .
1933 3013 1944 3025 .
1987 2978 2049 3025 de
2087 2976 2309 3026 Arbroth
2345 3017 2354 3026 .
2392 3016 2401 3026 .
2440 3017 2449 3025 .

418 3060 690 3112 conceffiffe
735 3098 746 3110 .
792 3099 803 3110 .
848 3099 859 3110 .
901 3063 1135 3127 magistro
1180 3063 1370 3112 Jacobo
1417 3064 1697 3115 Wischeart
1738 3103 1750 3115 .
1793 3104 1804 3116 .
1847 3104 1860 3116 .
1903 3074 2060 3117 terras
2100 3068 2162 3117 de
2202 3067 2449 3116 Redhall·

417 3153 633 3203 Balfeith
671 3179 682 3191 ·
721 3160 769 3201 et
810 3152 1206 3218 Pettyngardnar
1243 3182 1253 3191 ·
1292 3171 1402 3204 cum
1437 3155 1721 3205 molendino
1746 3158 1807 3206 de
1832 3156 2048 3207 Balfeith
2090 3195 2101 3206 .
2139 3195 2150 3205 .
2189 3197 2200 3207 .
2243 3175 2452 3207 vnacum
