2742 3848
387 1123 480 1177 807

383 1957 479 2001 808

384 2334 481 2384 809

541 341 637 386 522
988 334 1417 413 REG'ISTRUM
1453 333 1550 382 DE
1588 330 2152 383 ABERBROTHOC.

542 471 746 521 decimis
769 479 818 519 et
841 470 1070 520 multuris
1095 471 1267 518 decem
1302 468 1462 516 bollas
1495 467 1657 516 farine
1693 474 1742 515 et
1774 474 1876 515 tres
1910 466 2070 515 bollas
2106 466 2246 515 ordei
2272 468 2336 515 ad
2368 468 2606 517 terminos

542 564 799 613 consuetos
834 579 1045 611 vnacum
1094 561 1403 609 dimidietate
1451 560 1595 624 porci
1641 559 1769 624 pasti
1817 560 1881 608 ad
1928 558 2104 609 festum
2152 558 2339 609 Pasche
2387 568 2435 610 et
2483 562 2607 609 duos

541 657 719 705 solidos
766 658 846 704 sex
894 655 1126 704 denarios
1173 661 1371 702 monete
1420 651 1594 701 Scocie
1641 652 1840 701 sacriste
1884 669 1995 702 cum
2040 652 2351 702 dimidietate
2392 652 2444 718 ly
2480 670 2606 719 ryne

540 751 731 815 veddyr
757 758 804 798 et
828 760 957 797 mart
989 755 1039 797 et
1072 747 1182 796 aliis
1209 745 1579 794 husbandorum
1616 745 1852 794 oneribus
1889 775 1899 784 ·
1939 754 1989 794 et
2025 744 2344 794 sustentando
2382 745 2606 794 dimidie-

539 851 688 892 tatem
714 841 987 890 molendini
1012 840 1064 888 in
1091 839 1318 888 omnibus
1344 838 1625 887 necessariis
1662 866 1671 875 ·
1712 837 1772 891 17
1798 837 1982 887 Marcii
2011 842 2154 887 1534.

536 1097 688 1169 Idem
725 1118 907 1166 afl'edat
933 1134 1025 1182 pro
1049 1115 1380 1165 nouendecim
1417 1115 1561 1164 annis
1599 1114 1826 1164 Johanni
1863 1114 2111 1164 Barhame
2151 1123 2202 1164 et
2238 1115 2421 1165 Jonete
2460 1116 2606 1182 Lyell

537 1213 639 1259 eius
663 1211 833 1275 sponse
857 1209 1049 1274 suisque
1074 1208 1325 1275 affignatis
1362 1209 1736 1258 subtenentibus
1773 1217 1823 1259 et
1860 1209 2233 1259 coadiutoribus
2269 1210 2470 1258 domum
2494 1211 2604 1260 bra-

535 1307 632 1354 fine
660 1304 775 1353 ville
801 1305 862 1352 de
888 1303 1181 1369 Achmutby
1219 1332 1228 1342 ·
1270 1302 1522 1352 Soluendo
1559 1301 1802 1351 tredecim
1839 1301 2018 1351 solidos
2045 1310 2094 1351 et
2119 1309 2334 1367 quatuor
2372 1303 2603 1352 denarios

534 1406 730 1447 monete
782 1396 956 1447 Scocie
1006 1414 1217 1446 vnacum
1268 1397 1448 1462 cymba
1494 1395 1707 1461 piscaria
1752 1396 1879 1445 bene
1932 1405 2204 1461 preparata
2250 1413 2342 1461 pro
2389 1397 2603 1461 piscibus

535 1491 787 1556 capiendis
826 1519 835 1528 ·
872 1508 984 1539 cum
1010 1490 1225 1539 licencia
1247 1490 1299 1538 in
1327 1507 1467 1539 mora
1492 1489 1686 1538 abbatis
1723 1506 1815 1554 pro
1840 1489 2020 1555 viginti
2055 1489 2408 1554 plaustratibus
2436 1490 2602 1556 gleba-

531 1603 638 1633 rum
679 1602 787 1632 cum
828 1584 1056 1632 omnibus
1094 1583 1204 1632 aliis
1241 1583 1477 1632 oneribus
1514 1611 1523 1619 ·
1561 1591 1611 1633 et
1646 1582 1964 1632 sustentando
2006 1584 2205 1632 domum
2248 1584 2442 1632 brafine
2490 1602 2602 1633 cum

532 1678 709 1742 cymba
732 1678 783 1724 in
811 1677 1037 1725 omnibus
1062 1676 1343 1725 necessariis
1368 1675 1491 1725 ficut
1515 1676 1739 1726 solebant
1763 1675 2025 1726 sustentari
2063 1705 2073 1715 ·
2111 1681 2140 1724 5
2167 1676 2361 1741 Aprilis
2391 1681 2533 1726 1535.

532 1929 856 2015 Preceptum
878 1951 1029 1999 safine
1045 1951 1266 2016 predicte
1291 1953 1466 2001 domus
1485 1952 1680 2001 brafine
1707 1953 1820 2002 vide
1846 1953 1897 2001 in
1924 1953 2134 2018 registro
2159 1954 2367 2019 papireo
2392 1971 2599 2003 numero

530 2044 643 2097 274.

535 2308 730 2380 Abbas
779 2331 1008 2380 concedit
1049 2330 1290 2380 Villelmo
1338 2331 1568 2381 Menteth
1617 2332 1678 2380 de
1722 2331 1967 2381 Vestkars
2015 2333 2280 2398 pronepoti
2327 2340 2377 2382 et
2425 2333 2597 2382 heredi

533 2424 781 2486 quondam
817 2421 1041 2474 Villelmi
1078 2424 1308 2474 Menteth
1346 2426 1407 2473 de
1444 2424 1687 2474 Vestkars
1723 2425 1898 2476 militis
1934 2443 1993 2475 ac
2028 2425 2311 2476 successoris
2347 2427 2598 2490 quondam

532 2515 565 2561 J
570 2515 778 2563 ohannis
804 2515 1033 2565 Menteth
1060 2518 1120 2565 de
1146 2517 1388 2566 Vestkars
1423 2518 1596 2567 militis
1634 2526 1683 2567 et
1719 2518 1986 2568 heredibus
2011 2518 2107 2567 suis
2130 2519 2269 2568 illam
2306 2519 2507 2568 salinam
2544 2520 2596 2567 in

534 2607 727 2671 vulgari
765 2608 945 2656 dietam
973 2608 1226 2658 Saltcottis
1252 2627 1362 2658 cum
1389 2611 1537 2659 terris
1563 2618 1612 2659 et
1638 2611 1767 2660 acris
1793 2611 1955 2660 eidem
1980 2611 2325 2660 adiacentibus
2350 2612 2595 2661 iacentem

534 2700 585 2746 in
613 2698 745 2747 Kars
780 2700 911 2749 infra
935 2701 1246 2766 regalitatem
1275 2703 1335 2750 de
1361 2703 1657 2769 Abyrbroth
1684 2712 1733 2753 et
1759 2704 2159 2753 vicecomitatum
2197 2705 2258 2752 de
2295 2703 2558 2768 Striuiling
2585 2732 2596 2741 ·

535 2791 812 2840 Reddendo
846 2792 1103 2841 dimidiam
1135 2811 1353 2843 marcam
1389 2796 1739 2861 sterlingorum
1766 2799 1830 2846 ad
1864 2796 2040 2846 festum
2077 2796 2430 2846 Pentechostes
2456 2797 2488 2844 fi
2515 2813 2598 2860 pe-

537 2891 670 2931 tatur
696 2910 705 2919 ·
731 2890 779 2931 et
803 2883 1066 2946 prestando
1091 2885 1257 2935 abbati
1282 2887 1617 2938 iuramentum
1641 2891 1897 2940 fidelitatis
1935 2919 1944 2929 ·
1983 2895 2048 2939 30
2073 2890 2268 2955 Aprilis
2295 2893 2441 2938 1535.

385 3172 482 3216 810
532 3148 855 3227 Preceptum
882 3163 1032 3211 safine
1058 3163 1184 3211 dicte
1210 3163 1361 3211 saline
1388 3182 1498 3213 cum
1524 3167 1652 3215 acris
1679 3175 1727 3217 et
1752 3170 1898 3217 terris
1934 3196 1944 3206 ·
1983 3173 2049 3217 30
2074 3167 2267 3232 Aprilis
2296 3170 2440 3215 1535.
