2742 3848
378 1063 475 1114 700

520 376 618 422 484
972 366 1399 420 REGISTRUM
1434 365 1531 415 DE
1568 360 2132 413 ABERBROTHOC.

522 506 728 557 dimidio
762 505 904 554 vnius
941 504 1046 553 bati
1085 517 1358 552 auenarum
1401 500 1465 547 ad
1506 496 1747 546 terminos
1784 495 2008 545 soluendi
2046 496 2304 546 consuetos
2340 526 2350 536 ·
2388 515 2584 547 necnon

523 609 624 650 tres
666 599 842 647 solidos
885 604 933 645 et
975 602 1188 660 quatuor
1228 591 1458 640 denarios
1499 607 1592 654 pro
1627 589 1674 638 le
1710 597 1940 655 rynmart
1976 589 2127 656 filuyr
2166 591 2220 639 in
2262 591 2383 640 festo
2421 590 2587 641 San&i

525 691 732 741 Martini
760 705 966 737 vnacum
994 686 1207 734 sedecim
1239 683 1387 748 pullis
1414 683 1475 731 de
1500 682 1552 748 ly
1579 699 1703 730 cane
1740 690 1790 731 et
1827 662 2047 747 cariagio
2084 683 2364 749 tegularum
2401 683 2502 732 feni
2539 692 2587 731 et

524 782 734 831 sedecim
758 778 1116 845 plaustratuum
1142 775 1399 841 glebarum
1427 801 1436 811 ·
1462 774 1524 828 27
1552 773 1678 822 Maii
1706 778 1850 823 1528.

527 1039 677 1110 Idem
703 1073 797 1120 pro
832 1063 970 1103 certa
1005 1055 1194 1102 summa
1231 1053 1446 1115 pecunie
1486 1052 1671 1102 afl'edat
1708 1070 1800 1118 pro
1842 1054 2174 1102 nouendecim
2211 1054 2355 1102 annis
2398 1053 2592 1101 Thome

528 1150 802 1214 Bawfowyr
843 1147 896 1195 in
941 1146 1245 1195 Northterre
1282 1154 1332 1194 et
1369 1145 1682 1195 Helezabeth
1721 1144 1928 1212 Ogyluy
1966 1146 2070 1194 eius
2107 1147 2278 1211 sponse
2315 1155 2364 1195 et
2400 1146 2593 1195 Jacobo

527 1242 805 1306 Bawfowyr
840 1257 1011 1288 eorum
1054 1238 1391 1303 primogenito
1441 1238 1812 1287 coadiutoribus
1848 1239 2224 1288 subtenentibus
2260 1247 2310 1287 et
2346 1238 2595 1304 affignatis

527 1337 622 1384 suis
658 1351 758 1382 non
790 1332 991 1381 maioris
1027 1330 1179 1380 status
1215 1339 1376 1379 terras
1402 1331 1518 1380 ville
1555 1332 1618 1380 de
1655 1330 1961 1381 Northterre
1999 1340 2048 1381 et
2084 1333 2207 1380 duas
2244 1333 2427 1381 croftas
2463 1342 2596 1381 terre

529 1427 728 1478 arabilis
766 1443 911 1474 vnam
941 1424 1174 1473 videlicet
1199 1424 1453 1488 wlgariter
1489 1431 1827 1488 nuncupatam
1863 1424 1915 1490 ly
1941 1424 2150 1491 Almery
2181 1423 2325 1474 Croft
2363 1434 2413 1474 et
2448 1425 2596 1474 aliam

530 1520 685 1587 Gayst
722 1519 918 1568 Medow
957 1534 1068 1566 cum
1105 1517 1312 1566 decimis
1350 1517 1638 1580 garbalibus
1675 1517 1729 1565 in
1770 1518 1982 1566 baronia
2019 1526 2069 1566 et
2110 1518 2372 1584 regalitate
2406 1519 2467 1566 de
2504 1519 2598 1565 Ar-

530 1613 710 1679 broyth
747 1640 756 1649 ·
794 1611 1044 1660 Soluendo
1069 1627 1160 1675 pro
1188 1610 1492 1659 Northterre
1529 1611 1611 1658 sex
1646 1610 1800 1660 libras
1825 1611 2068 1660 tredecim
2104 1611 2284 1660 solidos
2310 1619 2360 1661 et
2385 1620 2597 1676 quatuor

533 1706 761 1755 denarios
786 1712 982 1752 monete
1012 1702 1185 1753 Scocie
1212 1720 1425 1752 vnacum
1462 1703 1543 1752 sex
1581 1704 1765 1753 celdris
1790 1719 2060 1753 auenarum
2090 1705 2343 1770 wlgariter
2368 1705 2595 1770 lzovscorn

534 1799 757 1848 mensure
784 1797 1028 1846 currentis
1065 1796 1327 1844 duodecim
1367 1796 1640 1860 caponibus
1665 1806 1715 1847 et
1739 1798 1945 1847 totidem
1972 1798 2121 1863 pullis
2154 1797 2336 1847 adultis
2372 1808 2599 1863 rynmart

536 1901 584 1941 et
610 1893 814 1957 weddyr
840 1921 849 1930 ·
877 1899 926 1939 et
952 1891 1070 1954 quia
1095 1891 1247 1939 abbas
1285 1890 1482 1939 eosdem
1506 1891 1668 1940 secum
1695 1890 1920 1954 equitare
1946 1890 2165 1940 intendit
2188 1891 2235 1955 ly
2257 1891 2385 1956 buge
2407 1892 2460 1938 in
2482 1898 2602 1939 cwrt

535 1983 758 2050 gesturos
798 1991 1066 2048 propterea
1101 2001 1184 2032 eos
1221 1984 1282 2032 ab
1320 1984 1554 2032 oneribus
1591 1992 1640 2033 et
1675 1984 1897 2033 seruiciis
1945 1984 2314 2033 husbandorum
2363 1994 2601 2033 exonerat

536 2085 742 2141 excepto
769 2077 901 2141 quod
932 2077 1116 2124 ducent
1152 2076 1411 2124 annuatim
1436 2077 1501 2125 ad
1525 2078 1880 2126 monasterium
1907 2094 2087 2126 nouem
2112 2078 2412 2142 plaustratus
2436 2078 2600 2143 gleba-

535 2187 645 2218 rum
670 2177 719 2217 et
744 2169 947 2218 totidem
974 2169 1075 2217 feni
1113 2195 1122 2206 ·
1160 2176 1209 2217 et
1233 2168 1471 2218 soluendo
1509 2170 1840 2219 elimofinario
1876 2187 1967 2234 pro
1993 2170 2045 2236 ly
2069 2170 2280 2236 Almory
2309 2170 2453 2220 Croft
2490 2187 2601 2218 cum

536 2262 740 2311 decimis
766 2262 973 2326 triginta
997 2261 1176 2309 solidos
1201 2270 1399 2310 monete
1423 2263 1647 2327 predicte
1673 2271 1722 2312 et
1745 2280 1838 2327 pro
1862 2262 2020 2328 Gayst
2042 2262 2238 2311 Medow
2262 2280 2372 2311 cum
2398 2262 2602 2311 decimis

537 2363 636 2403 tres
661 2354 816 2402 bollas
842 2354 1078 2402 frumenti
1100 2355 1343 2403 monacho
1368 2356 1620 2404 communi
1648 2385 1655 2394 ·
1683 2359 1713 2402 4
1740 2354 1774 2403 J
1778 2355 1884 2403 unii
1913 2358 2059 2403 1528.

542 2611 696 2681 Idem
728 2632 911 2681 affedat
946 2650 1038 2696 pro
1071 2640 1174 2681 toto
1212 2641 1435 2698 tempore
1462 2635 1561 2683 vite
1599 2634 1827 2684 Henrico
1866 2636 2064 2686 Guthre
2101 2663 2110 2673 ·
2149 2636 2423 2686 Helezabet
2458 2635 2603 2702 Lyell

542 2723 711 2787 sponse
738 2725 819 2772 sue
857 2751 866 2760 ·
904 2732 953 2772 et
987 2723 1210 2772 Johanni
1236 2726 1430 2775 Guthre
1466 2727 1569 2775 filio
1601 2744 1773 2776 eorum
1809 2728 2144 2792 primogenito
2179 2756 2189 2767 ·
2227 2738 2470 2779 eteorum
2498 2731 2603 2778 sub-

544 2814 828 2863 tenentibus
852 2831 952 2862 non
979 2815 1181 2863 maioris
1218 2816 1369 2865 status
1402 2826 1559 2868 terras
1591 2821 1653 2868 de
1685 2820 1737 2886 ly
1763 2820 1940 2886 Ruffys
1977 2829 2026 2870 et
2057 2822 2108 2887 ly
2134 2821 2270 2870 Park
2299 2823 2360 2871 de
2388 2822 2602 2871 Connan

545 2924 657 2955 cum
695 2906 899 2954 decimis
934 2906 1219 2970 garbalibus
1245 2925 1453 2957 vnacum
1492 2912 1653 2960 crofta
1676 2912 1929 2977 wlgariter
1964 2922 2253 2978 nuncupata
2283 2914 2335 2980 ly
2368 2913 2604 2980 Myllhyll

544 2997 677 3046 infra
699 2996 1010 3061 regalitatem
1035 2998 1096 3045 de
1122 2999 1383 3064 Arbroyth
1419 3028 1429 3038 ·
1465 3010 1514 3050 et
1539 3002 1572 3050 fi
1599 3004 1857 3070 contingat
1883 3005 2159 3054 Henricum
2186 3015 2302 3055 ante
2330 3006 2604 3055 Helezabet

545 3099 594 3139 et
634 3089 920 3138 Johannem
961 3089 1063 3138 vita
1109 3090 1314 3155 defungi
1360 3092 1635 3144 Helezabet
1682 3104 1732 3144 et
1778 3096 2038 3146 Johannes
2082 3099 2236 3147 dictas
2286 3107 2445 3148 terras
2494 3115 2601 3147 cum

545 3183 749 3233 decimis
775 3190 823 3231 et
849 3182 1009 3231 crofta
1043 3181 1170 3230 iusta
1206 3191 1254 3231 et
1290 3185 1453 3248 equali
1491 3188 1731 3237 diuisione
1767 3191 2008 3239 tenebunt
2048 3219 2058 3229 ·
2098 3191 2354 3256 alteroque
2390 3193 2601 3256 ipsorum
