2742 3848
882 366 1123 443 INDEX
1154 365 1538 419 NOMINUM.

157 512 311 563 Dunde,
332 512 568 566 magister'JJ
570 513 757 564 ohannes,
782 514 874 553 103.

155 607 265 614 —
283 586 472 638 magister
485 585 690 627 «Iohannes
700 586 760 638 de,
776 586 948 626 vicarius
964 585 1014 626 de
1032 585 1166 637 Barre,

211 658 305 697 261.

154 751 264 760 —
283 729 502 781 prepositus
520 729 581 780 de,
601 730 689 770 vide
700 729 856 781 Rollok,
880 728 1084 782 Spalding.

283 799 455 840 vicarius
473 800 533 851 de,
553 801 640 841 vide
660 801 793 842 Barre.

157 871 356 922 Duneson,
378 871 616 923 Willelmus,
638 873 732 912 525.

157 944 455 997 Dunfermelyn,
470 945 733 995 Dunfermlin,
748 944 1040 997 Dunfermling,
1057 944 1168 984 Dun-

210 1015 418 1068 fermlyng,
440 1015 563 1056 abbas
581 1016 640 1067 de,
666 1018 756 1056 122.

284 1088 408 1128 abbas
426 1087 486 1139 de,
508 1087 747 1140 Alexander,
770 1089 864 1128 541.

284 1160 406 1200 abbas
423 1159 484 1211 de,
506 1160 781 1211 Archibaldus,
803 1161 897 1211 535,
919 1161 1012 1201 540.

284 1231 407 1272 abbas
425 1231 485 1283 de,
509 1231 715 1284 Georgius,
733 1233 826 1283 500,
848 1233 941 1272 502.

157 1326 264 1336 ··—
284 1304 407 1344 abbas
425 1303 487 1356 de,
507 1303 640 1356 Hugo,
662 1305 755 1345 536.

156 1398 266 1406 —
284 1375 638 1417 commendatarius
678 1376 739 1427 de,
774 1378 856 1417 vide
894 1375 1170 1427 Abirbrothoc,

212 1446 506 1488 Sanetiandree.

156 1541 267 1551 -—
285 1525 326 1560 et
338 1519 627 1573 Goldyngham,
641 1519 996 1561 commendatarius
1010 1520 1071 1572 de,
1087 1519 1174 1561 vide

213 1592 507 1633 Sanctiandree.

159 1664 463 1716 Dunkeldensis,
484 1664 756 1716 cancellarius,
777 1665 863 1705 vide
883 1665 1030 1705 Broun.

156 1759 267 1770 —-
286 1738 508 1790 eanonicus,
527 1738 615 1778 vide
640 1738 813 1789 Huntar,
834 1738 1044 1790 Meldrum,
1065 1738 1171 1778 Mor-

212 1808 315 1860 heid,
337 1808 439 1848 Mill.

285 1881 469 1932 decanus,
490 1881 572 1921 vide
590 1881 798 1934 Hepburn,
819 1881 959 1934 Inglis.

285 1953 500 2006 episeopus,
518 1951 725 2005 Georgius,
746 1954 839 2005 273,
857 1955 951 2005 274,
968 1954 1063 2005 334,
1077 1954 1172 2006 497,

213 2026 306 2065 510.

158 2119 268 2128 —
285 2096 500 2149 episeopus,
522 2095 707 2147 Thomas,
732 2097 823 2136 125.

285 2168 473 2219 officialis,
494 2170 574 2209 vide
592 2168 696 2209 Mill.

287 2246 503 2293 succentor,
523 2243 605 2282 vide
624 2241 811 2282 Coldane.

159 2314 331 2367 Dunlop,
354 2313 554 2355 cristiana
572 2313 754 2354 Gardner
782 2326 882 2353 uxor
911 2313 1171 2367 Kentegerni,

213 2387 307 2426 480.

159 2480 270 2488 ——
288 2457 316 2498 J
319 2457 506 2508 ohannes,
528 2458 624 2497 446.

160 2552 269 2562 --
284 2529 490 2580 Robertus,
504 2528 712 2580 burgensis
725 2527 774 2568 de
784 2528 1061 2579 Abirbrothoe,
1078 2531 1173 2580 424,

216 2602 310 2650 432,
331 2603 425 2651 446,
448 2602 542 2649 479,
565 2601 656 2651 502,
679 2601 773 2640 520.

163 2672 398 2723 Dunnotter,
427 2672 595 2723 Dunotr,
626 2671 807 2712 dominus
834 2671 1021 2712 Matheus
1047 2676 1176 2713 rector

216 2744 378 2785 ecclesie
397 2744 458 2795 (16,
480 2746 546 2784 25.

288 2821 415 2856 rector
433 2815 494 2867 de,
514 2816 595 2856 vide
615 2814 810 2856 Stratone.

166 2887 430 2940 Dunnyehyn,
451 2887 614 2928 clericus
632 2886 868 2940 parochialis
881 2887 942 2939 de,
959 2888 1039 2927 vide
1056 2887 1173 2928 Liell.

165 2958 352 3010 Dunnyn,
364 2958 553 3011 magister
563 2959 591 2999 ,J
594 2958 779 3010 ohannes,
792 2958 964 2999 vicarius
974 2959 1023 2999 de
1038 2959 1172 3011 Perth,

223 3031 313 3069 100.

167 3100 351 3150 Dumvn,
371 3101 566 3152 Dunown,
584 3103 665 3142 vide
683 3101 948 3154 Fowlartoun,
970 3103 1155 3155 Ramsay.

169 3171 286 3223 Dure,
316 3172 441 3225 Dury,
471 3173 651 3213 dominus
679 3173 918 3225 Alexander,
947 3175 1174 3226 monachus,

221 3244 314 3291 410,
335 3244 429 3291 423,
449 3245 543 3293 424,
564 3245 659 3294 444,
679 3245 773 3295 462,
794 3245 887 3293 500,
909 3246 1002 3286 511.

2158 365 2255 419 567

1239 511 1361 563 Ι)61·6,
1382 511 1571 563 magister
1590 509 1781 561 Andreas,
1801 508 1974 550 vicarius
1993 507 2041 548 de
2061 507 2251 560 Neutyld,

1293 585 1387 634 426,
1409 584 1504 623 428.

1239 677 1350 684 —
1368 655 1567 706 Marioria,
1587 656 1669 695 vide
1688 653 1849 708 Ogilvy.

1239 747 1349 758 —-
1367 726 1604 778 Wille'lmus,
1625 729 1720 767 446.

1241 798 1403 850 Durem,
1418 798 1611 850 Durham,
1625 799 1839 850 Durhame,
1854 798 2038 848 Durram,
2050 797 2078 838 J
2081 797 2255 838 ohannes

1294 870 1355 921 de,
1371 871 1559 922 notarius,
1584 871 1676 910 110.

1239 964 1348 974 —-
1368 942 1557 995 magister
1598 943 1784 995 Thomas,
1827 943 1876 983 de
1920 941 2110 995 Grangia,
2160 945 2253 993 247,

1296 1015 1390 1054 289.

1369 1087 1558 1139 magister
1590 1087 1777 1140 Thomas,
1811 1088 1983 1129 vicarius
2015 1088 2064 1128 de
2101 1087 2251 1138 Mathe,

1296 1159 1390 1197 247.

1244 1252 1350 1261 —
1369 1229 1554 1281 Michael,
1587 1231 1635 1272 de
1672 1231 1711 1273 le
1749 1232 1910 1286 Grange
1948 1232 1997 1274 de
2033 1232 2253 1283 Monefuth,

1298 1302 1364 1342 96.

1243 1372 1432 1426 Durum-t,
1454 1375 1642 1427 Dur-wad,
1664 1376 1871 1430 Durward,
1901 1378 2131 1429 Durwarde,
2152 1377 2256 1417 Dur-

1298 1452 1410 1498 wart,
1442 1447 1659 1498 Dwrward,
1690 1449 1927 1500 Hostiarius,
1952 1451 2090 1504 Agnes
2117 1464 2258 1503 sponsa

1299 1519 1505 1571 willelmi,
1525 1521 1569 1560 in
1588 1520 1798 1574 Brontone,
1818 1524 1913 1563 463.

1381 1592 1622 1646 Alexander,
1678 1594 1784 1636 filius
1829 1595 2004 1648 ejusdem
2050 1595 2255 1646 Willelmi,

1299 1665 1394 1705 282.

1243 1758 1354 1766 —
1371 1737 1562 1789 Andreas,
1584 1739 1679 1780 339.

1372 1809 1518 1861 David,
1540 1812 1631 1862 222,
1654 1812 1747 1863 358,
1768 1814 1863 1853 434.

1373 1881 1555 1922 dominus
1573 1882 1738 1935 Alanus,
1763 1886 1826 1936 19,
1849 1887 1914 1926 20.

1242 1975 1353 1983 -—-
1372 1953 1593 1994 Elezabeth
1611 1969 1754 2008 sponsa
1773 1956 1903 2009 Hoge,
1928 1959 2019 1998 198.

1242 2047 1354 2056 —-
1372 2026 1550 2067 Ellisone
1570 2040 1712 2080 sponsa
1730 2028 1899 2081 Andree,
1921 2032 2015 2071 339.

1246 2120 1353 2131 -——
1373 2098 1531 2139 Helena
1549 2113 1691 2153 sponsa
1709 2101 1884 2154 Roberti,
1909 2105 2000 2144 198.

1226 2171 1354 2200 N—
1373 2170 1490 2223 Hoge
1510 2184 1578 2211 seu
1597 2172 1732 2225 Hugo,
1756 2174 1847 2225 198,
1869 2177 1961 2215 222.

1242 2263 1350 2273 —-
1370 2242 1558 2294 Jacobus,
1580 2245 1676 2284 463.

1371 2313 1588 2365 Johannes,
1614 2317 1705 2367 142,
1729 2317 1820 2365 179,
1846 2318 1936 2357 180.

1374 2385 1544 2426 Katrina
1571 2387 1779 2428 Mortimar
1806 2401 1948 2441 sponsa
1972 2390 2177 2443 Willelmi,
2200 2393 2258 2446 (in

1299 2456 1530 2511 Brontone)‚
1551 2460 1646 2499 463.

1372 2529 1561 2580 Mareota,
1583 2531 1664 2571 vide
1683 2530 1876 2573 Hau-war.-

1372 2601 1553 2653 Mariota,
1576 2604 1670 2652 346,
1691 2605 1785 2655 347,
1807 2606 1901 2645 352.

1371 2673 1596 2726 Murdaous,
1615 2674 1721 2716 filius
1750 2676 1866 2729 Hoge
1887 2677 1938 2717 D.
1959 2683 2000 2718 et
2019 2679 2250 2731 Elezabeth,

1301 2746 1392 2785 198.
1460 2777 1461 2780 η

1371 2817 1578 2869 Robertus,
1602 2819 1692 2870 180,
1715 2820 1807 2860 198.

1372 2889 1579 2941 Robertus,
1601 2891 1828 2943 monachus,
1850 2894 1943 2933 410.

1373 2960 1547 3002 Thomas
1566 2962 1626 3013 de,
1650 2964 1715 3014 80,
1737 2965 1832 3003 222.

1244 3055 1353 3064 —
1373 3033 1610 3083 willelmus,
1632 3034 1737 3075 filius
1755 3036 1784 3076 J
1786 3035 1962 3086 ohannis,
1987 3039 2077 3089 179,
2102 3041 2191 3079 180.

1243 3127 1354 3134 —
1373 3104 1611 3157 Willelmus,
1632 3106 1738 3147 filius
1758 3107 1932 3159 Roberti,
1956 3110 2046 3158 180,
2071 3111 2162 3150 198.

1243 3198 1355 3206 —
1373 3176 1613 3229 willelmus,
1633 3178 1675 3217 in
1695 3178 1905 3231 Brontone,
1928 3182 2020 3231 282,
2041 3182 2134 3221 463.

1245 3247 1400 3299 Dwrys,
1420 3248 1502 3287 vide
1517 3248 1671 3289 Fraser.
