2762 3834
402 2484 462 2533 16

516 401 575 445 12
967 389 1394 445 REGISTRUM
1425 388 1525 439 DE
1559 385 2125 438 ABERBROTHOC.

514 530 765 595 quondam
788 527 824 578 J
827 527 1037 578 ohannis
1062 527 1123 575 de
1147 523 1435 590 Melgdrum
1462 539 1523 571 ex
1547 520 1707 571 altera
1731 520 1967 570 videlieet
1996 549 2008 559 ·
2034 520 2188 580 Quod
2211 521 2330 571 dieti
2353 522 2506 571 abbas
2530 530 2579 570 et

513 628 790 673 conuentus
827 660 840 670 .
877 658 890 670 .
929 657 941 669 .
979 620 1043 670 ad
1078 617 1415 668 feodofirmam
1454 613 1748 667 dimiserunt
1783 613 1915 663 diaz‘o
1941 613 2198 664 Willelmo
2231 622 2281 664 et
2311 614 2581 665 heredibus

514 715 609 764 suis
643 727 736 780 pro
770 712 1003 778 homagio
1034 718 1083 761 et
1114 708 1322 760 seruicio
1353 706 1439 755 suo
1484 744 1495 755 .
1542 744 1553 755 .
1600 744 1611 754 .
1655 713 1843 755 terram
1874 706 2009 756 suam
2042 707 2105 756 de
2141 706 2580 774 Banchrydeueny

647 845 659 856 .
710 805 1002 855 Tenendam
1051 841 1061 852 .
1116 839 1127 851 .
1178 839 1189 850 .
1236 801 1605 866 imperpetuum
1652 835 1664 847 .
1719 836 1730 847 .
1785 836 1796 847 .
1842 797 1910 850 Et
1956 799 2118 849 ᾶὶἃιιε
2159 799 2440 850 Willelmus
2476 807 2581 849 toto

511 908 732 963 tempore
772 898 872 947 vite
914 896 1013 946 sue.
1034 895 1191 944 soluet
1232 893 1378 942 diais
1421 890 1665 957 religiosis
1709 892 1967 942 annuatim
2012 910 2106 958 pro
2151 893 2284 942 diaa
2324 901 2461 943 terra
2500 894 2582 943 sex

509 1007 700 1040 marcas
738 988 1088 1054 sterlingorum
1127 987 1192 1035 ad
1230 985 1353 1034 festa
1392 984 1749 1035 Penthecostes
1786 993 1837 1035 et
1879 986 2047 1036 San&i
2087 986 2301 1037 Martini
2341 986 2394 1036 in
2437 1004 2582 1053 yeme

633 1121 645 1132 .
695 1082 922 1131 Heredes
962 1098 1079 1129 vero
1121 1079 1241 1128 dissti
1278 1078 1522 1128 Willelmi
1570 1079 1764 1128 soluent
1805 1079 2066 1128 annuatim
2119 1117 2130 1128 .
2185 1118 2196 1128 .
2251 1118 2262 1129 .
2312 1097 2404 1145 pro
2447 1088 2583 1129 terra

508 1183 779 1225 memorata
802 1173 1135 1240 quadraginta
1167 1172 1349 1221 solidos
1385 1171 1735 1238 sterlingorum
1773 1173 1838 1221 ad
1873 1173 2113 1222 terminos
2149 1173 2425 1222 antedictos
2463 1203 2474 1213 ·
2518 1173 2584 1222 Et

508 1268 894 1317 nichilhominus
919 1276 1020 1315 tam
1044 1266 1178 1315 idem
1203 1264 1488 1314 WVillelmus
1513 1283 1662 1331 quam
1685 1264 1897 1315 heredes
1921 1266 1995 1315 sui
2020 1266 2223 1316 domino
2251 1267 2361 1332 regi
2398 1284 2585 1316 annua-

509 1364 596 1412 tim
628 1368 827 1410 centum
860 1359 1038 1408 solidos
1074 1359 1137 1408 de
1173 1358 1306 1407 dieta
1347 1365 1484 1407 terra
1522 1359 1713 1408 soluere
1748 1360 2054 1408 tenebunt-ur
2095 1366 2147 1409 et
2182 1359 2370 1409 facient
2405 1360 2583 1410 sectam

508 1455 559 1503 in
586 1454 724 1504 curia
749 1452 1056 1504 vicecomitis
1089 1452 1152 1502 de
1190 1451 1455 1502 Abbirden
1490 1468 1584 1517 pro
1618 1452 1793 1502 eadem
1826 1460 1876 1502 et
1908 1460 2078 1502 cetera
2107 1453 2318 1502 seruicia
2349 1461 2400 1503 et
2431 1470 2586 1502 onera

507 1546 811 1596 sustinebunt
849 1585 860 1595 .
900 1584 911 1595 .
953 1584 965 1595 .
1003 1546 1054 1595 in
1096 1546 1322 1595 futurum
1372 1574 1383 1585 ·
1432 1544 1612 1594 Dietus
1655 1562 1774 1594 vero
1811 1544 2097 1595 Willelmus
2140 1546 2222 1595 vel
2262 1546 2474 1596 heredes
2514 1546 2586 1595 sui

507 1640 645 1690 nullo
684 1640 833 1689 modo
874 1639 1055 1689 diffam
1095 1645 1283 1688 terram
1322 1676 1334 1687 .
1374 1676 1386 1686 .
1427 1676 1439 1686 .
1477 1638 1770 1688 alienabunt
1808 1676 1819 1687 .
1861 1676 1872 1687 .
1913 1676 1924 1687 .
1963 1637 2065 1687 sine
2104 1638 2348 1688 dictorum
2388 1639 2587 1705 religio-

510 1735 673 1784 sorum
695 1733 898 1799 speciali
921 1732 1136 1783 licencia
1174 1770 1185 1781 .
1226 1769 1237 1780 .
1277 1769 1289 1780 .
1326 1730 1388 1780 In
1415 1732 1555 1781 cuius
1591 1732 1667 1782 rei
1703 1731 2040 1782 testimonium
2067 1731 2151 1780 vni
2185 1732 2318 1797 parti
2346 1732 2588 1797 presentis

515 1828 683 1894 scripti
724 1826 1060 1893 cirographati
1097 1843 1251 1891 penes
1290 1825 1475 1875 dictum
1502 1825 1814 1875 VVillelmum
1839 1833 1890 1874 et
1913 1824 2124 1875 heredes
2162 1825 2272 1874 suos
2307 1826 2587 1875 remanenti

510 1921 781 1988 appofitum
820 1920 891 1970 est
932 1937 1193 1970 commune
1235 1918 1448 1985 sigillum
1491 1918 1699 1985 capituli
1743 1956 1754 1967 .
1801 1956 1812 1967 .
1858 1956 1869 1967 .
1912 1918 2073 1968 altera
2114 1935 2234 1968 vero
2274 1936 2392 1985 pars
2433 1936 2587 1984 penes

510 2016 702 2065 eosdem
728 2014 982 2080 religiosos
1009 2013 1165 2080 sigillo
1191 2013 1308 2063 dieti
1334 2013 1574 2062 Willelmi
1598 2019 1824 2063 remanet
1850 2010 2154 2078 consignata.

509 2270 834 2358 Preceptum
860 2292 1053 2359 regium
1078 2292 1140 2342 de
1166 2291 1430 2359 regalitate
1456 2291 1716 2346 seruanda.

512 2458 587 2531 In
623 2479 823 2528 nomine
870 2477 1079 2527 Domini
1122 2495 1266 2529 amen
1306 2505 1316 2515 ·
1356 2477 1472 2527 Hoc
1514 2478 1586 2527 est
1627 2477 1910 2543 exemplum
1953 2477 2266 2542 quarundam
2308 2477 2590 2527 litterarum

516 2590 722 2637 quarum
746 2572 1065 2621 continencia
1084 2572 1358 2621 dinoscitur
1377 2571 1470 2621 effe
1490 2571 1604 2621 talis
1627 2599 1639 2611 ·
1664 2572 1917 2632 Robertus
1936 2571 1998 2619 de
2018 2570 2267 2620 Lavedier
2287 2570 2590 2620 camerarius

521 2663 693 2714 Scocie
719 2663 1091 2713 vicecomitibus
1118 2663 1381 2729 prepositis
1406 2672 1455 2713 et
1481 2682 1654 2714 eorum
1689 2664 1887 2713 balliuis
1913 2664 1976 2713 ad
2002 2681 2125 2728 quos
2161 2664 2412 2729 presentes
2448 2663 2592 2712 litere

516 2755 839 2821 peruenerint
877 2794 887 2804 .
928 2794 939 2804 .
979 2793 990 2805 .
1030 2755 1163 2814 Quia
1201 2794 1211 2804 .
1253 2794 1263 2805 .
1304 2795 1315 2806 .
1354 2758 1506 2806 abbas
1545 2766 1596 2808 et
1634 2764 1912 2808 conuentus
1950 2757 2013 2806 de
2052 2756 2395 2807 Abirbrothoc
2434 2764 2595 2806 terras

518 2850 624 2898 suas
668 2848 721 2897 in
769 2865 925 2915 regno
976 2848 1150 2899 Scocie
1194 2850 1246 2898 in
1293 2850 1455 2900 libera
1500 2850 1765 2916 regalitate
1810 2857 1985 2900 tenent
2024 2858 2075 2899 et
2116 2849 2180 2898 ad
2227 2849 2356 2915 ipsos
2404 2850 2595 2898 escaete

520 2941 760 2990 di&arum
786 2950 1030 2991 terrarum
1054 2949 1104 2991 et
1128 2942 1434 2993 forisfa&ure
1459 2952 1558 2994 tam
1587 2951 1812 3010 tempore
1837 2943 1979 3009 pacis
2002 2960 2151 3008 quam
2188 2959 2371 3009 guerre
2397 2943 2461 2992 de
2478 2943 2594 3007 jure

503 3034 775 3101 ⁴pertinent
814 3064 825 3075 ·
858 3033 997 3083 vobis
1021 3035 1313 3084 mandamus
1351 3073 1361 3086 .
1404 3075 1415 3085 .
1456 3075 1467 3085 .
1505 3047 1752 3102 quatenns
1777 3038 1841 3087 de
1865 3037 2011 3086 bonis
2038 3036 2118 3086 vel
2155 3037 2218 3086 de
2252 3036 2402 3086 terris
2438 3035 2595 3085 homi-

519 3143 638 3176 num
676 3125 872 3175 suorum
912 3126 1000 3191 qui
1036 3126 1090 3174 in
1126 3126 1271 3176 bellis
1308 3129 1369 3178 de
1407 3129 1619 3197 Duplyn
1658 3138 1709 3180 et
1744 3131 1808 3180 de
1846 3129 2070 3179 Halidon
2108 3127 2255 3180 occifi
2279 3110 2484 3179 fuerunt
2508 3147 2595 3178 vos

519 3219 803 3270 nullatenus
827 3218 1172 3270 intromittatis
1197 3237 1291 3271 nec
1331 3259 1341 3270 .
1383 3260 1395 3270 .
1435 3261 1446 3272 .
1485 3223 1677 3288 aliquos
1702 3225 1748 3273 se
1774 3223 2111 3274 intromittere
2147 3223 2450 3289 permittatis
2489 3252 2497 3261 -
2543 3222 2596 3272 Si
