2762 3834
529 392 625 436 100
976 377 1403 433 REGISTRUM
1437 376 1534 425 DE
1571 372 2133 424 ABERBROTHOC.

528 591 848 675 Refignacio
873 615 1118 656 terrarum
1144 605 1204 651 de
1230 601 1486 650 Lathame.

383 802 478 852 116
532 773 808 845 Uniuerfis
832 796 1000 854 pateat
1050 826 1059 835 .
1110 825 1119 834 .
1172 825 1180 833 .
1217 801 1296 832 me
1325 781 1628 830 Willelmum
1654 781 1715 829 de
1742 780 2078 846 Strathachyn
2112 781 2405 846 burgensem
2456 820 2464 829 .
2515 820 2523 829 .
2574 821 2583 830 .

531 886 591 933 de
616 882 802 931 Dunde
839 919 847 928 .
887 918 896 927 .
935 917 945 927 .
984 875 1281 926 constituifl'e
1310 913 1321 923 .
1359 913 1368 922 .
1407 913 1416 922 .
1453 873 1727 921 Patricium
1762 874 1823 922 de
1863 873 2073 938 Gardyn
2098 874 2160 922 de
2187 874 2362 922 eodem
2384 882 2433 923 et
2458 872 2585 922 Mal-

531 991 723 1024 comum
752 971 947 1021 Guthre
998 1009 1006 1018 .
1044 1009 1052 1017 .
1095 985 1266 1016 ,meos
1304 1005 1313 1015 .
1353 1006 1361 1014 .
1400 1004 1409 1014 .
1446 974 1798 1030 procuratores
1835 1004 1844 1013 .
1887 1004 1896 1013 .
1941 1004 1950 1014 .
1988 965 2050 1013 ad
2075 965 2423 1030 resignandum
2468 1005 2476 1014 .
2519 1005 2527 1013 .
2576 1005 2584 1014 .

530 1069 580 1115 in
619 1065 844 1114 manibus
897 1100 908 1110 .
965 1100 974 1109 .
1028 1098 1040 1109 .
1091 1059 1281 1109 abbatis
1321 1096 1331 1107 .
1386 1095 1397 1106 .
1450 1095 1461 1106 .
1511 1058 1572 1105 de
1611 1057 1951 1106 Abirbrothoc
1990 1095 2000 1105 .
2048 1094 2059 1106 .
2106 1095 2117 1106 .
2156 1066 2314 1106 terras
2353 1075 2487 1106 meas
2527 1059 2587 1107 de

531 1158 772 1207 Lathame
819 1193 830 1204 .
884 1193 894 1203 .
947 1192 957 1202 .
1005 1154 1226 1202 iacentes
1272 1151 1325 1199 in
1367 1149 1631 1216 regalitate
1672 1150 1734 1198 de
1775 1149 2116 1198 Abirbrothoc
2157 1150 2290 1198 infra
2329 1151 2589 1199 vicecomi-

529 1259 683 1300 tatum
732 1249 793 1296 de
841 1247 1021 1296 Forfar
1057 1275 1067 1285 -
1106 1244 1426 1310 quasquidem
1472 1279 1482 1290 .
1533 1279 1544 1289 .
1595 1279 1607 1289 .
1653 1243 1714 1290 (le
1754 1279 1765 1291 .
1815 1280 1825 1290 .
1876 1280 1886 1290 .
1930 1243 2107 1291 abbate
2159 1280 2170 1292 .
2227 1280 2237 1292 .
2295 1281 2304 1291 .
2349 1251 2494 1292 teneo
2536 1244 2587 1291 in

529 1344 689 1407 capite
739 1379 750 1390 .
805 1378 815 1389 .
870 1378 881 1388 .
930 1339 991 1387 In
1035 1338 1175 1387 cuius
1221 1337 1295 1386 rei
1337 1334 1672 1385 testimonium
1719 1334 1928 1400 figillum
1971 1352 2135 1383 meum
2173 1335 2482 1400 presentibus
2521 1335 2591 1384 est

529 1435 794 1500 appensum
835 1433 965 1497 apud
1007 1431 1194 1480 Dunde
1234 1429 1427 1478 decimo
1463 1427 1596 1476 sexto
1634 1427 1714 1475 die
1753 1428 1929 1499 menfis
1966 1426 2181 1492 Augusti
2218 1445 2348 1476 anno
2382 1427 2590 1476 Domini

527 1526 783 1575 millefimo
809 1522 1294 1590 quadringentesimo
1321 1520 1725 1586 quinquagesimo
1751 1523 1943 1569 octauo.

530 1777 850 1861 Refignacio
875 1793 1146 1844 tenementi
1171 1794 1232 1842 de
1258 1793 1430 1842 Perth.

388 1990 478 2043 117
532 1955 604 2026 In
632 1975 831 2024 nomine
856 1974 1060 2023 Domini
1088 1990 1232 2021 amen
1269 2002 1278 2012 ·
1318 1972 1416 2020 Per
1441 1971 1538 2020 hoc
1573 2008 1584 2020 .
1621 2009 1633 2020 .
1670 2009 1681 2021 .
1708 1979 1877 2037 pateat
1910 2010 1921 2021 .
1957 2010 1968 2021 .
2005 2011 2016 2021 .
2051 1974 2184 2038 quod
2206 1991 2337 2023 anno
2362 1974 2589 2024 incarna-

534 2069 689 2118 cionis
729 2067 974 2116 dominice
1010 2066 1266 2114 millefimo
1300 2064 1788 2130 quadringentesimo
1820 2066 2223 2132 quinquagesimo
2250 2072 2423 2117 octauo
2463 2095 2473 2106 ·
2510 2069 2590 2116 die

535 2178 651 2209 vero
681 2159 856 2208 menfis
880 2158 1092 2224 Augusti
1119 2158 1313 2206 decima
1336 2157 1543 2221 septima
1578 2185 1588 2194 ·
1624 2158 1896 2207 indictione
1922 2159 2057 2208 sexta
2090 2187 2099 2196 ·
2136 2161 2455 2224 pontificatus
2483 2198 2494 2208 .
2531 2198 2542 2209 .
2579 2197 2589 2207 .

537 2252 707 2302 Calisti
736 2289 746 2299 .
775 2289 786 2300 .
816 2289 827 2299 .
853 2269 981 2316 pape
1008 2250 1154 2299 tercii
1180 2267 1311 2299 anno
1337 2258 1516 2314 quarto
1542 2279 1553 2290 ·
1578 2251 1632 2298 in
1655 2251 1755 2299 mei
1781 2291 1789 2300 .
1828 2290 1838 2300 .
1876 2290 1886 2300 .
1913 2258 1964 2300 et
1988 2252 2184 2300 testium
2211 2253 2592 2318 subscriptorum

534 2344 789 2409 presencia
826 2381 836 2392 .
883 2381 893 2392 .
934 2380 945 2392 .
981 2343 1212 2391 Andreas
1256 2342 1500 2391 Fermour
1550 2380 1560 2391 .
1608 2380 1619 2391 .
1674 2379 1685 2391 .
1728 2344 1986 2393 reuocavit
2055 2380 2066 2392 .
2119 2382 2129 2393 .
2181 2381 2192 2392 .
2239 2362 2409 2394 omnes
2453 2383 2464 2394 .

535 2445 883 2501 procuratores
907 2453 996 2500 per
1020 2436 1179 2500 ipsum
1217 2443 1332 2484 ante
1371 2436 1538 2484 datam
1575 2435 1819 2499 presentis
1856 2435 2172 2485 instrumenti
2211 2438 2502 2488 constitutos
2537 2439 2589 2487 in

539 2531 683 2578 causa
742 2566 753 2577 .
793 2565 803 2576 .
845 2566 853 2576 .
891 2528 1159 2592 subscripta
1205 2535 1254 2576 et
1303 2565 1314 2576 .
1367 2565 1377 2576 .
1430 2565 1441 2576 .
1491 2528 1746 2576 ordinauit
1790 2566 1801 2576 .
1853 2566 1864 2577 .
1916 2565 1927 2576 .
1965 2527 2249 2578 Johannem
2294 2529 2590 2596 Quhytsoun

539 2622 829 2686 burgensem
853 2621 913 2669 de
939 2621 1092 2668 Perth
1117 2649 1127 2659 ·
1165 2620 1452 2685 magistrum
1478 2620 1512 2669 J
1516 2621 1762 2668 ohannem
1787 2619 2015 2686 Dunnyn
2042 2621 2282 2670 vicarium
2307 2623 2368 2671 de
2393 2622 2546 2672 Perth
2584 2652 2593 2660 ·

544 2722 593 2762 et
617 2713 870 2761 dominum
895 2712 1169 2760 Patricium
1195 2711 1344 2777 Kyrk
1380 2713 1691 2776 capellanum
1731 2741 1742 2751 ·
1778 2714 1887 2763 suos
1926 2753 1937 2763 .
1978 2752 1989 2763 .
2030 2752 2041 2763 .
2079 2723 2429 2780 procuratores
2476 2754 2487 2766 .
2529 2755 2539 2765 .
2581 2756 2591 2766 .

542 2806 613 2854 ita
637 2805 768 2868 quod
793 2804 1068 2869 specialitas
1092 2803 1408 2868 generalitati
1432 2822 1531 2852 non
1559 2806 1754 2872 diroget
1779 2824 1872 2856 nec
1897 2825 1924 2856 e
1951 2815 2127 2856 contra
2164 2846 2175 2856 .
2216 2845 2229 2858 .
2266 2846 2277 2857 .
2317 2810 2594 2865 concedens

546 2936 557 2947 .
597 2936 608 2946 .
649 2935 659 2946 .
698 2897 791 2945 suis
829 2896 1232 2961 procuratoribus
1269 2935 1278 2943 .
1317 2935 1325 2944 .
1364 2935 1374 2945 .
1411 2898 1704 2960 potestatem
1742 2937 1752 2947 .
1798 2936 1809 2947 .
1858 2938 1868 2947 .
1906 2901 1967 2948 ad
2007 2937 2018 2947 .
2059 2937 2070 2949 .
2113 2938 2121 2947 .
2157 2899 2502 2966 resignandum
2542 2903 2593 2951 in

545 2990 769 3038 manibus
812 2988 1019 3036 alicuius
1059 2988 1233 3036 balliui
1273 2989 1391 3036 dieti
1434 2990 1579 3053 burgi
1618 2992 1678 3039 de
1721 2992 1875 3040 Perth
1918 3000 2255 3041 tenementum
2294 2994 2431 3042 suum
2469 3032 2478 3042 .
2526 3033 2536 3042 .
2583 3033 2593 3043 .

544 3084 711 3132 iacens
753 3082 804 3129 in
840 3081 940 3129 Via
973 3080 1174 3144 Aquosa
1211 3098 1271 3128 ex
1311 3090 1452 3145 parte
1491 3082 1669 3129 boriali
1710 3083 1925 3132 eiusdem
1959 3085 2056 3133 vici
2094 3085 2227 3133 inter
2267 3093 2452 3135 terram
2488 3124 2497 3135 .
2535 3125 2545 3135 .
2584 3126 2594 3135 .

548 3175 738 3224 abbatis
777 3211 788 3222 .
830 3212 838 3219 .
880 3211 891 3222 .
930 3173 990 3220 (le
1035 3172 1204 3237 Cupro
1246 3190 1305 3221 ex
1345 3180 1487 3237 parte
1525 3173 1702 3221 boriali
1741 3212 1752 3222 .
1788 3212 1799 3223 .
1838 3212 1848 3223 .
1887 3183 1936 3224 et
1972 3184 2156 3225 terram
2181 3178 2361 3241 prioris
2395 3216 2406 3227 .
2444 3217 2454 3227 .
2491 3218 2500 3228 .
2536 3181 2597 3229 de
