2762 3834
23 2439 25 2497 3
73 2474 160 2519 381

673 315 1101 366 REGISTRUM
1134 316 1231 366 DE
1266 318 1817 371 ABERBROTHOC.
2149 334 2244 384 309

226 526 481 598 Licencia
505 548 692 595 domini
716 547 751 595 J
755 548 963 596 ohannis
988 547 1148 614 Fethy
1174 551 1236 597 ad
1261 550 1423 600 scolas,

230 766 239 777 .
282 767 293 777 .
332 767 343 777 .
386 729 562 778 Pateat
600 767 610 778 .
658 767 669 777 .
713 768 723 778 .
770 746 860 778 nos
895 729 1094 778 Dauid.
1141 768 1150 778 .
1196 767 1207 777 .
1251 732 1474 779 abbatem
1519 770 1530 780 .
1573 770 1583 779 .
1629 770 1639 780 .
1680 734 1739 781 de
1767 732 2099 782 Abirbrothoc
2143 770 2154 781 .
2193 770 2203 780 .
2243 769 2254 779 .

225 821 490 886 expediens
515 821 801 870 deliberafl'e
826 829 875 870 et
908 860 918 870 .
960 859 970 870 .
1013 860 1023 870 .
1063 822 1333 871 conceffifl'e
1359 831 1411 872 ut
1443 825 1669 873 nonnulli
1692 826 1869 874 fratres
1893 826 2046 874 nostri
2069 828 2253 874 monas-

224 913 336 962 terii
362 914 426 962 ad
449 913 820 962 vniuerfitatum
846 913 1007 962 studia
1027 914 1287 962 erudiendi
1311 915 1675 964 dimitterentur
1711 918 1781 965 uti
1817 918 2031 982 ipsorum
2054 917 2254 981 ingenia

222 1005 493 1054 salubribus
516 1005 761 1054 illustrata
785 1005 1055 1069 disciplinis
1081 1005 1353 1053 confratres
1373 1007 1677 1055 documentis
1700 1016 1747 1056 et
1766 1008 2052 1072 religionem
2077 1010 2253 1058 litteris

223 1099 459 1146 decorare
483 1097 661 1161 poffint
685 1114 743 1145 ac
768 1096 1121 1144 nonnullorum
1145 1098 1366 1146 incursus
1393 1107 1441 1146 et
1466 1099 1676 1148 sinistras
1711 1101 1762 1148 in
1799 1101 1979 1149 dictum
2014 1105 2251 1151 monaste-

221 1190 349 1238 rium
373 1189 686 1237 imminentes
711 1188 999 1236 moliciones
1022 1189 1143 1236 iuris
1167 1191 1385 1238 remedio
1419 1192 1577 1240 edocti
1601 1192 1893 1255 prohibeant
1929 1223 1939 1232 ·
1975 1194 2252 1259 Eapropter

221 1298 310 1329 nos
351 1319 362 1329 .
399 1319 409 1329 .
452 1319 462 1328 .
506 1280 759 1329 dominum
781 1279 816 1327 J
820 1280 1065 1328 ohannem
1091 1273 1252 1346 Fethy
1277 1282 1494 1330 nostrum
1531 1283 1826 1332 confratrem
1859 1285 1990 1333 fama
2013 1294 2061 1333 et
2084 1286 2252 1335 hones-

222 1381 322 1422 tate
346 1373 595 1437 integrum
620 1389 714 1421 nec
739 1371 850 1420 vllis
876 1372 1163 1420 criminibus
1187 1373 1423 1422 irrititum
1459 1374 1750 1422 monachum
1786 1376 1937 1424 nostri
1973 1378 2252 1426 monasterii

222 1464 437 1529 expresse
472 1463 735 1528 profeffum
760 1471 809 1512 et
833 1464 1137 1511 sacerdotem
1174 1465 1238 1512 ad
1274 1481 1565 1529 quecunque
1601 1466 1853 1530 generalia
1886 1467 2251 1516 vniuerfitatum

220 1556 379 1605 studia
402 1557 680 1605 litterarum
704 1555 927 1605 scienciis
951 1556 1129 1604 florida
1152 1556 1202 1604 in
1228 1573 1382 1621 regno
1408 1555 1580 1605 Scocie
1617 1565 1700 1605 aut
1735 1565 1874 1605 extra
1901 1559 2055 1606 eciam
2078 1559 2252 1607 Roma—

219 1666 333 1697 nam
370 1649 500 1713 apud
534 1649 723 1697 curiam
748 1649 784 1696 fi
816 1648 902 1696 fibi
937 1648 1204 1712 expediens
1230 1648 1427 1696 videtur
1452 1649 1514 1696 ad
1549 1648 1815 1696 triennium
1850 1666 1879 1696 a
1914 1650 2029 1697 data
2061 1651 2254 1713 presen-

220 1742 349 1790 cium
374 1735 660 1789 immediate
683 1740 904 1788 futurum
943 1747 992 1787 et
1029 1740 1159 1788 vltra
1183 1741 1393 1789 durante
1419 1741 1586 1789 nostra
1610 1741 1861 1790 voluntate
1898 1742 1982 1790 fibi
2016 1742 2253 1806 legittime

217 1833 493 1881 intimanda
516 1832 837 1880 licenciamus
887 1871 895 1879 .
946 1872 954 1880 .
1006 1871 1014 1879 .
1065 1832 1218 1895 Apud
1264 1870 1274 1879 .
1318 1871 1328 1880 .
1369 1870 1379 1881 .
1418 1832 1765 1881 monasterium
1792 1832 1982 1880 decimo
2019 1833 2097 1881 die
2123 1850 2252 1881 men-

218 1925 277 1972 fis
301 1924 530 1972 Januarii
568 1941 698 1972 anno
738 1960 750 1972 .
794 1961 804 1971 .
846 1959 857 1971 .
899 1922 1106 1971 Domini
1141 1923 1394 1971 millesimo
1431 1922 1909 1987 quadringentesimo
1945 1923 2253 1988 nonogesimo

219 2016 437 2080 septimo.

221 2267 525 2355 Kynclwne
551 2290 795 2339 afl'edatur
820 2291 1039 2355 quinque
1065 2289 1360 2338 tenentibus.

230 2446 405 2539 [Nos]
451 2474 620 2522 Dauid
661 2512 670 2522 .
715 2512 725 2522 .
770 2511 780 2522 .
822 2474 971 2522 abbas
1014 2510 1023 2519 .
1066 2511 1075 2520 .
1127 2510 1137 2520 .
1176 2473 1236 2519 de
1277 2467 1662 2517 Abirbrothoc·.
1724 2504 1734 2514 .
1775 2503 1785 2513 .
1834 2465 2096 2513 affedamus
2134 2502 2145 2512 .
2185 2501 2196 2512 .
2236 2501 2246 2512 .

220 2563 472 2612 Willelmo
518 2564 734 2613 Tulloch
772 2592 782 2602 ·
805 2564 1039 2612 Donaldo
1083 2563 1251 2624 Peddy
1284 2592 1295 2602 ·
1321 2559 1508 2624 Agneti
1551 2558 1683 2606 Mair
1708 2586 1717 2596 ·
1744 2556 1992 2605 Willelmo
2031 2556 2201 2619 Peddy
2239 2583 2249 2592 ·

220 2654 436 2703 Patricio
460 2655 664 2704 Andree
690 2685 699 2694 -
727 2663 972 2704 eteorum
998 2654 1246 2718 affignatis
1280 2690 1291 2700 .
1331 2689 1342 2700 .
1382 2688 1393 2699 .
1430 2667 1530 2698 non
1568 2686 1580 2697 .
1621 2685 1631 2696 .
1666 2686 1677 2696 .
1713 2648 1912 2697 maioris
1937 2648 2086 2696 status
2130 2685 2140 2694 .
2186 2684 2197 2695 .
2238 2683 2248 2692 .

222 2762 367 2808 quam
402 2746 593 2810 ipsimet
634 2784 645 2795 .
691 2784 701 2795 .
750 2785 760 2795 .
802 2755 961 2795 terras
1008 2746 1198 2794 nostras
1235 2743 1351 2793 ville
1388 2741 1550 2789 nostre
1589 2741 1649 2788 de
1688 2739 1962 2804 Kynclwne
2007 2776 2017 2786 .
2083 2774 2092 2785 .
2144 2774 2154 2785 .
2203 2745 2249 2784 et

222 2837 485 2900 vnicuique
509 2837 710 2885 illorum
729 2845 922 2902 partem
944 2837 1080 2885 illam
1107 2852 1252 2899 quam
1278 2850 1410 2882 nunc
1436 2839 1644 2896 occupat
1669 2847 1837 2879 eorum
1861 2830 2060 2893 quisque
2110 2865 2121 2875 .
2177 2865 2187 2874 .
2236 2863 2247 2873 .

223 2944 318 2975 vna
341 2945 451 2976 cum
476 2929 642 2993 garbis
668 2927 989 2976 decimalibus
1015 2926 1229 2975 eiusdem
1266 2919 1381 2974 ville
1413 2940 1503 2987 pro
1538 2931 1759 2985 tempore
1784 2922 1952 2968 decem
1988 2927 2036 2967 et
2070 2934 2243 2966 nouem

223 3034 463 3066 annorum
501 3057 511 3067 .
549 3057 559 3066 .
594 3056 606 3067 .
638 3018 849 3067 termino
878 3034 995 3066 vero
1019 3017 1252 3065 introitus
1289 3053 1298 3063 .
1335 3053 1345 3063 .
1386 3053 1395 3063 .
1431 3014 1700 3078 incipiente
1723 3014 1774 3060 in
1800 3013 1920 3060 festo
1940 3009 2246 3059 Pentecostes

223 3107 387 3155 datam
407 3108 713 3171 presencium
737 3107 1019 3155 immediate
1043 3106 1341 3170 precedente
1369 3131 1378 3141 ·
1405 3105 1677 3153 Reddendo
1714 3141 1725 3151 .
1764 3141 1773 3150 .
1812 3141 1821 3150 .
1857 3119 1947 3166 pro
1965 3103 2102 3149 firma
2139 3137 2150 3147 .
2187 3136 2198 3146 .
2236 3135 2246 3144 .
