2762 3834
444 1522 541 1569 286

434 3066 527 3118 287

599 393 696 438 238
1046 382 1466 436 REGISTRUM
1501 381 1596 430 DE
1632 378 2190 429 ABERBROTHOC.

601 521 866 571 adnincula
888 521 1053 568 datam
1077 517 1378 582 presencium
1404 512 1686 560 immediate
1711 512 1944 573 sequente
1968 537 1978 547 -
2012 510 2258 560 Soluendo
2305 549 2315 559 .
2357 549 2366 560 .
2411 550 2420 560 .
2465 514 2640 578 vig‘nti

603 613 780 662 solidos
822 648 833 660 .
876 649 885 659 .
930 648 941 659 .
982 619 1179 657 monete
1220 645 1230 654 .
1278 644 1289 653 .
1334 643 1343 652 .
1394 603 1566 652 Scocie
1591 603 1655 650 ad
1699 638 1710 650 .
1753 641 1761 649 .
1810 638 1820 650 .
1862 601 1985 649 festa
2027 639 2037 650 .
2079 641 2089 650 .
2136 639 2147 650 .
2190 602 2376 652 Pasche
2402 612 2451 653 et
2477 604 2642 654 Sancti

600 704 735 754 Petri
777 702 984 766 predicti
1028 707 1217 748 tantum
1265 737 1273 746 .
1314 735 1324 745 .
1368 734 1377 744 .
1420 694 1684 744 Refiduum
1725 709 1843 741 vero
1878 693 1930 741 in
1970 693 2152 743 rentali
2193 694 2422 743 videlicet
2462 696 2523 744 de
2563 696 2640 744 sex

600 794 762 842 solidis
797 800 845 840 et
882 794 990 839 οᾶο
1014 788 1229 838 denariis
1252 788 1305 835 in
1331 804 1461 835 anno
1495 786 1624 834 idem
1661 784 1894 849 magister
1927 784 2203 834 Duneanus
2234 787 2462 836 satisfecit
2495 789 2637 837 nobis

597 902 685 949 pro
727 883 867 931 dietis
910 881 1137 929 vndecim
1179 879 1321 927 annis
1362 888 1583 942 tempore
1626 876 1946 926 confefflonis
1981 878 2289 941 presencium
2331 917 2341 927 .
2386 918 2394 927 .
2439 918 2449 927 .
2491 880 2641 943 Apud

595 972 939 1023 monasterium
985 1010 994 1020 .
1038 1011 1046 1019 .
1091 1011 1099 1019 .
1143 971 1203 1018 de
1241 969 1560 1018 Abberbroth
1603 969 1816 1018 seeundo
1852 970 1933 1018 die
1970 970 2143 1019 menfis
2179 970 2473 1020 Decembris
2509 989 2639 1020 anno

596 1065 799 1115 Domini
829 1067 968 1112 1485.

595 1319 879 1389 Afl'edacio
903 1344 1148 1383 terrarum
1174 1333 1235 1381 de
1261 1332 1443 1398 Kepty.

592 1497 720 1569 Nos
744 1517 914 1566 Dauid
938 1516 1087 1564 abbas
1136 1554 1144 1563 .
1194 1551 1204 1562 .
1253 1552 1262 1562 .
1311 1514 1372 1561 de
1409 1512 1747 1561 Abirbrothoc
1789 1551 1799 1560 .
1844 1551 1854 1560 .
1897 1551 1907 1560 .
1950 1513 2219 1562 assedamus
2261 1553 2270 1562 .
2315 1554 2323 1563 .
2367 1554 2375 1563 .
2420 1515 2635 1566 Patricio

592 1610 776 1659 Pariter
801 1638 811 1648 ·
839 1607 1137 1673 Nycholayo
1180 1606 1384 1653 Hornar
1409 1633 1420 1643 ·
1448 1604 1640 1653 Thome
1682 1605 1887 1654 Hornar
1916 1633 1926 1643 ·
1954 1605 2205 1670 Stephano
2247 1606 2373 1672 Lyel
2396 1635 2406 1644 ·
2431 1608 2635 1657 Matheo

593 1702 817 1750 Auchlec
841 1730 851 1741 ·
881 1700 1073 1749 Thome
1095 1698 1238 1764 Tyry
1259 1727 1269 1737 ·
1289 1697 1322 1746 J
1327 1697 1511 1745 ohanni
1531 1697 1715 1746 Ferror
1733 1725 1743 1736 ·
1766 1697 1971 1747 Andree
1993 1697 2112 1748 Scot
2133 1730 2143 1740 -
2164 1698 2359 1748 Helene
2381 1699 2601 1764 Seytoun
2623 1731 2632 1739 ·

593 1802 642 1842 et
666 1793 886 1842 Johanni
914 1791 1111 1840 Graunt
1147 1819 1157 1829 ·
1195 1799 1244 1838 et
1269 1790 1362 1838 suis
1398 1789 1646 1854 affignatis
1686 1827 1697 1838 .
1742 1827 1753 1837 .
1794 1827 1806 1839 .
1847 1798 2006 1838 terras
2030 1789 2220 1838 nostras
2243 1791 2304 1839 de
2329 1790 2497 1857 Kepty
2523 1809 2633 1840 cum

590 1885 798 1934 decimis·
814 1883 1094 1949 garbalibus
1120 1922 1129 1931 .
1156 1922 1164 1931 .
1192 1920 1201 1930 .
1226 1889 1373 1946 prout
1392 1898 1525 1929 nunc
1551 1890 1797 1945 occupant
1819 1896 1910 1946 pro
1934 1882 2159 1930 terminis
2185 1882 2354 1931 decem
2381 1891 2430 1932 et
2453 1901 2630 1932 nouem

589 1993 828 2025 annorum
871 2012 881 2024 .
927 2014 935 2023 .
979 2014 987 2023 .
1031 1973 1242 2022 termino
1283 1973 1514 2021 introitus
1564 2010 1574 2020 .
1613 2011 1639 2021 ..
1687 2011 1698 2022 .
1747 1973 2017 2038 incipiente
2058 1975 2110 2022 in
2151 1974 2273 2023 festo
2318 1975 2631 2024 Pentecostes

588 2069 750 2116 datam
774 2066 1078 2130 presencium
1102 2065 1384 2113 immediate
1409 2065 1641 2128 sequente
1673 2066 1744 2114 ita
1779 2066 1911 2129 quod
1947 2066 2097 2114 liceat
2128 2067 2394 2131 vnicuique
2427 2085 2486 2116 ex
2523 2085 2631 2131 per-

587 2159 715 2207 sonis
739 2157 973 2222 predictis
997 2164 1046 2206 et
1070 2156 1164 2205 suis
1190 2157 1437 2220 affignatis
1481 2197 1489 2206 .
1533 2196 1542 2205 .
1586 2195 1596 2205 .
1640 2175 1885 2222 occupare
1927 2197 1936 2207 .
1980 2197 1990 2207 .
2034 2197 2044 2207 .
2087 2167 2277 2222 partem
2314 2162 2447 2208 suam
2484 2177 2628 2223 quam

587 2267 719 2298 nunc
761 2257 968 2313 occupat
1011 2286 1021 2296 .
1064 2288 1073 2297 .
1117 2288 1126 2297 .
1167 2248 1415 2297 Soluendo
1458 2287 1467 2297 .
1510 2288 1520 2298 .
1565 2288 1574 2297 .
1618 2249 1859 2298 monacho
1901 2251 1962 2298 de
2005 2251 2252 2299 communi
2294 2290 2303 2299 .
2347 2290 2356 2299 .
2399 2289 2409 2299 .
2452 2251 2627 2316 viginti

586 2358 775 2389 marcas
816 2379 825 2389 .
869 2378 879 2389 .
922 2379 933 2388 .
974 2347 1170 2388 monete
1210 2379 1219 2388 .
1260 2379 1268 2389 .
1308 2379 1316 2388 .
1359 2340 1533 2389 Scocie
1559 2342 1622 2389 ad
1647 2342 1770 2390 duos
1795 2341 1912 2390 anni
1938 2341 2174 2390 terminos
2213 2381 2222 2390 .
2264 2380 2275 2390 .
2315 2382 2324 2391 .
2364 2342 2429 2391 Et
2453 2343 2486 2391 fi
2515 2360 2628 2392 con·

586 2434 746 2497 tingat
776 2432 1022 2496 predictas
1045 2433 1277 2496 personas
1313 2471 1323 2482 .
1355 2470 1365 2480 .
1399 2472 1409 2481 .
1444 2434 1549 2482 fore
1588 2470 1598 2481 .
1634 2470 1645 2480 .
1679 2470 1690 2481 .
1726 2433 1854 2481 male
1885 2433 2221 2497 persoluentes
2254 2442 2337 2482 aut
2361 2435 2502 2482 nobis
2534 2475 2543 2484 .
2574 2474 2583 2483 .
2615 2479 2624 2488 ,

586 2524 843 2572 iniuriosas
881 2561 891 2571 .
931 2563 940 2572 .
981 2561 991 2571 .
1030 2523 1200 2571 licebit
1223 2524 1364 2571 nobis
1400 2564 1410 2572 .
1446 2562 1456 2572 .
1495 2562 1504 2573 .
1543 2525 1603 2572 de
1627 2524 1859 2588 predictis
1895 2563 1905 2573 .
1943 2562 1953 2572 .
1991 2564 1999 2573 .
2037 2524 2182 2573 terris
2222 2565 2231 2573 .
2270 2564 2279 2574 .
2320 2562 2331 2572 .
2369 2526 2624 2589 disponere

586 2654 595 2663 .
624 2654 632 2662 .
658 2653 669 2663 .
695 2615 845 2678 Apud
871 2653 880 2662 .
907 2652 917 2662 .
944 2652 952 2662 .
979 2614 1245 2678 capitulum
1272 2615 1444 2678 quinto
1470 2616 1550 2663 die
1575 2617 1749 2664 menfis
1773 2616 2066 2667 Decembris
2091 2634 2220 2666 anno
2246 2617 2450 2666 Domini
2479 2622 2621 2666 1485.

583 2862 921 2935 Presentacio
948 2885 1147 2933 ecclefie
1172 2885 1233 2933 de
1258 2886 1593 2935 Aberkerdor.

584 3041 774 3114 Dauid
814 3102 822 3110 .
862 3100 871 3109 .
913 3101 921 3110 .
966 3065 1113 3113 abbas
1139 3065 1453 3114 confirmatus
1494 3105 1505 3115 .
1548 3105 1557 3115 .
1601 3106 1610 3116 .
1653 3069 1714 3117 de
1738 3070 2075 3120 Abirbrothoc
2111 3109 2121 3120 .
2161 3110 2170 3119 .
2206 3108 2218 3119 .
2256 3070 2453 3120 vicariis
2475 3086 2619 3135 gene·

587 3155 770 3204 ralibus
794 3156 982 3204 decano
1007 3163 1056 3204 et
1080 3156 1295 3221 capitulo
1321 3157 1521 3207 ecclesie
1554 3159 1849 3209 cathedralis
1885 3161 2209 3211 Morauienfis
2245 3162 2325 3211 seu
2367 3202 2376 3211 .
2419 3200 2429 3211 .
2472 3201 2482 3211 .
2523 3161 2619 3209 illis
