2762 3834
557 380 654 432 278
1000 371 1422 426 REGISTRUM
1456 370 1554 419 DE
1591 368 2148 419 ABERBROTHOC.

558 512 646 559 bus
681 510 891 559 dominis
927 506 1261 572 suprascriptis
1302 534 1312 543 ·
1359 503 1423 551 Et
1454 484 1546 566 ego
1576 501 1611 549 J
1615 502 1835 550 ohannes
1862 499 1990 565 Tyri
2017 498 2368 550 San&iandree
2393 503 2595 553 diocesis

558 602 766 650 clericus
807 609 855 648 et
896 599 1051 647 scriba
1091 599 1143 645 in
1186 594 1385 645 consilio
1433 591 1715 641 serenissimi
1763 592 1950 640 domini
1990 592 2144 640 nostri
2191 593 2323 658 regis
2369 596 2594 659 publicus

556 691 797 756 imperiali
823 701 871 738 et
894 689 1049 753 regali
1074 686 1364 735 auctoritate
1388 684 1611 732 notarius
1635 683 1910 747 prediRum
1937 686 2095 732 mstum
2131 685 2338 733 formam
2376 703 2596 751 compro-

555 782 673 830 mifli
721 781 772 829 in
819 782 865 828 ie
913 778 1170 828 continens
1217 777 1278 824 de
1325 776 1452 823 libro
1500 778 1720 823 actorum
1767 776 1958 825 extraxi
2001 783 2050 824 et
2096 776 2209 825 ideo
2257 777 2352 827 hoc
2399 782 2596 843 presens

555 873 801 937 publicum
838 872 1213 920 instrumentum
1251 886 1401 917 manu
1431 868 1595 916 aliena
1635 884 1713 915 me
1755 866 1864 915 aliis
1905 867 2073 916 arduis
2109 877 2350 932 occupato
2377 871 2597 935 negociis

553 965 761 1015 fideliter
787 965 1016 1028 scriptum
1052 962 1229 1010 exinde
1266 960 1457 1010 confeci
1494 960 1726 1024 fignoque
1762 959 1962 1007 nomine
1998 967 2047 1007 et
2082 959 2440 1024 subscripcione
2476 963 2597 1011 meis

553 1057 702 1105 solitis
727 1056 968 1104 consuetis
993 1054 1180 1118 signaui
1211 1054 1263 1101 in
1296 1070 1463 1101 ueram
1500 1051 1647 1100 fidem
1683 1049 2022 1115 premissorum
2064 1079 2074 1089 ·
2115 1050 2265 1100 Vnde
2301 1053 2432 1102 (Ιὶᾶο
2469 1071 2597 1101 com-

552 1146 775 1212 promisso
814 1149 956 1211 super
992 1146 1142 1194 solum
1181 1145 1420 1193 dictarum
1457 1152 1702 1192 terrarum
1738 1143 1819 1191 die
1859 1145 2030 1191 o&auo
2066 1142 2297 1192 Januarii
2333 1162 2463 1193 anno
2500 1163 2597 1209 quo

552 1240 695 1303 supra
739 1239 851 1303 ipsis
899 1237 1170 1287 affisoribus
1216 1237 1267 1285 in
1314 1236 1572 1301 presencia
1618 1235 1923 1283 honorabilis
1971 1235 2065 1283 uiri
2114 1235 2149 1284 J
2153 1236 2361 1284 ohannis
2406 1237 2596 1303 Ogiluy

552 1332 772 1396 deputati
821 1330 1077 1379 iusticiarii
1127 1329 1339 1394 supremi
1398 1328 1583 1376 domini
1634 1327 1823 1375 domini
1869 1328 2001 1392 regis
2048 1345 2106 1375 ac
2154 1329 2453 1377 uenerabilis
2501 1331 2596 1379 uiri

551 1424 768 1488 magistri
812 1423 1004 1472 Thome
1049 1422 1213 1471 Grant
1261 1420 1490 1470 canonici
1538 1437 1596 1468 ac
1645 1419 1865 1468 officialis
1913 1419 2240 1468 Morauiensis
2288 1421 2597 1470 commissarii

551 1516 812 1564 reuerendi
848 1514 1002 1579 patris
1038 1513 1251 1578 episcopi
1289 1512 1617 1561 Morauienfis
1659 1511 1877 1575 perlecto
1916 1528 2039 1559 onus
2078 1511 2354 1561 huiusmodi
2394 1515 2597 1563 materie

552 1608 680 1655 diao
706 1608 893 1656 vicario
929 1606 1143 1655 instante
1168 1614 1218 1654 et
1243 1605 1606 1654 contumaciam
1641 1605 1823 1669 prefati
1847 1605 2123 1654 Alexandri
2149 1606 2335 1654 domini
2359 1608 2420 1656 de
2446 1607 2596 1657 Innes

551 1700 807 1749 accusante
832 1716 1010 1763 magno
1034 1700 1312 1747 iuramento
1337 1698 1704 1747 interueniente
1731 1697 1892 1761 capite
1921 1696 2086 1750 Samffi
2111 1696 2345 1747 Marnani
2371 1701 2594 1764 presente

551 1794 601 1840 in
626 1794 673 1840 se
698 1791 1046 1855 assumpserunt
1088 1818 1097 1827 ·
1139 1790 1343 1854 visisque
1376 1789 1763 1855 allegacionibus
1788 1807 1845 1838 ex
1872 1797 2014 1854 parte
2041 1790 2215 1839 uicarii
2251 1792 2503 1855 produffis
2538 1811 2596 1842 ac

551 1884 882 1933 marchiarum
906 1883 1141 1931 limitibus
1166 1900 1224 1932 ac
1247 1882 1426 1931 bondis
1451 1881 1769 1931 consideratis
1794 1890 1843 1930 et
1868 1882 2000 1946 quafi
2026 1882 2089 1930 ad
2112 1882 2314 1946 plenum
2349 1884 2481 1933 inter
2504 1903 2595 1933 nos

552 1975 764 2024 discuflis
799 1975 988 2024 rimatis
1014 1982 1062 2023 et
1087 1974 1404 2023 consideratis
1435 1975 1689 2023 decretum
1725 1974 1946 2022 nostrum
1971 1974 2023 2022 in
2048 1974 2215 2038 aliqua
2250 1983 2391 2039 parte
2428 1994 2594 2025 coram

552 2068 746 2116 notario
788 2067 1052 2132 subscripto
1091 2067 1231 2115 nobis
1270 2068 1431 2116 iurato
1471 2067 1621 2116 tacite
1659 2075 1708 2115 et
1746 2068 1797 2114 in
1837 2066 2038 2114 consilio
2072 2066 2204 2115 inter
2239 2084 2328 2115 nos
2354 2076 2403 2116 et
2428 2086 2594 2117 coram

551 2161 679 2209 diao
704 2160 896 2208 notario
922 2160 972 2207 in
1000 2159 1189 2223 scripfis
1218 2159 1657 2223 pronunciauimus
1683 2186 1692 2196 ·
1718 2166 1768 2207 et
1803 2176 1862 2206 ex
1888 2176 1946 2207 eo
1983 2159 2115 2223 quod
2148 2161 2449 2223 presenciam
2474 2161 2593 2209 dieti

550 2253 825 2301 Alexandri
851 2252 1037 2300 domini
1063 2253 1123 2300 de
1149 2252 1299 2300 Innes
1324 2270 1415 2316 pro
1434 2251 1581 2316 ipsius
1600 2250 1824 2300 interefl'e
1847 2251 2026 2299 habere
2045 2251 2357 2315 nequiuimus
2376 2253 2593 2317 publica-

552 2346 743 2394 cionem
764 2345 907 2393 huius
927 2345 1115 2395 decreti
1134 2346 1280 2409 usque
1301 2346 1364 2394 ad
1382 2362 1564 2393 nouum
1586 2344 1872 2392 mandatum
1895 2343 2071 2407 prefati
2102 2343 2382 2392 serenissimi
2407 2345 2593 2393 domini

553 2436 704 2485 nostri
724 2437 854 2501 regis
874 2437 1272 2486 continuauimus
1298 2465 1308 2475 ·
1334 2436 1400 2485 Et
1417 2436 1715 2485 adueniente
1735 2436 1816 2483 die
1834 2435 2046 2483 secunda
2063 2435 2238 2484 mensis
2259 2434 2437 2484 Marcii
2463 2454 2592 2485 anno

555 2544 650 2590 quo
669 2528 812 2591 supra
829 2528 1049 2591 partibus
1066 2528 1206 2576 dietis
1223 2545 1388 2577 coram
1407 2528 1549 2577 nobis
1568 2527 1841 2577 affisoribus
1859 2545 1991 2576 nouo
2009 2529 2243 2577 mandato
2261 2530 2400 2594 regio
2424 2530 2593 2579 habito

557 2627 606 2666 et
625 2619 764 2666 nobis
782 2619 998 2682 perlefito
1015 2621 1158 2683 super
1178 2620 1330 2667 solum
1349 2620 1588 2668 dictarum
1608 2627 1853 2669 terrarum
1869 2621 1930 2669 de
1943 2620 2158 2669 marchis
2174 2628 2224 2669 et
2237 2622 2414 2670 bondis
2433 2622 2593 2670 huius-

553 2711 686 2759 modi
711 2710 1063 2759 altercantibus
1088 2719 1137 2759 et.
1161 2712 1516 2775 disputantibus
1542 2730 1599 2760 ac
1625 2712 1786 2760 dubiis
1809 2729 1899 2777 per
1927 2730 2016 2760 nos
2042 2710 2358 2761 consideratis
2382 2713 2592 2762 honora-

554 2802 678 2851 biles
704 2801 834 2849 uiros
859 2801 1119 2850 Valterum
1150 2802 1300 2850 Innes
1325 2804 1386 2851 de
1412 2803 1742 2870 Inuermarky
1772 2831 1783 2842 ·
1819 2804 2088 2854 Robertum
2115 2804 2265 2853 Innes
2290 2805 2351 2852 de
2375 2804 2553 2870 Drany
2580 2834 2591 2845 ·

555 2893 848 2942 Barraldum
870 2891 1019 2940 Innes
1038 2893 1090 2940 in
1111 2893 1327 2941 Haltone
1347 2920 1358 2931 ·
1381 2894 1686 2945 Willelmum
1704 2897 1854 2946 Innes
1870 2898 1922 2945 in
1944 2898 2114 2963 Crony
2138 2926 2150 2937 ·
2171 2897 2441 2962 Georgium
2465 2899 2592 2947 Gor-

555 2986 687 3034 doun
711 2985 764 3032 in
790 2983 1050 3032 Auchnaci
1092 3013 1102 3023 ·
1147 2992 1195 3031 et
1228 2983 1498 3033 Robertum
1524 2986 1673 3036 Innes
1697 2990 1749 3037 in
1773 2989 2156 3054 Auchtyndrum
2203 3015 2212 3024 ·
2255 2997 2308 3037 ut
2334 2989 2590 3038 veritatem

554 3076 759 3125 materie
774 3075 930 3140 magis
944 3092 1002 3123 ac
1016 3074 1195 3123 clarius
1208 3076 1349 3124 nobis
1363 3075 1633 3126 affisoribus
1647 3080 2016 3129 delucidaretur
2029 3079 2244 3129 affisores
2258 3081 2399 3128 nobis
2411 3097 2591 3145 magno

554 3170 830 3218 iuramento
853 3167 990 3231 prius
1013 3164 1125 3228 ipsis
1149 3166 1420 3215 deliberato
1446 3185 1555 3216 cum
1582 3172 1816 3220 consensu
1853 3173 2105 3221 ambarum
2141 3172 2363 3235 parcium
2389 3181 2438 3221 et
2463 3190 2591 3220 com-
