2742 3848
0 2850 103 2902 XV.

813 371 1112 424 CARTAE
1153 371 1623 424 ORIGINALES.
2165 381 2262 425 545

173 509 353 559 fiarum
380 516 430 559 et
453 509 868 559 monasteriorum
894 509 1039 575 regni
1072 507 1225 557 nostri
1266 514 1316 557 et
1354 508 1609 575 fignanter
1645 495 1846 559 illorum
1885 527 1982 575 que
2018 527 2109 575 per
2148 550 2157 559 .
2201 550 2210 559 .
2250 551 2260 559 .

173 620 318 669 reges
347 601 523 653 Scocie
554 603 765 653 fundata
801 603 1078 652 extiterunt
1112 602 1226 651 iura
1262 610 1312 651 et
1346 602 1607 652 libertates
1652 642 1660 651 .
1707 642 1717 652 .
1763 641 1772 652 .
1818 604 1950 653 tueri
1988 620 2259 668 eorumque

172 695 541 747 neceffitatibus
574 736 583 746 .
620 738 628 746 .
666 736 676 745 .
708 697 980 762 prouidere
1008 728 1017 738 ·
1045 696 1184 746 Hinc
1210 697 1281 745 est
1308 697 1444 761 quod
1467 695 1684 747 instante
1708 698 1855 746 nobis
1889 737 1898 746 .
1935 738 1944 746 .
1984 739 1992 747 .
2028 697 2259 747 Waltero

172 791 352 840 abbate
402 831 410 839 .
457 830 467 839 .
512 830 520 839 .
573 791 635 839 de
665 789 1045 839 Abirbrothoch
1081 807 1174 855 pro
1211 790 1554 840 renouacione
1578 791 1974 859 preuilegiorum
2000 801 2049 841 et
2072 793 2257 841 iurium

170 883 461 934 monasterii
502 922 512 932 .
552 924 560 932 .
605 924 614 932 .
656 901 748 932 1105
774 883 1000 933 volentes
1025 900 1126 932 non
1153 883 1309 932 solum
1344 884 1463 932 dieti
1501 885 1793 934 monasterii
1829 885 1942 934 iura
1981 926 1989 935 .
2030 925 2039 934 .
2086 925 2094 934 .
2136 895 2257 935 tem-

170 977 375 1043 poribus
399 975 581 1026 nostris
605 976 802 1027 illibata
838 976 1135 1026 conseruare
1175 994 1349 1026 verum
1388 977 1547 1027 eciam
1584 979 1962 1028 infeodaciones
2003 1020 2012 1028 .
2058 1018 2067 1028 .
2111 1019 2121 1028 .
2167 997 2257 1044 per

172 1109 182 1119 .
226 1109 237 1119 .
283 1109 293 1120 .
337 1069 646 1119 Willelmum
676 1068 941 1120 Scotorum
966 1087 1138 1135 regem
1180 1108 1190 1119 .
1235 1108 1245 1118 .
1292 1108 1302 1119 .
1346 1070 1480 1119 (11ἃο
1506 1072 1808 1120 monasterio
1850 1113 1857 1121 .
1904 1114 1912 1121 .
1956 1113 1965 1122 .
2009 1072 2256 1123 conceffas

168 1173 319 1229 prout
356 1164 409 1213 in
448 1172 590 1213 carta
623 1164 709 1213 sua
751 1203 760 1212 .
806 1204 815 1213 .
861 1202 869 1212 .
916 1180 1065 1228 quam
1108 1164 1170 1212 de
1215 1164 1452 1212 mandato
1497 1166 1667 1214 nostro
1717 1205 1726 1214 .
1778 1205 1786 1214 .
1839 1206 1847 1214 .
1898 1167 2076 1215 lectam
2122 1208 2131 1216 .
2178 1206 2189 1216 .
2243 1206 2252 1216 .

167 1257 325 1307 lacius
351 1257 640 1307 continetur
663 1256 1003 1306 intelleximus
1024 1263 1074 1305 et
1092 1257 1157 1305 ad
1176 1257 1380 1322 plenum
1400 1274 1465 1306 110
1490 1257 1731 1308 vetustate
1751 1260 1920 1325 aliqua
1939 1263 2254 1311 consumatur

167 1361 393 1401 tenorem
420 1352 506 1418 qui
530 1351 752 1417 sequitur
778 1351 1120 1400 continentem
1148 1350 1383 1399 duximus
1407 1350 1752 1402 innouandam
1789 1380 1799 1390 ·
1834 1353 2120 1403 Willelmus
2153 1355 2255 1404 Dei

165 1446 338 1511 gracia
374 1462 463 1495 rex
507 1444 773 1495 Scotorum
812 1444 1054 1509 episcopis
1092 1442 1209 1509 [etc.
1246 1453 1301 1494 ut
1338 1445 1390 1494 in
1426 1445 1544 1494 Vol.
1572 1445 1612 1496 I.
1640 1445 1741 1495 No.
1773 1447 1841 1513 1.]
1897 1485 1908 1496 .
1962 1489 1970 1497 .
2023 1489 2032 1497 .
2089 1448 2253 1507 Quam

165 1541 368 1605 quidem
394 1549 585 1590 cartam
628 1578 639 1588 .
683 1578 693 1588 .
738 1579 748 1588 .
793 1539 1162 1605 imperpetuum
1192 1538 1545 1587 confirmamus
1571 1539 1718 1589 saluis
1742 1541 1886 1590 nobis
1912 1549 1961 1591 et
1986 1542 2254 1592 heredibus

165 1635 346 1684 nostris
386 1635 616 1684 omnibus
655 1642 705 1684 et
743 1634 947 1700 fingulis
986 1652 1082 1699 que
1120 1634 1172 1682 in
1215 1640 1356 1682 carta
1391 1632 1618 1698 superius
1652 1633 1926 1697 expreffata
1951 1635 2074 1685 alias
2100 1639 2253 1685 reser-

164 1737 348 1779 uantur
390 1758 399 1767 ·
443 1728 504 1777 In
544 1728 686 1778 cuius
724 1728 799 1778 rei
832 1727 1170 1778 testimonium
1211 1726 1430 1791 presenti
1469 1734 1606 1774 carte
1644 1726 1811 1776 nostre
1850 1727 2252 1777 confirmacionis

162 1839 399 1889 magnum
443 1821 658 1888 figillum
698 1821 923 1870 nostrum
960 1820 1146 1886 apponi
1183 1819 1501 1886 precepimus
1543 1848 1553 1857 ·
1597 1819 1805 1869 testibus
1851 1859 1861 1869 .
1909 1859 1920 1870 .
1966 1860 1976 1870 .
2016 1821 2253 1872 Johanne

164 1916 319 1966 electo
345 1915 640 1965 confirmato
667 1912 872 1963 0001060
898 1912 1229 1963 Morauienfis
1269 1942 1279 1953 -
1321 1913 1356 1962 J
1360 1913 1559 1963 ohanne
1584 1913 1859 1964 Forestarii
1885 1917 1946 1965 de
1975 1915 2252 1966 Corstorfin

160 2009 319 2059 milite
346 2008 626 2059 camerario
651 2006 820 2057 nostro
860 2038 869 2047 ·
910 2008 1148 2074 magistro
1175 2006 1433 2057 Willelmo
1467 2007 1641 2057 Foulis
1675 2009 2031 2059 archidiacono
2061 2010 2249 2060 8011611-

161 2103 348 2152 andree
392 2102 550 2151 nostri
592 2102 780 2167 priuati
824 2100 970 2168 sigilli
1010 2101 1214 2151 custode
1264 2133 1274 2142 ·
1324 2102 1583 2152 Willelmo
1633 2104 1695 2152 de
1749 2103 2043 2154 Crechtoun
2090 2106 2249 2154 milite

161 2196 397 2263 magistro
421 2196 633 2262 hospicii
658 2196 814 2245 nostri
850 2226 858 2235 ·
895 2204 944 2245 et
971 2195 1081 2244 aliis
1111 2223 1121 2232 ·
1156 2197 1289 2261 apud
1315 2196 1472 2246 Perth
1510 2197 1675 2262 primo
1701 2197 1783 2246 die
1808 2197 1988 2247 mensis
2013 2198 2049 2247 J
2051 2200 2247 2247 anuarii

161 2307 293 2339 anno
319 2289 530 2339 Domini
562 2289 821 2339 millesimo
859 2290 1350 2355 quadringentesimo
1377 2289 1626 2339 tricefimo
1654 2291 1788 2339 sexto
1826 2299 1875 2340 et
1908 2292 2053 2357 regni
2089 2292 2243 2340 nostri

160 2382 407 2432 tricesimo
433 2383 612 2447 primo.

161 2643 435 2731 Inquisitio
461 2665 523 2713 de
551 2664 833 2713 hereditate
860 2663 1108 2713 Bernardi
1135 2664 1196 2712 de
1225 2664 1390 2731 Rofl'y.

158 2830 443 2918 Inquisicio
482 2853 613 2901 swa
653 2852 788 2916 apud
825 2850 1007 2900 Forfar
1046 2851 1222 2900 vltimo
1265 2851 1346 2900 die
1386 2851 1566 2900 11101165
1598 2850 1832 2902 Οᾶ011115
1865 2871 1996 2902 anno
2031 2854 2239 2903 Domini

152 2938 416 2995 millesimo
443 2943 933 3011 quadringentesimo
961 2943 1208 2994 tricesimo
1238 2949 1415 2994 ootauo
1442 2962 1610 2994 coram
1636 2945 1931 2995 Alexandro
1961 2947 2023 2996 (10
2051 2947 2238 3013 Ogilvy

159 3040 454 3091 vicecomite
476 3040 537 3089 de
559 3039 741 3088 Forfar
758 3057 850 3105 per
871 3037 989 3088 istos
1008 3038 1310 3104 subscriptos
1336 3045 1387 3087 et
1406 3039 1603 3103 juratos
1629 3068 1639 3078 ·
1666 3039 1902 3089 videlicet
1928 3069 1937 3079 ·
1966 3040 2237 3089 Ricardum

161 3133 323 3185 Conel
369 3161 381 3171 ·
428 3132 742 3182 Willelmum
769 3133 830 3181 de
860 3131 1201 3198 Ouchtirlony
1252 3161 1262 3171 ·
1316 3131 1491 3181 Dauid
1525 3131 1796 3197 Dempstar
1848 3164 1857 3174 ·
1903 3132 2149 3182 Thomam
2175 3133 2236 3180 (10

158 3227 465 3293 Fodringam
495 3258 504 3267 -
528 3225 839 3277 willelmum
861 3227 923 3276 de
941 3225 1158 3275 Maxwel
1183 3252 1194 3263 ·
1222 3224 1257 3274 J
1261 3224 1511 3274 ohannem
1533 3225 1595 3274 de
1617 3223 1889 3274 Carincors
1915 3252 1923 3261 ·
1949 3225 1985 3273 J
1988 3225 2234 3274 ohannem

1154 3322 1184 3366 3
1212 3334 1239 3364 z
