2742 3848
583 412 682 463 446
1033 406 1462 460 REGISTRUM
1495 405 1594 455 DE
1630 401 2191 455 ABERBROTHOC.

439 643 536 694 594
586 615 913 702 Preceptum
953 634 1106 684 safine
1148 633 1260 683 tofti
1304 640 1353 680 et
1391 629 1664 679 tenementi
1705 629 1838 677 infra
1878 629 2092 694 burgum
2124 629 2188 678 de
2217 627 2404 678 Dunde
2438 629 2647 679 iacentis

427 1480 522 1530 595

433 2022 530 2075 596

588 732 720 781 inter
743 738 927 779 terram
952 728 1069 775 olim
1091 726 1284 775 Thome
1306 723 1439 789 Leys
1464 740 1524 772 ex
1548 730 1691 787 parte
1717 721 1953 771 orientali
1976 728 2027 771 et
2050 721 2299 771 uenellam
2324 739 2420 787 que
2442 731 2647 772 vocatur

591 821 890 888 Spaldyngis
917 819 1090 885 Wynd
1126 835 1185 867 ex
1221 824 1363 882 parte
1401 814 1702 864 occidentali
1737 814 1791 863 in
1826 815 2049 864 favorem
2083 814 2264 864 Jacobi
2307 814 2647 880 Skrymgeour

588 924 820 978 tanquam
856 911 1053 960 heredis
1090 910 1340 975 quondam
1375 908 1411 957 J
1414 907 1626 957 ohannis
1654 907 1997 974 Skrymgeour
2021 907 2143 956 alias
2167 907 2203 956 J
2205 907 2269 957 ak
2293 908 2549 973 burgensis
2584 909 2645 956 de

586 1006 770 1056 Dunde
797 1005 901 1054 eius
926 1002 1102 1069 proaui
1127 1010 1177 1052 et
1201 1002 1453 1066 quondam
1488 999 1753 1050 Elizabeth
1789 1001 1964 1049 Mason
1999 999 2170 1064 sponse
2204 999 2452 1049 Johannis
2488 1000 2646 1049 direc-

585 1108 688 1148 tum
723 1096 915 1146 Jacobo
952 1094 1191 1161 Kynloch
1214 1120 1226 1133 ·
1249 1093 1286 1144 J
1288 1093 1473 1143 ohanni
1498 1093 1713 1159 Ramsay
1737 1119 1748 1130 ·
1774 1101 1824 1143 et
1847 1091 2022 1143 Dauid
2049 1093 2261 1159 Gardyn
2287 1121 2298 1131 ·
2321 1092 2644 1158 burgensibus

583 1190 700 1240 dieti
727 1188 870 1254 burgi
894 1186 1091 1237 balliuis
1116 1186 1306 1237 abbatis
1330 1186 1383 1235 in
1407 1186 1502 1235 hac
1526 1194 1670 1251 parte
1693 1213 1705 1225 ·
1729 1189 1795 1234 23
1821 1185 1950 1235 Maii
1979 1189 2126 1234 1525.

581 1449 777 1523 Abbas
813 1470 996 1519 afl'edat
1023 1486 1117 1534 pro
1152 1469 1325 1518 decem
1362 1476 1412 1518 et
1447 1485 1628 1517 nouem
1665 1468 1809 1518 annis
1844 1468 2038 1519 Jacobo
2075 1469 2196 1519 alias
2224 1468 2419 1534 Copino
2445 1469 2646 1519 Hunter

581 1564 768 1628 suisque
793 1562 1044 1628 affignatis
1071 1561 1198 1611 statu
1224 1561 1483 1626 equalibus
1507 1570 1594 1611 aut
1623 1560 1944 1610 inferioribus
1980 1569 2140 1611 terras
2176 1562 2238 1611 de
2274 1560 2645 1612 Sklaterisbank

580 1665 629 1707 et
666 1664 828 1706 ortum
867 1656 1034 1705 subtus
1075 1656 1306 1706 Rubeum
1347 1653 1551 1703 Murum
1596 1671 1709 1703 cum
1751 1654 1957 1703 decimis
1997 1653 2285 1720 garbalibus
2332 1684 2343 1694 ·
2392 1653 2644 1704 Soluendo

579 1751 748 1799 decem
776 1749 955 1798 solidos
978 1757 1177 1798 monete
1206 1747 1381 1798 Scocie
1405 1746 1642 1811 magistro
1669 1746 1920 1796 communi
1945 1774 1955 1784 ·
1980 1751 2045 1795 23
2071 1747 2198 1796 Maii
2226 1751 2372 1795 1525.

580 2003 734 2076 Idem
759 2026 940 2075 affedat
963 2043 1055 2091 pro
1079 2026 1250 2075 decem
1277 2033 1326 2074 et
1350 2043 1530 2074 nouem
1556 2026 1699 2075 annis
1722 2026 2053 2092 infrascriptis
2086 2044 2357 2092 eorumque
2395 2028 2644 2093 affignatis

583 2128 632 2169 et
657 2120 1025 2169 coadiutoribus
1052 2119 1178 2170 statu
1214 2120 1472 2184 equalibus
1509 2127 1595 2169 aut
1628 2120 1949 2169 inferioribus
1990 2148 2002 2159 ·
2044 2128 2204 2169 terras
2239 2121 2301 2169 de
2337 2120 2645 2170 Punderlau-

584 2212 721 2277 feyld
758 2220 809 2260 et
846 2211 1122 2261 Dischland
1164 2229 1276 2261 cum
1324 2211 1531 2261 decimis
1578 2213 1865 2277 garbalibus
1913 2214 2238 2263 extendentes
2279 2215 2343 2262 ad
2381 2231 2643 2264 numerum

582 2305 836 2369 sexaginta
858 2322 1084 2354 acrarum
1110 2332 1120 2343 ·
1146 2313 1199 2354 ut
1222 2305 1544 2354 subscribitur
1569 2332 1579 2343 ·
1605 2307 1841 2356 videlicet
1867 2335 1877 2346 ·
1903 2305 2152 2356 Robertus
2187 2306 2395 2371 Dunlop
2431 2315 2645 2371 quatuor

584 2415 722 2447 acras
754 2399 1017 2463 occupabit
1054 2427 1064 2437 ·
1105 2398 1291 2465 Symon
1319 2398 1471 2464 Rynd
1497 2416 1644 2448 vnam
1682 2416 1850 2449 acram
1875 2427 1885 2438 ·
1913 2399 2142 2448 dominus
2165 2398 2337 2448 Dauid
2365 2398 2483 2450 Seot
2507 2408 2608 2449 tres
2634 2429 2643 2438 ·

585 2491 615 2538 J
621 2491 838 2540 ohannes
874 2492 1142 2557 Andyrson
1168 2509 1315 2541 vnam
1342 2519 1352 2528 -
1376 2492 1411 2541 J
1414 2492 1597 2540 acobus
1623 2491 1849 2542 Patirson
1876 2510 2023 2541 vnam
2049 2521 2059 2531 ·
2087 2492 2256 2541 Dauid
2283 2492 2438 2558 Wayt
2463 2511 2610 2542 vnam
2635 2522 2644 2531 -

588 2581 875 2647 Margareta
919 2582 1083 2632 Smart
1119 2584 1241 2631 duas
1279 2610 1291 2621 ·
1331 2582 1580 2632 Johannis
1625 2584 1963 2650 Ouchtirlony
2006 2601 2153 2633 vnam
2194 2613 2204 2623 -
2241 2584 2499 2634 Johannes
2544 2586 2645 2635 Car

588 2680 689 2721 tres
731 2699 741 2708 ·
786 2673 1065 2739 Stephanus
1102 2674 1218 2724 Mar
1261 2684 1361 2724 tres
1402 2702 1413 2714 ·
1455 2675 1677 2725 Jacobus
1721 2677 1844 2725 alias
1888 2675 2112 2741 Copinus
2147 2675 2349 2726 Hunter
2382 2678 2600 2742 quinque
2634 2708 2643 2717 ·

591 2765 870 2815 WVillelmus
897 2767 1038 2816 Dure
1063 2769 1185 2817 duas
1220 2795 1230 2805 ·
1265 2769 1299 2818 J
1304 2770 1486 2818 acobus
1511 2768 1707 2833 Yowng
1731 2785 1880 2818 unam
1906 2795 1916 2805 -
1942 2767 2192 2817 Ninianus
2227 2768 2374 2834 Lyell
2397 2779 2610 2833 quatuor
2635 2801 2644 2810 -

592 2858 872 2907 Willelmus
894 2858 1053 2907 Farar
1077 2868 1176 2908 tres
1216 2889 1226 2899 ·
1266 2861 1471 2911 Elisona
1494 2861 1664 2928 Bryde
1687 2878 1836 2910 vnam
1877 2890 1888 2901 -
1926 2860 2188 2910 Johannes
2222 2861 2363 2910 Bane
2398 2871 2611 2926 quatuor
2636 2892 2646 2901 ·

591 2949 848 2998 Johannes
887 2949 1093 3017 Dunlop
1134 2970 1330 3020 vnam'·
1374 2953 1592 3003 Thomas
1640 2953 2108 3008 Robertson‘vnam
2149 2978 2160 2990 ·
2196 2952 2456 3003 Johannes
2500 2953 2646 3006 Seras

593 3050 805 3105 quatuor
829 3067 839 3078 ·
865 3040 1036 3090 Dauid
1065 3040 1184 3091 Scot
1209 3043 1330 3092 duas
1355 3073 1365 3083 ·
1394 3043 1683 3110 Margareta
1709 3044 1890 3095 Schort
1914 3054 2129 3109 quatuor
2155 3076 2165 3086 ·
2192 3045 2412 3095 Thomas
2438 3045 2647 3113 Cargyll

596 3151 740 3182 vnam
779 3161 790 3172 ·
836 3133 1055 3182 Thomas
1086 3133 1208 3182 Lam
1235 3152 1381 3183 vnam
1421 3162 1431 3172 ·
1468 3136 1688 3185 «Iacobus
1727 3136 1874 3201 Colly
1899 3138 2022 3186 duas
2062 3168 2072 3178 ·
2114 3137 2362 3187 Patricius
2394 3138 2647 3205 Noroway

594 3228 715 3275 duas
755 3252 765 3263 ·
810 3225 1116 3273 Allexander
1152 3225 1377 3275 Mustard
1413 3228 1535 3276 duas
1579 3255 1589 3265 ·
1634 3229 1800 3276 Adam
1841 3227 2114 3277 Pickeman
2154 3246 2300 3277 vnam
2343 3256 2353 3267 ·
2398 3229 2646 3280 Robertus
