2762 3834
640 364 1065 415 REGISTRUM
1101 367 1196 416 DE
1231 370 1782 427 ABERBROTHOC.
2125 389 2220 433 303

191 495 440 543 dominum
470 495 712 543 Thomam
739 505 787 545 et
811 496 1071 561 affignatos
1094 500 1202 548 suos
1226 519 1282 550 ac
1306 504 1615 555 subtenent-es
1659 544 1669 555 .
1720 545 1731 556 .
1778 546 1788 556 .
1830 510 2047 574 equitare
2068 515 2220 562 nobis-

190 603 300 634 cum
321 586 372 634 in
395 586 561 634 nostra
584 587 723 635 curia
747 586 971 635 volumus
997 591 1192 653 quando
1228 596 1418 644 onerati
1454 597 1638 647 fuerint
1661 599 1707 646 le
1742 600 1898 649 buche
1934 603 2219 667 accipiendo

6 698 10 735 ί
190 677 249 725 de
274 678 411 725 curia
434 677 704 740 predictum
753 715 763 725 .
809 715 819 726 .
865 714 875 726 .
920 678 1179 743 affignatos
1203 701 1259 733 ac
1284 685 1593 737 subtenentes
1629 690 1731 738 eius
1767 692 1827 739 ab
1862 693 2090 741 oneribus
2113 694 2218 743 hus-

5 743 12 944 ι
187 770 457 817 bandorum
497 769 773 818 relaxamus
809 770 942 818 saluo
984 779 1146 820 tamen
1185 778 1314 838 quod
1350 779 1530 828 ducent
1564 818 1573 828 .
1614 818 1624 828 .
1669 819 1679 829 .
1723 783 1889 831 decem
1925 785 2218 848 plaustratus

182 860 438 923 glebarum
464 869 513 909 et
549 861 754 909 totidem
777 861 1074 925 plaustratus
1105 864 1205 913 feni
1243 876 1290 916 et
1325 871 1512 934 tegulas
1547 871 1683 920 ficuti
1720 873 1801 921 alii
1835 911 1846 923 .
1884 911 1894 922 .
1934 912 1944 922 .
1982 876 2217 925 husbandi

9 945 13 1018 ξ
183 953 379 1014 quando
405 952 596 1001 onerati
620 953 806 1003 fuerint
829 970 918 1017 per
942 970 1031 1002 nos
1057 956 1136 1004 vel
1161 958 1416 1008 officiarios
1437 961 1626 1010 nostros
1663 992 1673 1002 ·
1710 963 1774 1011 Et
1799 965 2001 1014 ulterius
2027 966 2059 1015 fi
2104 1005 2114 1014 .
2151 1006 2161 1015 .
2202 1006 2211 1016 .

182 1043 307 1091 male
331 1043 666 1107 persoluentes
717 1081 726 1092 .
769 1081 780 1092 .
825 1082 836 1093 .
880 1046 960 1093 uel
1003 1084 1013 1093 .
1059 1084 1070 1094 .
1121 1084 1131 1094 .
1175 1048 1390 1098 iniuriosi
1429 1089 1438 1098 .
1474 1090 1484 1099 .
1530 1090 1539 1099 .
1578 1055 1839 1103 exteterint
1878 1094 1888 1103 .
1931 1093 1941 1103 .
1991 1095 2001 1105 .
2045 1059 2212 1108 licebit

181 1135 320 1182 nobis
356 1175 364 1183 .
406 1173 416 1182 .
456 1175 465 1183 .
506 1136 567 1184 de
604 1175 612 1184 .
651 1176 660 1184 .
699 1175 708 1184 .
747 1135 891 1184 terris
914 1144 963 1185 et
986 1137 1187 1186 decimis
1222 1178 1231 1187 .
1266 1177 1275 1188 .
1314 1181 1322 1190 .
1358 1143 1418 1190 ad
1453 1180 1462 1190 .
1496 1181 1505 1191 .
1544 1183 1553 1192 .
1588 1145 1779 1194 libitum
1819 1184 1828 1195 .
1866 1185 1877 1195 .
1912 1187 1921 1196 .
1957 1149 2210 1213 disponere

180 1266 189 1275 .
229 1266 236 1274 .
277 1266 284 1274 .
329 1227 482 1291 Apud
509 1265 519 1276 .
565 1265 574 1276 .
624 1266 634 1276 .
677 1227 1025 1277 monasterium
1071 1231 1244 1279 oclauo
1289 1233 1367 1280 die
1409 1234 1582 1282 mensis
1624 1236 1802 1284 Marcii
1843 1255 1969 1286 anno
2010 1238 2209 1288 Domini

178 1327 245 1367 m⁰
269 1327 404 1369 cccc⁰
428 1320 742 1386 nonagesimo
767 1320 915 1370 sexto.

176 1574 459 1661 Newtylde
483 1596 790 1660 presentatur
814 1596 1046 1661 magister
1069 1596 1325 1645 Johannes
1351 1597 1657 1646 Androsone,

34 1777 123 1831 372
174 1819 183 1828 .
233 1820 241 1828 .
289 1819 297 1828 .
347 1780 569 1828 Johanni
622 1817 631 1827 .
685 1817 695 1827 .
747 1817 756 1827 .
805 1779 961 1843 priori
999 1779 1199 1828 ecclesie
1235 1781 1610 1844 metropolitane
1636 1780 1978 1830 Sanctiandree
2011 1800 2067 1831 ac
2103 1784 2210 1831 sede

173 1880 377 1920 vacante
403 1871 619 1920 eiusdem
644 1871 830 1919 vicario
855 1871 1079 1935 generali
1119 1909 1129 1919 .
1155 1909 1177 1927 ,.
1213 1909 1224 1920 .
1265 1871 1435 1921 Dauid
1475 1912 1484 1920 .
1530 1911 1540 1920 .
1580 1910 1590 1920 .
1635 1872 1782 1921 abbas
1825 1911 1832 1920 .
1879 1910 1889 1920 .
1936 1912 1944 1920 .
1984 1874 2044 1922 de
2068 1874 2210 1921 Abir-

170 1963 377 2012 brothoc
405 2000 416 2011 .
444 2001 455 2011 .
485 2001 495 2011 .
522 1963 838 2012 reuerencias
866 2000 877 2011 .
908 2000 918 2011 .
946 2001 955 2010 .
983 1963 1068 2011 Ad
1092 1971 1381 2028 perpetuam
1407 1964 1641 2012 vicariam
1666 1963 1866 2012 ecclesie
1891 1964 2209 2028 parrochialis

171 2056 230 2103 de
257 2054 524 2119 Newtylde
561 2095 569 2103 .
611 2093 620 2102 .
662 2092 672 2103 .
712 2062 971 2104 vacantem
997 2072 1086 2119 per
1110 2063 1319 2104 mortem
1353 2095 1361 2104 .
1402 2094 1412 2104 .
1452 2095 1460 2104 .
1499 2055 1684 2104 domini
1707 2056 1908 2103 Andree
1940 2055 2207 2103 Howesone

171 2154 222 2194 vt
245 2145 466 2210 speratur
500 2186 508 2195 .
547 2184 558 2194 .
596 2185 606 2194 .
645 2146 802 2195 vltimi
840 2183 851 2194 .
893 2184 903 2193 .
935 2151 954 2193 ⁴.
994 2146 1169 2194 vicarii
1201 2186 1211 2196 .
1245 2186 1252 2195 .
1289 2186 1299 2195 .
1333 2149 1416 2196 seu
1441 2148 1556 2196 dum
1582 2164 1757 2195 vacare
1782 2146 1925 2194 aliter
1949 2147 2207 2211 contigerit

24 2235 26 2280 ἶ
177 2279 185 2287 .
220 2278 229 2287 .
265 2277 275 2287 .
310 2238 596 2305 magistrum
620 2239 655 2289 J
658 2240 903 2288 ohannem
929 2239 1223 2288 Androsone
1247 2237 1403 2287 vestre
1439 2278 1448 2286 .
1483 2275 1493 2285 .
1527 2276 1536 2286 .
1571 2237 1854 2302 paternitati
1889 2276 1898 2285 .
1932 2273 1942 2284 .
1979 2273 1990 2284 .
2017 2237 2206 2300 presen-

24 2284 27 2340 1
170 2338 327 2379 tamus
360 2368 370 2378 .
401 2370 411 2379 .
449 2370 458 2379 .
491 2330 640 2396 Apud
677 2369 687 2379 .
728 2368 738 2379 .
777 2370 786 2379 .
824 2330 1173 2379 monasterium
1198 2331 1277 2379 die
1299 2330 1398 2378 xxii
1424 2329 1597 2377 menfis
1635 2328 1811 2377 Marcii
1847 2345 1975 2375 anno
2003 2327 2205 2374 Domini

172 2429 237 2471 m⁰
262 2429 395 2472 cccc⁰
418 2422 731 2488 nonagefimo
756 2423 902 2472 sexto,

173 2672 353 2744 Banfe
377 2694 687 2757 presentatur
711 2691 939 2740 dominus
964 2691 1182 2739 Thomas
1207 2690 1370 2738 Prate.

31 2856 127 2933 {373
178 2916 186 2924 .
221 2917 229 2926 .
267 2915 276 2925 .
313 2877 567 2926 Willelmo
610 2917 618 2925 .
661 2915 670 2925 .
715 2914 724 2924 .
763 2877 990 2941 episcopo
1033 2872 1375 2924 Aberdonenfi
1411 2912 1419 2921 .
1458 2911 1466 2920 .
1506 2909 1516 2919 .
1547 2870 1717 2920 Dauid
1758 2907 1767 2917 .
1806 2907 1816 2917 .
1855 2908 1862 2917 .
1900 2867 2045 2917 abbas
2088 2906 2098 2915 .
2142 2908 2150 2916 .
2194 2906 2201 2915 .

177 2969 237 3017 de
272 2969 603 3018 Abirbrothoc
642 3006 652 3016 .
693 3006 703 3015 .
744 3005 753 3015 .
789 2966 1103 3017 reuerencias
1144 3004 1153 3013 .
1191 3004 1200 3013 .
1240 3002 1249 3011 .
1291 2964 1375 3012 Ad
1413 2963 1646 3011 vicariam
1682 2968 1967 3026 perpetuam
2008 2959 2202 3008 ecclefie

175 3060 495 3123 parrochialis
526 3061 587 3108 de
614 3059 765 3109 Banff
794 3098 803 3107 .
841 3098 851 3107 .
889 3098 898 3106 .
935 3059 1051 3106 dum
1078 3073 1254 3105 vacare
1280 3055 1543 3119 contigerit
1565 3071 1654 3118 per
1678 3051 2057 3116 refignacionem
2094 3088 2104 3098 .
2143 3089 2152 3097 .
2192 3089 2200 3098 .

174 3151 390 3216 magistri
438 3151 682 3199 Bernardi
730 3150 906 3213 Gargil
951 3188 959 3197 .
1004 3188 1012 3196 .
1062 3188 1070 3196 .
1120 3148 1368 3196 dominum
1421 3146 1662 3194 Thomam
1709 3145 1827 3192 Prat
1871 3142 2199 3206 presbyterum
