2762 3834
613 366 1038 418 REGISTRUM
1072 368 1170 417 DE
1204 368 1760 420 ABERBROTHOC.
2115 378 2208 428 189

165 537 175 545 .
219 535 228 544 .
270 533 281 544 .
323 495 478 559 Apud
517 495 855 547 Abirbrothoc
892 499 1038 548 xxv100
1078 501 1157 549 die
1194 501 1369 550 mensis
1410 501 1639 551 Januarii
1678 541 1687 550 .
1725 541 1734 550 .
1773 542 1782 550 .
1821 520 1951 551 anno
1998 502 2203 551 Domini

163 586 415 636 millefimo
441 595 576 636 cccc⁰
599 590 922 654 octuagesimo
947 591 1175 641 secundo,

162 834 446 905 Affedacio
475 852 587 901 ville
612 852 776 901 nostre
803 854 864 902 de
890 854 1169 918 Kyrktoun.

23 1041 110 1086 215
162 1016 436 1089 Uniuerfis
460 1045 627 1102 pateat
663 1078 672 1086 .
708 1077 716 1086 .
751 1077 760 1086 .
797 1054 887 1086 nos
914 1037 1220 1086 Willelmum
1254 1078 1263 1087 .
1300 1079 1308 1087 .
1346 1079 1355 1088 .
1393 1042 1618 1090 abbatem
1650 1082 1659 1090 .
1695 1081 1703 1090 .
1738 1081 1746 1090 .
1783 1043 1843 1091 de
1864 1043 2200 1091 Abirbrothoc

207 1169 216 1177 .
254 1169 263 1177 .
301 1130 365 1177 ad
388 1129 579 1177 firmam
605 1127 828 1176 dimififfe
865 1168 874 1176 .
913 1168 922 1176 .
962 1168 970 1176 .
1007 1129 1240 1194 magistro
1262 1129 1432 1179 Dauid
1467 1132 1648 1180 Brown
1686 1141 1734 1186 et
1769 1133 1990 1182 Johanni
2020 1134 2201 1182 Brown

158 1222 300 1270 fratri
325 1222 408 1269 suo
434 1228 483 1269 et
507 1221 577 1269 eis
601 1221 663 1268 de
687 1220 850 1268 medio
875 1220 1075 1268 sublatis
1101 1222 1300 1270 domino
1328 1223 1560 1289 Georgeo
1578 1225 1758 1273 Brown
1774 1227 1826 1274 in
1843 1227 2030 1275 artibus
2050 1227 2197 1275 licen-

64 1346 68 1349 «
161 1314 288 1362 ciato
335 1320 384 1361 et
425 1312 647 1361 Johanni
684 1311 865 1359 Brown
911 1311 1014 1359 filio
1052 1313 1233 1360 seniori
1272 1315 1389 1362 dieti
1430 1315 1680 1364 Johannis
1718 1324 1766 1365 et
1808 1317 1990 1366 Jonete
2031 1317 2200 1382 sponse

160 1404 403 1454 «Iohannis
429 1403 601 1451 Broun
639 1442 648 1451 .
683 1443 691 1452 .
730 1442 739 1451 .
777 1411 935 1451 terras
970 1403 1159 1452 nostras
1196 1405 1256 1453 de
1281 1405 1327 1453 16
1352 1405 1618 1470 Kyrktoun
1655 1407 1905 1457 Murfalde
1932 1387 2042 1457 cum
2078 1410 2200 1458 tofto

163 1496 326 1545 8611ἃί
351 1494 558 1558 Vigiani
595 1502 643 1543 et
678 1496 924 1559 particula
959 1504 1091 1544 terre
1134 1497 1196 1545 de
1238 1498 1486 1545 communi
1523 1498 1716 1547 iacente
1753 1518 1812 1548 ex
1835 1509 1976 1565 parte
2001 1501 2202 1550 australi

162 1589 360 1639 ecclefie
386 1587 552 1636 8611ἃί
578 1588 784 1653 Vigiani
826 1607 937 1638 cum
978 1589 1182 1637 decimis
1220 1590 1504 1654 garbalibus
1538 1592 1807 1639 earundem
1845 1601 1894 1640 et
1935 1593 2043 1641 aliis
2086 1633 2094 1640 .
2139 1632 2146 1640 .
2192 1632 2200 1640 .

159 1682 481 1748 pertinenciis
523 1722 532 1730 .
577 1722 586 1730 .
630 1722 638 1731 .
684 1691 732 1731 61
771 1701 830 1731 60
872 1683 1105 1731 Johanne
1145 1681 1248 1729 filio
1291 1721 1300 1729 .
1344 1721 1353 1730 .
1398 1721 1406 1729 .
1450 1681 1696 1731 Johannis
1732 1684 1793 1731 de
1828 1685 1990 1732 medio
2014 1685 2201 1733 sublato

164 1783 275 1824 ante
299 1774 559 1823 introitum
596 1814 604 1822 .
644 1814 652 1822 .
691 1814 699 1823 .
733 1775 938 1839 prefatis
962 1774 1197 1839 magistro
1223 1773 1393 1822 Dauid
1426 1773 1659 1823 Johanne
1695 1775 1925 1840 Georgeo
1950 1777 2130 1822 Brown
2156 1784 2203 1823 et.

30 1857 33 1911 1
162 1868 195 1917 J
198 1876 343 1917 oneta
367 1868 428 1915 ab
453 1866 546 1914 hac
563 1866 674 1915 luce
690 1866 892 1915 sublatis
912 1866 963 1914 N
965 1866 1177 1915 icholaio
1196 1865 1377 1914 Brown
1395 1865 1539 1914 fratri
1559 1883 1797 1931 germano
1823 1867 1940 1915 dieti
1957 1866 1991 1915 J
1995 1866 2203 1914 ohannis

31 1913 36 2032 ἱ
162 1960 342 2009 Brown
366 1958 455 2006 filii
492 1998 500 2006 .
540 1998 547 2007 .
587 1998 595 2007 .
635 1958 902 2011 Tenendas
944 1998 952 2006 .
998 1997 1006 2006 .
1051 1997 1059 2006 .
1102 1958 1345 2023 gradatim
1374 1966 1423 2006 et
1446 1956 1707 2007 succeffiue
1739 1976 1830 2022 pro
1854 1966 1958 2007 toto
1983 1966 2203 2022 tempore

33 2038 38 2135 1
163 2053 259 2101 vite
282 2051 550 2100 eorundem
587 2090 595 2098 .
632 2090 641 2099 .
680 2090 689 2098 .
726 2050 939 2099 termino
974 2067 1092 2098 vero
1127 2049 1359 2098 introitus
1395 2088 1404 2097 .
1442 2089 1451 2098 .
1489 2089 1498 2097 .
1535 2049 1800 2099 inchoante
1832 2051 1911 2098 die
1948 2051 2060 2099 date
2095 2067 2203 2113 pre-

161 2143 372 2192 sencium
422 2150 471 2191 et
511 2142 812 2205 perdurante
854 2143 1005 2205 usque
1047 2142 1111 2191 ad
1153 2142 1339 2191 exitum
1377 2141 1576 2190 termini
1620 2142 1719 2189 vite
1758 2142 1950 2189 diucius
1994 2141 2203 2189 viuentis

165 2238 428 2286 eorundem
463 2273 473 2284 .
511 2273 521 2284 .
558 2273 568 2283 .
600 2235 877 2283 Reddendo
906 2272 915 2282 .
957 2272 967 2282 .
1006 2273 1017 2283 .
1042 2252 1134 2299 pro
1170 2235 1216 2282 le
1250 2233 1520 2298 Kyrktoun
1545 2240 1757 2297 quatuor
1782 2233 1974 2282 celdras
2000 2233 2128 2281 ordii
2153 2242 2201 2280 et

163 2329 343 2378 farrine
369 2346 480 2377 cum
505 2327 710 2391 antiqua
733 2326 961 2375 mensura
980 2356 990 2366 ·
1012 2335 1061 2376 et
1079 2344 1168 2392 pro
1188 2328 1392 2376 decimis
1412 2327 1626 2376 eiusdem
1647 2326 2020 2390 quatuordecim
2045 2325 2200 2373 bollas

165 2421 289 2469 ordii
313 2429 362 2469 et
385 2420 571 2469 farrine
597 2436 708 2468 cum
733 2420 922 2468 duabus
946 2419 1090 2468 bollis
1113 2419 1349 2468 frumenti
1375 2435 1486 2467 cum
1510 2418 1736 2466 mensura
1758 2418 1854 2465 fori
1893 2454 1904 2465 .
1945 2454 1955 2464 .
1992 2454 2003 2464 .
2030 2415 2202 2464 vfitata

163 2513 300 2578 regni
338 2511 509 2561 Scocie
535 2551 544 2559 .
582 2550 591 2559 .
627 2550 636 2559 .
675 2519 724 2559 61
746 2527 838 2575 pro
863 2511 987 2559 tofto
1013 2510 1178 2560 Sancti
1197 2510 1405 2575 Vigiani
1430 2513 1537 2557 0810
1561 2508 1716 2556 bollas
1741 2508 1975 2556 frumenti
2000 2506 2200 2570 antique

164 2603 382 2652 mensure
407 2603 470 2651 ad
494 2603 730 2651 terminos
752 2603 1027 2652 huiusmodi
1053 2603 1285 2651 victualia
1303 2602 1541 2650 soluendi
1567 2603 1822 2650 consuetos
1844 2630 1854 2640 ·
1881 2608 1930 2648 et
1964 2585 2054 2664 1110
2090 2616 2199 2663 par-

165 2694 312 2743 ticula
332 2702 463 2743 terre
498 2694 559 2742 de
596 2695 844 2742 communi
888 2733 898 2744 .
945 2732 956 2743 .
1003 2733 1013 2743 .
1053 2694 1296 2743 monacho
1332 2694 1393 2742 de
1426 2693 1675 2742 communi
1725 2730 1736 2741 .
1787 2729 1798 2740 .
1849 2730 1860 2740 .
1907 2692 1988 2741 sex
2024 2691 2199 2739 solidos

165 2785 337 2834 vsualis
372 2794 567 2834 monete
595 2784 767 2835 Scocie
793 2786 856 2833 ad
880 2786 1002 2834 duos
1028 2786 1145 2835 anni
1170 2785 1404 2834 terminos
1441 2822 1452 2833 .
1493 2822 1504 2833 .
1541 2822 1551 2833 .
1590 2802 1702 2833 cum
1728 2784 1903 2833 ceteris
1927 2783 2198 2831 husbando-

164 2893 270 2924 rum
316 2877 545 2925 oneribus
583 2913 595 2925 .
635 2914 645 2924 .
686 2914 697 2924 .
737 2876 983 2925 Habendo
1030 2877 1083 2926 in
1131 2877 1379 2926 communi
1427 2877 1488 2925 de
1526 2877 1573 2925 le
1614 2876 1773 2941 Fyrth
1819 2876 1999 2924 focalia
2047 2912 2058 2922 .
2116 2911 2126 2921 .
2185 2912 2195 2921 .

166 2967 314 3032 Apud
336 2967 684 3015 monasterium
708 2966 928 3016 nostrum
953 2969 1014 3016 de
1038 2968 1375 3017 Abirbrothoc
1397 2968 1512 3016 xxix
1526 2969 1606 3016 die
1623 2968 1797 3016 menfis
1822 2967 1857 3016 J
1860 2966 2051 3015 anuarii
2068 2983 2196 3014 anno

164 3057 364 3108 Domini
387 3065 454 3108 m·
478 3065 611 3109 6666ο
633 3059 767 3107 lxxx⁰
790 3059 858 3107 ii0.
