2742 3848
396 594 492 649 762

401 1798 497 1850 764

548 374 644 420 506
1002 362 1428 415 REGISTRUM
1462 360 1560 411 DE
1596 356 2158 408 ABERBROTHOC.

547 573 704 646 Idem
729 592 909 641 affedat
932 606 1024 655 pro
1049 589 1152 636 vita
1174 585 1484 635 Allexandro
1510 583 1658 648 Irnys
1697 610 1707 620 ·
1745 581 1959 631 Katrine
1982 581 2249 633 Mortimar
2273 583 2443 648 sponse
2468 585 2573 632 eius
2595 614 2603 623 ·

548 695 596 735 et
631 683 823 734 Jacobo
861 681 1013 730 anis
1049 695 1221 729 eorum
1254 677 1357 725 filio
1395 704 1405 715 ·
1442 675 1700 725 dimidiam
1734 682 1930 740 partem
1966 674 2082 724 ville
2118 675 2180 724 de
2218 674 2455 741 Baldowy
2493 692 2604 724 cum

548 777 752 827 decimis
774 773 1059 840 garbalibus
1085 786 1233 835 quam
1257 785 1392 817 nunc
1415 775 1663 833 occupant
1705 798 1714 807 ·
1757 767 2035 836 Reddendo
2077 785 2169 833 pro
2209 768 2353 817 firma
2388 768 2606 833 quinque

547 871 697 918 libras
722 874 771 916 et
794 883 885 931 pro
911 864 1116 913 decimis
1138 870 1239 912 tres
1262 861 1416 910 libras
1440 862 1523 910 sex
1547 860 1727 910 solidos
1747 868 1796 910 et
1815 863 1924 909 0810
1950 860 2182 910 denarios
2206 868 2404 910 monete
2433 859 2607 911 Scocie

550 978 657 1010 cum
685 959 910 1007 omnibus
935 957 1045 1006 aliis
1071 955 1304 1004 oneribus
1329 953 1696 1003 husbandorum
1732 981 1743 991 ·
1779 953 1844 1003 26
1873 951 2178 1018 Septembris
2205 957 2348 1001 1531.

552 1215 704 1286 Idem
736 1233 986 1300 presentat
1011 1232 1266 1285 dominum
1290 1231 1326 1280 J
1329 1231 1576 1280 ohannem
1601 1229 1767 1278 Arnot
1789 1228 2116 1293 presbiterum
2141 1229 2206 1276 ad
2230 1227 2469 1277 vicariam
2493 1245 2610 1293 pen-

549 1327 808 1376 fionariam
857 1324 1119 1375 duodecim
1165 1341 1448 1373 marcarum
1494 1330 1693 1371 monete
1744 1320 1919 1372 Scocie
1967 1319 2170 1370 ecclefie
2207 1320 2508 1386 parochialis
2550 1322 2611 1370 de

549 1421 687 1486 Fyue
707 1416 1066 1468 Abirdonenfis
1083 1416 1288 1466 diocefis
1309 1424 1569 1466 vacantem
1586 1431 1678 1480 per
1697 1415 1885 1464 obitum
1905 1414 2095 1464 domini
2111 1413 2355 1463 Willelmi
2373 1413 2610 1480 Blantyr-

554 1516 608 1567 17
638 1512 819 1561 Marcii
849 1515 994 1559 1531.

550 1773 701 1843 Idem
759 1791 942 1841 affedat
988 1810 1081 1857 pro
1128 1799 1233 1842 toto
1282 1800 1506 1857 tempore
1555 1791 1655 1841 vite.
1702 1791 1738 1840 J
1741 1791 1926 1840 ohanni
1973 1790 2206 1841 Fleschar
2254 1798 2303 1839 et
2350 1790 2612 1840 Elizabeth

553 1885 767 1951 Ogylwy
792 1886 961 1950 sponse
985 1885 1068 1934 sue
1094 1893 1143 1935 et
1167 1885 1461 1934 Alexandro
1480 1882 1715 1933 Fleschar
1739 1883 1843 1932 filio
1866 1882 1903 1932 J
1906 1882 2115 1932 ohannis
2139 1882 2398 1932 dimidiam
2421 1893 2611 1947 partem

551 1978 666 2026 ville
706 1979 766 2026 de
807 1978 1044 2043 Baldowy
1084 1995 1195 2027 cum
1235 1977 1440 2027 decimis
1481 1976 1768 2042 garbalibus
1809 1993 1958 2040 quam
2000 1975 2037 2025 J
2040 1975 2261 2025 ohannes
2303 1977 2579 2041 occupabat
2603 2005 2612 2015 ·

553 2070 803 2119 Soluendo
827 2087 918 2135 pro
943 2071 1088 2119 firma
1111 2071 1330 2136 quinque
1355 2070 1509 2119 libras
1534 2078 1584 2120 et
1607 2086 1699 2134 pro
1725 2069 1930 2118 decimis
1954 2077 2055 2118 tres
2079 2069 2232 2118 libras
2256 2071 2337 2118 sex
2361 2069 2540 2118 solidos
2566 2078 2614 2118 et

552 2165 659 2209 octo
684 2162 915 2211 denarios
940 2171 1137 2211 monete
1166 2162 1342 2213 Scocie
1379 2179 1492 2211 cum
1516 2169 1805 2227 rynmartys
1829 2161 2083 2227 veddyrys
2108 2161 2313 2226 aliisque
2337 2161 2613 2210 husbando—

554 2272 662 2302 rum
688 2255 920 2304 oneribus
956 2285 966 2294 ·
1008 2259 1152 2303 1532.

558 2513 753 2585 Abbas
789 2533 1048 2582 confirmat
1090 2533 1190 2599 (1.)
1227 2541 1414 2582 cartam
1449 2533 1622 2583 Caroli
1646 2532 1830 2581 Brown
1855 2532 1918 2581 de
1944 2532 2222 2597 capellania
2246 2533 2416 2582 altaris
2448 2532 2613 2581 Sancti

559 2624 609 2672 N
612 2625 793 2672 icholai
811 2625 871 2672 de
888 2625 1005 2674 data
1023 2630 1083 2672 14
1105 2625 1407 2674 Nouembris
1430 2630 1558 2674 1505
1580 2654 1590 2665 ·
1608 2642 1720 2674 cum
1738 2625 2122 2674 confirmacione
2143 2624 2350 2689 Georgii
2368 2624 2612 2689 Hepburn

559 2715 750 2763 abbatis
786 2716 846 2762 de
882 2716 998 2763 data
1031 2720 1093 2762 10
1125 2715 1307 2764 Marcii
1336 2721 1465 2765 1505
1502 2717 1629 2782 [No.
1653 2717 1774 2783 448]
1815 2744 1824 2754 ·
1862 2725 1911 2766 et
1945 2717 2094 2766 certis
2127 2717 2356 2766 clausulis
2391 2718 2443 2765 in
2482 2725 2614 2766 tran-

560 2808 749 2869 sumpto
786 2806 1183 2854 confirmacionis
1219 2807 1398 2856 omiffis
1438 2837 1449 2848 ·
1485 2808 1720 2857 videlicet
1761 2834 1770 2844 ·
1807 2808 1941 2858 Volo
1973 2816 2139 2858 tamen
2179 2817 2229 2858 et
2266 2810 2443 2858 ordino
2482 2811 2616 2874 quod

562 2898 721 2945 dictus
766 2897 1051 2961 capellanus
1088 2898 1173 2961 qui
1207 2915 1298 2962 pro
1335 2907 1557 2964 tempore
1593 2901 1744 2950 fuerit
1778 2901 1970 2951 interfit
2005 2902 2240 2951 continue
2277 2902 2615 2951 celebraturus

563 2989 853 3038 cessantibus
892 2988 1258 3052 impedimentis
1295 2990 1347 3037 in
1387 2991 1614 3040 omnibus
1656 2994 1840 3042 diuinis
1880 2994 2051 3043 officiis
2086 2994 2138 3042 in
2179 2994 2310 3044 dfflza
2344 2994 2536 3059 capella
2566 3004 2614 3043 et

563 3082 720 3130 eciam
745 3081 806 3128 ad
833 3080 1057 3128 effectum
1084 3087 1137 3128 ut
1157 3080 1433 3143 predicitur
1469 3082 1779 3133 celebrandis
1815 3093 1916 3135 tam
1952 3085 2140 3135 festiuis
2176 3103 2323 3150 quam
2360 3086 2614 3135 ferialibus

565 3174 736 3222 diebus
762 3171 994 3220 videlicet
1018 3188 1195 3236 magne
1219 3171 1352 3220 miffe
1376 3174 1633 3223 matutinis
1657 3176 1794 3225 horis
1820 3178 2073 3226 canonicis
2091 3186 2141 3226 et
2158 3176 2537 3242 proceffionibus
2562 3178 2611 3225 in
