2762 3834
616 302 1042 354 REGISTRUM
1076 306 1173 355 DE
1208 307 1762 366 ABERBROTHOC.
2112 329 2206 380 317

171 433 460 484 necefi'arios
484 434 537 482 in
562 434 693 483 (11ἃο
724 436 929 485 dimidia
959 445 1100 502 parte
1136 479 1145 488 .
1187 477 1197 488 .
1238 480 1247 489 .
1290 444 1526 506 quociens
1561 446 1648 495 fibi
1688 449 1840 498 visum
1880 451 2028 502 fuerit
2065 472 2204 520 expe-

172 527 279 575 dire
302 557 312 566 -
340 526 554 575 termino
579 544 698 575 vero
721 527 956 577 introitus
988 567 996 576 .
1044 567 1055 578 .
1091 569 1101 579 .
1140 532 1411 598 incipiente
1436 538 1488 586 in
1520 539 1642 587 festo
1667 540 2017 593 Penthecostes
2042 546 2204 595 datam

168 618 474 682 presencium
516 617 800 668 immediate
838 619 1070 684 sequente
1105 659 1115 670 .
1150 660 1160 671 .
1196 664 1205 672 .
1242 625 1308 674 Et
1345 665 1356 676 .
1396 666 1408 677 .
1449 666 1460 677 .
1494 631 1778 681 cellerarius
1813 636 1896 683 seu
1931 675 1940 684 .
1978 676 1986 685 .
2026 674 2037 686 .
2081 639 2205 687 alter

167 709 438 758 monachus
463 748 472 758 .
518 746 529 757 .
572 746 583 757 .
609 710 835 759 inueniet
869 747 880 759 .
924 750 933 760 .
978 749 989 759 .
1031 716 1281 764 annuatim
1299 718 1566 784 sumptibus
1584 722 1679 771 suis
1698 742 1843 773 vnam
1868 728 2092 792 cymbam
2114 746 2204 793 pro

166 800 444 865 piscacione
468 818 579 849 cum
603 801 885 850 hominibus
910 809 959 851 et
983 804 1092 852 aliis
1115 808 1391 859 necessariis
1415 812 1503 860 fibi
1523 815 1765 878 requifitis
1780 834 1933 883 prope
1948 819 1994 867 10
2011 819 2201 886 Madyn

169 892 335 942 Castel
358 893 439 942 uel
463 893 547 942 ubi
571 893 714 942 nobis
750 931 762 942 .
805 932 815 942 .
862 933 873 943 .
911 895 1160 946 videbitur
1184 901 1415 964 expedire
1453 930 1463 940 ·
1500 904 1770 955 Reddendo
1802 909 1917 958 inde
1948 913 2199 961 annuatim

650 993 699 1034 et
724 994 1006 1051 compotum
1032 989 1093 1036 de
1119 991 1342 1040 omnibus
1365 994 1506 1043 bonis
1531 1003 1580 1044 et
1605 999 1871 1048 commodis
1896 1002 1956 1049 de
1979 1003 2200 1066 910ἁὶἃο

166 1077 371 1126 dimidia
393 1084 534 1142 parte
578 1115 590 1126 .
628 1115 639 1125 .
670 1116 680 1126 .
712 1085 761 1127 et
787 1079 965 1144 cymba
998 1117 1009 1127 .
1050 1117 1061 1128 .
1104 1116 1115 1128 .
1150 1083 1557 1145 prouenientibus
1582 1088 1702 1137 ficut
1726 1090 1811 1138 alii
1847 1092 2197 1142 obedienciarii

163 1177 212 1218 et
237 1169 460 1218 officiarii
480 1170 635 1218 nostri
660 1170 849 1220 faciunt
873 1173 1142 1220 secundum
1167 1175 1567 1226 consuetudinem
1591 1179 1689 1228 1001
1714 1208 1724 1218 ·
1750 1180 1859 1230 Νο0
1883 1183 2051 1234 licebit
2085 1222 2096 1233 .
2136 1223 2146 1233 .
2185 1226 2193 1234 .

162 1261 419 1311 cellerario
465 1261 546 1310 seu
579 1301 588 1311 .
622 1301 631 1311 .
681 1299 692 1310 .
729 1263 974 1312 monacho
1008 1304 1017 1313 .
1068 1304 1078 1314 .
1117 1304 1126 1313 .
1164 1266 1342 1314 (11810111
1384 1268 1636 1318 dimidiam
1678 1281 1866 1336 partem
1902 1313 1911 1323 .
1949 1314 1958 1323 .
1995 1314 2004 1324 .
2047 1276 2195 1325 alicui

208 1393 217 1401 .
255 1390 266 1401 .
304 1352 519 1402 affedare
561 1393 570 1402 .
615 1393 624 1402 .
666 1393 676 1402 .
714 1353 814 1403 fine
832 1355 1003 1404 nostra
1019 1355 1230 1406 licencia
1247 1359 1446 1423 speciali
1485 1400 1494 1409 .
1534 1400 1543 1409 .
1585 1401 1593 1409 .
1631 1363 1994 1414 subtenentibus
2019 1374 2067 1415 01
2085 1368 2192 1416 aliis

159 1445 310 1494 seruis
356 1445 636 1494 necefl'arHs
672 1485 682 1495 .
720 1486 730 1496 .
771 1486 780 1496 .
824 1448 1043 1512 exceptis
1079 1487 1089 1496 .
1128 1488 1137 1497 .
1171 1488 1181 1497 .
1221 1450 1373 1514 Apud
1413 1452 1683 1516 capitulum
1720 1455 1852 1504 sexto
1896 1457 1975 1506 die
2021 1458 2193 1508 mensis

160 1536 283 1587 Maii
307 1555 437 1586 anno
462 1537 670 1586 Domini
692 1538 948 1588 millefimo
973 1546 1137 1589 ccccmo
1161 1542 1476 1607 nonogefimo
1502 1547 1690 1593 ofitauo.

157 1793 443 1866 Affedacio
467 1810 671 1860 dimidie
695 1812 851 1876 partis
876 1813 938 1860 de
967 1811 1185 1878 Seytone
1209 1831 1300 1878 pro
1325 1814 1360 1863 J
1362 1817 1515 1864 acobo
1543 1816 1749 1866 Guthre.

158 2036 167 2046 .
209 2036 218 2045 .
262 2036 270 2045 .
314 1997 490 2047 Pateat
525 2037 534 2046 .
576 2036 586 2047 .
630 2037 639 2046 .
682 2015 773 2047 nos
796 1997 968 2047 Dauid
1008 2035 1016 2045 .
1057 2038 1066 2047 .
1107 2038 1115 2047 .
1160 1998 1384 2048 abbatem
1428 2038 1437 2047 .
1484 2036 1493 2046 .
1534 2037 1542 2046 .
1593 2000 1654 2047 de
1689 1999 2024 2048 Abirbrothoc
2065 2040 2073 2048 .
2122 2040 2131 2048 .
2180 2040 2188 2048 .

157 2086 378 2137 affedaffe
414 2127 423 2137 .
461 2128 470 2138 .
509 2127 518 2137 .
560 2088 755 2138 Jacobo
783 2090 980 2139 Guthre
1006 2090 1185 2139 seniori
1224 2130 1233 2139 .
1271 2130 1280 2139 .
1324 2130 1332 2139 .
1377 2090 1627 2139 dimidiam
1663 2098 1854 2154 partem
1889 2091 2002 2139 ville
2026 2091 2186 2139 nostre

155 2180 214 2228 de
241 2179 457 2245 Seytone
501 2220 511 2231 .
561 2221 570 2230 .
616 2221 625 2230 .
669 2182 877 2231 iacentis
902 2185 954 2231 in
978 2182 1197 2231 dominio
1233 2183 1294 2231 de
1330 2182 1667 2231 Abirbrothoc
1700 2199 1790 2246 pro
1826 2190 1929 2232 toto
1965 2191 2184 2247 tempore

153 2271 252 2321 vite
275 2272 357 2321 sue
375 2300 386 2311 ·
406 2280 455 2321 et
477 2273 581 2337 ipso
606 2273 642 2322 J
644 2274 799 2323 acobo
824 2275 886 2323 de
911 2274 1074 2323 medio
1098 2274 1286 2323 sublato
1311 2274 1522 2323 Katrine
1546 2273 1659 2339 Lyn
1680 2274 1818 2322 vxori
1841 2273 1923 2322 sue
1947 2275 2180 2322 moderne

153 2370 201 2412 et
230 2363 422 2414 Jacobo
458 2364 654 2415 Guthre
687 2365 791 2413 filio
825 2367 910 2414 suo
955 2406 964 2415 .
1014 2404 1025 2414 .
1075 2404 1085 2414 .
1133 2384 1224 2431 pro
1266 2366 1488 2416 terminis
1526 2366 1764 2415 tredecim
1802 2382 2037 2414 annorum
2076 2366 2183 2430 post

153 2456 337 2505 obitum
384 2457 501 2505 diftti
548 2456 728 2506 Jacobi
773 2458 978 2507 senioris
1014 2496 1024 2507 .
1067 2498 1077 2508 .
1121 2497 1131 2508 .
1181 2458 1392 2508 termino
1436 2475 1550 2507 vero
1587 2457 1816 2506 introitus
1854 2496 1864 2505 .
1904 2496 1913 2505 .
1953 2497 1963 2506 .
2005 2457 2181 2505 Jacobi

152 2546 351 2596 senioris
391 2587 401 2596 .
441 2587 450 2597 .
491 2586 501 2597 .
539 2548 810 2614 incipiente
844 2549 897 2597 in
932 2549 1053 2599 festo
1086 2549 1433 2600 Penthecostes
1473 2551 1637 2598 datam
1672 2549 1974 2614 presencium
2016 2549 2181 2596 imme-

153 2638 282 2688 diate
305 2639 536 2704 sequente
573 2669 583 2679 ·
621 2647 671 2689 01
705 2640 917 2689 termino
948 2641 1181 2691 introitus
1224 2682 1233 2691 .
1276 2681 1286 2691 .
1332 2680 1342 2691 .
1381 2642 1591 2691 Katrine
1633 2649 1682 2689 01
1718 2640 1895 2689 «1000111
1935 2641 2024 2689 11111
2066 2680 2074 2689 .
2119 2681 2127 2688 .
2171 2681 2179 2688 .

151 2731 419 2796 incipiente
443 2732 524 2781 die
560 2731 722 2780 obitus
764 2771 774 2781 .
817 2770 827 2780 .
871 2771 881 2781 .
920 2732 1101 2781 Jacobi
1135 2734 1339 2783 senioris
1382 2771 1392 2781 .
1437 2771 1447 2781 .
1492 2770 1503 2780 .
1555 2731 1803 2781 Soluendo
1839 2770 1848 2779 .
1882 2771 1891 2780 .
1924 2770 1933 2779 .
1966 2731 2180 2780 Jacobus

152 2821 309 2871 senior
346 2860 358 2871 .
393 2859 405 2872 .
440 2861 451 2872 .
484 2824 566 2872 sex
588 2823 741 2873 libras
764 2824 1024 2873 tresdecim
1046 2824 1225 2874 solidos
1255 2832 1304 2873 et
1339 2832 1551 2888 quatuor
1574 2823 1801 2872 denarios
1839 2859 1851 2870 .
1889 2859 1900 2869 .
1939 2859 1950 2869 .
1987 2829 2179 2870 monete

152 2950 162 2961 .
203 2951 214 2962 .
255 2952 266 2962 .
309 2913 482 2964 Scocie
506 2916 571 2964 ad
594 2916 716 2964 duos
741 2917 861 2964 anni
885 2917 1123 2965 terminos
1143 2953 1172 2963 ..
1213 2953 1224 2964 .
1269 2956 1279 2966 .
1321 2933 1433 2964 cum
1456 2915 1534 2963 sex
1559 2914 1904 2979 plaustratibus
1927 2913 2178 2978 glebarum

154 3011 201 3052 01
223 3005 810 3071 totidem-plaustratibus
844 3007 947 3055 feni
984 3035 994 3045 ·
1036 3023 1095 3055 00
1131 3006 1288 3055 0010111
1324 3007 1386 3054 0(1
1421 3005 1610 3070 tegulas
1645 3004 1892 3053 ducendas
1927 3020 2036 3051 cum
2071 3003 2176 3050 aliis

152 3095 327 3146 nostris
348 3097 615 3148 husbandis
640 3098 876 3163 quociens
899 3105 1102 3148 vocatus
1125 3098 1276 3147 fuerit
1311 3124 1321 3134 ·
1358 3105 1407 3146 et
1441 3095 1716 3146 sustinendo
1751 3095 1998 3143 annuatim
2035 3109 2174 3141 vnam
