2762 3834
77 1424 172 1475 149

685 363 1115 415 REGISTRUM
1149 363 1248 413 DE
1283 363 1845 416 ABERBROTHOC.
2203 371 2299 422 129

229 498 484 547 ecclefiam
526 498 864 548 cathedralem
900 498 1302 548 Abirdonensem
1342 499 1395 547 in
1432 499 1627 565 capella
1668 499 1812 548 Beati
1856 498 2120 548 Michaelis
2154 500 2295 550 arch-

227 591 395 656 angeli
418 591 543 640 hora
564 591 698 656 quafi
723 591 986 641 vndecima
1021 597 1136 640 ante
1166 591 1438 640 merediem
1463 627 1476 640 .
1504 628 1516 640 .
1541 627 1554 640 .
1579 590 1890 656 presentibus
1919 629 1929 640 .
1958 629 1969 640 .
1999 629 2010 640 .
2037 590 2293 641 Willelmo

227 684 516 751 Hoebdyuy
569 686 630 733 de
683 685 860 734 eodem
907 713 918 724 ·
966 684 1217 734 Duncano
1272 682 1561 732 Schanchar
1612 683 1681 732 de'
1725 682 1977 733 Murcroft
2024 713 2035 722 -
2084 683 2295 733 Andrea

224 777 457 828 ‘Cathoch
483 807 492 816 ·
520 777 776 827 Willelmo
801 776 1103 826 Archibaldi
1129 804 1139 815 ·
1165 775 1408 824 scutiferis
1435 814 1446 824 .
1475 813 1486 825 .
1512 814 1523 824 .

293 869 360 919 Et
385 888 478 936 ego
505 870 725 920 Thomas
750 870 917 919 Ettale
952 869 1212 935 presbyter
1237 867 1598 917 Abirdonenfis
1623 868 1840 917 vdiocesis
1874 868 2100 933 publicus
2130 871 2292 918 anao-

226 964 373 1012 ritate
399 971 493 1012 etc.

225 1211 580 1284 Confirmacio
605 1232 730 1280 sedis
756 1231 1022 1296 apostolice
1049 1233 1192 1296 super
1217 1230 1354 1279 bulla
1379 1230 1644 1295 priuilegii.

223 1395 368 1467 Pius
407 1416 661 1481 episcopus
713 1454 724 1463 .
779 1453 790 1464 .
844 1452 855 1463 .
894 1416 960 1464 ad
996 1424 1289 1480 perpetuam
1329 1414 1403 1463 rei
1445 1414 1733 1463 memoriam
1774 1451 1785 1463 .
1826 1453 1837 1464 .
1878 1453 1889 1464 .
1929 1415 2134 1465 Dudum
2174 1453 2185 1463 .
2226 1454 2236 1465 .
2277 1454 2288 1464 .

222 1527 312 1574 pro
343 1515 485 1574 parte
524 1546 536 1556 .
575 1546 587 1556 .
628 1545 638 1556 .
677 1508 869 1557 abbatis
909 1516 959 1557 et
998 1515 1274 1557 conuentus
1313 1544 1323 1554 .
1362 1544 1373 1555 .
1416 1543 1426 1554 .
1465 1506 1527 1555 de
1564 1505 1907 1555 Abirbrothoc
1944 1545 1955 1556 .
1996 1545 2007 1555 .
2048 1545 2062 1569 ,Υ
2102 1507 2287 1558 ὃᾶηὸὶὶ-

221 1601 406 1650 andree
432 1599 637 1650 diocefis
662 1598 881 1664 expofito
907 1599 1043 1664 quod
1066 1599 1185 1648 licet
1214 1598 1331 1664 [etc.
1358 1605 1413 1648 ut
1437 1599 1490 1647 in
1517 1598 1571 1647 N
1573 1615 1618 1647 0.
1643 1603 1741 1648 140
1763 1599 1915 1664 usque
1941 1600 2005 1648 ad
2029 1601 2182 1650 verba
2198 1618 2291 1666 per

220 1711 300 1743 eos
323 1690 774 1756 excommunicant]
823 1728 834 1739 .
881 1728 892 1739 .
939 1727 950 1739 .
992 1690 1101 1739 Nos
1126 1698 1245 1740 tunc
1269 1690 1485 1755 ipsorum
1511 1690 1704 1739 abbatis
1734 1697 1785 1739 et
1810 1698 2087 1740 conuentus
2110 1691 2290 1757 suppli-

220 1786 507 1836 cacionibus
530 1783 761 1834 inclinati
786 1783 936 1834 certis
960 1783 1213 1833 iudicibus
1250 1820 1261 1832 .
1302 1821 1312 1831 .
1353 1821 1363 1832 .
1399 1783 1626 1832 dedimus
1650 1783 1703 1831 in
1728 1783 1975 1832 mandatis
2001 1790 2055 1833 ut
2078 1783 2169 1849 ipfi
2197 1822 2207 1832 .
2237 1821 2248 1832 .
2276 1822 2287 1832 .

220 1879 460 1945 episcopis
487 1886 536 1928 et
559 1878 785 1927 locorum
817 1877 1086 1927 ordinariis
1115 1876 1228 1944 [etc.
1265 1883 1320 1925 ut
1354 1876 1409 1925 in
1434 1875 1487 1924 N
1490 1893 1531 1924 0.
1562 1879 1659 1924 140
1684 1875 1835 1941 usque
1861 1877 1926 1925 ad
1951 1877 2104 1926 verba
2128 1873 2291 1925 ααέὶο·

220 1973 364 2021 ritate
400 1972 560 2035 nostra
595 1969 893 2035 concedatis]
937 2007 948 2018 .
988 2007 1000 2018 .
1039 2006 1050 2018 .
1099 1969 1421 2019 Postmodum
1461 1985 1583 2018 uero
1624 1985 1717 2034 pro
1757 1977 1901 2034 parte
1941 2007 1952 2017 .
1993 2007 2004 2018 .
2044 2006 2055 2018 .
2096 1969 2288 2018 Thome

223 2064 440 2130 episcopi
476 2061 846 2113 Aberdonenfis
893 2062 1036 2111 nobis
1073 2061 1298 2128 suggesto
1350 2063 1485 2127 quod
1537 2063 1696 2111 maior
1745 2079 1862 2127 pars
1899 2062 2290 2127 parrochialium

223 2156 539 2206 ecclefiarum
576 2156 657 2205 sue
683 2154 888 2206 diocefis
925 2156 1078 2206 uariis
1112 2155 1424 2206 monasteriis
1463 2191 1476 2205 .
1514 2193 1525 2203 .
1566 2192 1578 2204 .
1618 2155 1757 2204 unite
1782 2162 1927 2204 erant
1951 2184 1961 2194 ·
1990 2155 2288 2219 quequidem

223 2250 426 2305 ecclefie
451 2257 505 2298 ut
528 2248 799 2318 plurimum
823 2248 1019 2298 ruinose
1045 2265 1104 2298 ac
1127 2248 1182 2297 in
1207 2249 1511 2299 ornamentis
1536 2255 1587 2298 et
1611 2248 1720 2297 aliis
1745 2248 1919 2297 diuino
1943 2247 2100 2297 cultui
2125 2249 2287 2297 neces-

221 2343 360 2392 sariis
395 2350 600 2408 propter
634 2341 978 2408 religiosorum
1014 2341 1126 2391 illas
1161 2343 1500 2392 obtinencium
1537 2343 1672 2392 etde
1705 2342 1804 2390 illis
1826 2342 2075 2391 modicum
2094 2350 2285 2407 preter-

222 2453 370 2500 quam
394 2435 447 2485 in
471 2435 806 2500 percipiendis
830 2434 1030 2484 illarum
1061 2435 1298 2485 fruaibus
1324 2436 1612 2485 curancium
1650 2435 1922 2484 auariciam
1957 2443 2006 2485 et
2039 2436 2286 2486 incuriam

223 2528 499 2577 defeduose
536 2535 679 2577 erant
714 2555 724 2566 ·
761 2545 971 2591 quarum
1018 2528 1337 2594 quamplures
1372 2527 1464 2578 nifi
1501 2528 1872 2577 ordinariorum
1906 2528 2130 2577 locorum
2166 2546 2287 2578 cura

223 2619 510 2684 prouidisset
533 2620 755 2670 totaliter
785 2619 1030 2684 prostrate
1063 2628 1112 2669 et
1143 2621 1307 2670 dirute
1343 2621 1508 2670 forent
1543 2621 1614 2670 ita
1638 2629 1690 2669 ut
1716 2619 1750 2667 fi
1775 2619 1864 2685 ipfi
1900 2621 2050 2670 abbas
2086 2629 2135 2670 et
2170 2638 2284 2671 con-

226 2718 402 2760 uentus
425 2712 568 2761 nobis
589 2713 642 2761 in
668 2712 894 2777 premissa
918 2730 1090 2762 eorum
1115 2713 1426 2778 expoficione
1451 2714 1512 2762 de
1536 2711 1777 2778 premiffis
1801 2712 2041 2762 noticiam
2064 2713 2284 2763 fecissent
2360 2738 2368 2743 »

226 2822 255 2852 a
289 2804 432 2853 nobis
467 2804 592 2857 tales
628 2805 822 2857 litteras
859 2807 1062 2856 minime
1100 2807 1319 2857 habituri
1357 2804 1554 2854 fuissent
1579 2834 1590 2845 ·
1617 2805 1795 2869 quibus
1832 2805 2059 2854 omnibus
2091 2813 2282 2855 mature

226 2895 426 2962 digestis
467 2903 637 2960 aperte
679 2898 934 2948 constabat
973 2899 1222 2962 prediaas
1259 2899 1452 2948 litteras
1493 2897 1823 2962 surrepcionis
1864 2897 1991 2947 vicio
2032 2897 2283 2946 subiacere

227 2988 403 3052 easque
427 3005 488 3037 ex
512 2987 642 3036 falfis
667 2987 820 3037 cautis
858 2987 1105 3038 concessas
1141 2998 1190 3039 et
1215 3007 1244 3039 a
1273 2990 1416 3039 nobis
1452 2992 1698 3039 extor&as
1737 2988 1875 3038 fuiffe
1906 3004 2025 3037 icum
2060 2989 2282 3054 prefatus

227 3078 597 3131 Aberdonenfis
618 3086 668 3128 et
689 3078 774 3127 alii
790 3079 1033 3129 difztarum
1053 3081 1280 3145 parcium
1303 3082 1519 3147 episcopi
1539 3088 1688 3146 prout
1710 3081 1772 3129 de
1793 3081 1902 3129 iure
1926 3088 1976 3129 et
1997 3096 2057 3128 ex
2079 3081 2283 3145 antiqua

228 3171 580 3220 consuetudine
613 3170 909 3225 tenebantur
945 3179 999 3220 ut
1033 3172 1097 3221 ad
1133 3172 1326 3222 finodos
1361 3173 1592 3223 uenirent
1628 3189 1712 3222 eos
1746 3179 2007 3221 monerent
2035 3179 2091 3221 et
2119 3172 2279 3235 requi-

1239 3280 1269 3312 R
