2762 3834
617 366 1043 418 REGISTRUM
1076 367 1174 417 DE
1210 368 1763 427 ABERBROTHOC.
2107 387 2200 438 357

174 501 336 550 dileai
370 499 523 549 nostri
559 500 735 549 Karoli
769 499 951 548 Brown
988 501 1134 565 burgi
1171 502 1232 550 de
1269 502 1493 554 Arbroth
1528 506 1779 573 burgensis
1814 511 1875 559 de
1907 511 2199 563 fundacione

173 593 314 641 vnius
340 592 612 657 capellanie
635 592 813 640 10610111
847 592 933 640 sub
958 592 1111 658 figillo
1135 594 1343 658 prediai
1364 595 1540 645 Karoli
1565 606 1613 647 et
1638 600 1791 665 figillo
1817 603 2061 650 communi
2085 604 2201 652 dicti

170 683 315 748 burgi
347 685 512 732 sanam
543 691 593 732 et
623 683 870 748 integram
901 700 1001 732 11011
1033 685 1260 733 viciatam
1292 703 1391 735 non
1428 690 1750 740 cancellatam
1780 710 1879 741 non
1911 695 2066 742 rasam
2101 712 2199 743 11011

172 775 405 824 abolitam
448 791 541 823 1100
583 774 636 822 111
680 775 848 838 aliqua
889 774 959 823 sui
999 784 1140 839 parte
1187 786 1469 842 corruptam
1515 781 1596 830 seu
1642 783 1903 847 suspectam
1945 785 2026 834 sed
2068 787 2200 834 omni

170 867 366 932 prorsus
406 867 601 916 macula
638 867 767 915 vicio
810 874 858 915 et
899 868 1168 932 suspicione
1215 879 1463 921 carentem
1510 874 1759 939 inspexisse
1801 885 1849 926 et
1890 877 1953 925 ad
1998 878 2196 941 plenum

169 958 457 1007 intellexisse
499 986 510 996 ·
555 958 693 1007 cuius
732 966 867 1007 carte
906 967 1049 1007 tenor
1086 961 1302 1025 sequitur
1338 963 1390 1011 in
1426 964 1518 1014 hec
1554 967 1704 1015 uerba
1745 995 1755 1005 ·
1797 968 2037 1017 Omnibus
2071 970 2198 1018 hanc

171 1058 357 1099 cartam
383 1050 556 1099 visuris
582 1050 659 1099 vel
683 1051 925 1099 audituris
945 1050 1161 1100 Karolus
1186 1053 1366 1103 Brown
1390 1056 1638 1120 burgenfis
1662 1059 1723 1107 de
1749 1059 1970 1108 Arbroth
1995 1061 2195 1109 salutem

168 1143 220 1190 in
252 1142 470 1191 Domino
494 1143 838 1207 sempiternam
883 1174 892 1183 ·
932 1142 1189 1192 Noueritis
1220 1162 1297 1193 me
1327 1163 1416 1209 pro
1451 1148 1603 1197 salute
1626 1149 1786 1198 anime
1812 1151 2194 1200 excellentiffimi

166 1235 405 1300 principis
428 1234 464 1283 J
466 1235 606 1283 acobi
631 1234 792 1299 quarti
819 1236 949 1299 regis
973 1234 1232 1284 Scotorum
1258 1246 1306 1286 et
1330 1239 1410 1287 sue
1434 1242 1603 1305 regine
1628 1259 1684 1290 ac
1708 1259 1797 1307 pro
1822 1243 1972 1293 salute
1998 1261 2196 1292 venera-

164 1329 276 1378 bilis
304 1329 354 1377 in
388 1328 585 1379 Christo
623 1328 778 1393 patris
816 1327 1034 1392 Georgei
1065 1329 1255 1378 abbatis
1281 1331 1340 1380 de
1365 1332 1585 1382 Arbroth
1609 1342 1657 1382 et
1682 1343 1950 1383 conuentus
1984 1336 2195 1383 eiusdem

165 1438 359 1470 necnon
383 1438 474 1486 pro
500 1420 653 1470 salute
679 1420 840 1469 amine
870 1437 978 1473 mee
1003 1428 1052 1469 et
1077 1420 1316 1470 Mariorie
1353 1423 1543 1472 Guthre
1574 1425 1740 1489 sponse
1772 1442 1878 1474 mee
1912 1427 2065 1490 patris
2099 1427 2195 1474 mei

165 1521 214 1561 et
238 1513 408 1561 matris
433 1529 540 1561 mee
566 1520 615 1561 01
638 1529 730 1577 pro
756 1511 1011 1560 animabus
1047 1512 1399 1562 antecefforum
1428 1514 1519 1580 [et]
1547 1516 1862 1565 success‘orum
1894 1534 2111 1565 meorum
2148 1525 2195 1564 et

165 1605 383 1654 omnium
423 1604 642 1653 fidelium
685 1604 1031 1652 (1010110101οω
1067 1605 1221 1653 libere
1258 1606 1435 1655 dedisse
1471 1608 1741 1657 concefliffe
1777 1616 1825 1657 et
1859 1609 1951 1658 hac
1984 1610 2195 1673 presenti

165 1705 302 1745 carta
325 1714 436 1745 mea
460 1694 761 1745 confirmasse
786 1695 898 1744 Deo
927 1695 1271 1761 Omnipotenti
1297 1697 1545 1763 Beateque
1573 1701 1731 1749 Marie
1757 1700 1936 1765 virgini
1960 1717 2016 1748 ac
2042 1699 2195 1748 Beato

166 1788 428 1855 Nycholao
461 1789 687 1853 episcopo
720 1795 768 1837 et
800 1787 1056 1837 confessori
1092 1790 1155 1838 ad
1191 1790 1345 1839 altare
1381 1809 1469 1855 per
1503 1810 1580 1840 me
1615 1793 1810 1841 nouiter
1843 1793 2098 1840 fundatum
2134 1792 2196 1839 ad

163 1882 359 1930 laudem
385 1888 433 1930 et
457 1881 667 1946 gloriam
687 1881 957 1929 eorundem
983 1888 1032 1930 et
1057 1880 1462 1932 sustentacionem
1487 1884 1625 1932 vnius
1645 1884 1884 1948 capellani
1905 1884 2195 1932 celebraturi

163 1973 227 2021 ad
250 1973 431 2021 di&um
457 1972 611 2021 altare
637 1971 863 2021 situatum
888 1972 940 2020 in
967 1973 1157 2036 capella
1188 1974 1341 2023 Beate
1379 1975 1538 2024 Marie
1571 1976 1633 2023 ad
1662 1976 1807 2023 finem
1845 1974 2194 2023 occidentalem

162 2065 326 2129 pontis
351 2066 412 2113 de
440 2064 665 2113 Arbroth
697 2081 794 2128 qua
829 2064 1090 2113 deficiente
1115 2065 1168 2114 in
1192 2066 1395 2115 ecclesia
1430 2067 1572 2116 Beati
1597 2067 1800 2132 Vigiani
1835 2084 1924 2130 pro
1960 2074 2194 2130 perpetuo

163 2176 252 2224 pro
288 2159 544 2208 animabus
579 2159 812 2224 prediffis
844 2161 971 2208 totas
1008 2167 1057 2208 et
1092 2159 1311 2223 integras
1346 2159 1454 2208 illas
1490 2166 1645 2207 terras
1681 2168 1729 2207 et
1764 2174 1951 2207 annuos
1975 2157 2191 2205 redditus

162 2269 296 2300 meos
325 2251 668 2316 subsequentes
694 2281 703 2291 ·
731 2253 965 2301 videlicet
991 2279 1000 2289 ·
1027 2270 1175 2300 vnum
1201 2258 1533 2299 tenementum
1557 2250 1722 2298 iacens
1746 2250 1795 2297 in
1821 2249 1871 2313 ly
1900 2249 2107 2313 Cobgait
2132 2265 2189 2295 ex

161 2356 300 2408 parte
327 2344 624 2393 occidentali
649 2344 863 2393 eiusdem
889 2345 984 2393 vici
1009 2344 1140 2393 inter
1175 2351 1356 2391 terram
1393 2342 1654 2391 Laurencii
1683 2341 1882 2406 Seygait
1906 2341 1967 2388 ad
1992 2341 2186 2388 boream

162 2454 221 2484 ex
246 2454 343 2484 vna
367 2444 507 2501 parte
531 2445 581 2485 et
606 2443 789 2485 terram
814 2436 1027 2485 Walteri
1054 2435 1172 2485 Scot
1197 2435 1260 2483 ad
1284 2434 1498 2483 austrum
1523 2451 1582 2482 ex
1606 2441 1744 2497 parte
1769 2433 1924 2481 altera
1947 2460 1956 2469 ·
1984 2439 2032 2479 et
2056 2430 2188 2478 aliud

162 2535 495 2577 tenementum
530 2528 697 2576 iacens
721 2528 774 2576 in
798 2528 850 2594 ly
876 2528 1107 2577 Lorburn
1139 2545 1198 2577 ex
1228 2535 1368 2592 parte
1404 2526 1599 2575 australi
1635 2526 1765 2574 inter
1799 2532 1979 2572 terram
2013 2522 2186 2571 Jacobi

162 2619 430 2685 Dowglace
467 2621 528 2669 ad
566 2620 807 2669 orientem
844 2629 893 2670 et
928 2617 1111 2669 terram
1151 2621 1356 2670 Patricii
1397 2619 1602 2668 Baxstar
1643 2619 1705 2667 ad
1746 2618 2048 2665 occidentem
2089 2644 2098 2652 ·
2130 2612 2187 2661 vet

163 2729 310 2760 vnum
337 2722 500 2762 ortum
535 2712 718 2761 difitum
752 2713 788 2761 li
827 2713 997 2762 Grene
1024 2712 1190 2763 Yarde
1225 2713 1465 2762 iacentem
1501 2712 1550 2760 in
1587 2711 1814 2759 Lorburn
1845 2710 1975 2758 inter
2010 2716 2186 2755 terram

162 2805 366 2855 Patricii
405 2805 560 2856 Ceras
584 2807 648 2855 ad
672 2807 914 2855 orientem
950 2813 999 2854 et
1035 2823 1342 2854 communem
1378 2803 1617 2852 venellam
1656 2803 1717 2851 ad
1755 2801 2056 2850 occidentem
2094 2824 2103 2834 ·
2139 2806 2186 2844 et

163 2897 310 2946 alium
337 2907 496 2947 ortum
522 2898 574 2946 in
600 2899 770 2947 eadem
798 2898 878 2946 via
901 2898 1142 2946 iacentem
1167 2897 1298 2945 inter
1323 2903 1503 2944 terram
1527 2894 1560 2942 J
1565 2893 1703 2942 acobi
1742 2891 1945 2955 Galway
1971 2890 2032 2937 ad
2062 2889 2184 2936 occi-

163 2990 358 3038 dentem
384 2999 432 3039 et
457 2999 641 3039 terram
668 2990 860 3039 Thome
887 2989 1024 3054 Tyre
1050 2990 1112 3037 ad
1137 2989 1378 3037 orientem
1410 3015 1420 3026 ·
1452 2987 1568 3035 item
1598 2984 1813 3048 quinque
1838 2982 2011 3030 solidos
2036 2980 2181 3028 annui

162 3081 383 3130 redditus
418 3083 479 3130 de
516 3089 650 3130 terra
675 3081 867 3129 Thome
895 3080 1039 3145 Tyry
1063 3080 1255 3128 iacente
1293 3096 1351 3127 ex
1387 3085 1526 3142 parte
1560 3074 1746 3125 boreali
1782 3075 1842 3122 de
1878 3073 1927 3138 ly
1959 3072 2181 3120 Lorburn

160 3171 288 3221 inter
314 3180 495 3223 terram
520 3191 679 3223 meam
704 3171 954 3238 propriam
980 3172 1042 3220 ad
1068 3171 1372 3219 occidentem
1393 3176 1440 3217 et
1460 3175 1642 3216 terram
1661 3165 1712 3215 N
1712 3164 1906 3230 ycholai
1925 3162 2181 3226 Morysone
