<?xml version="1.0" encoding="UTF-8"?>
<!DOCTYPE html PUBLIC "-//W3C//DTD XHTML 1.0 Transitional//EN"
    "http://www.w3.org/TR/xhtml1/DTD/xhtml1-transitional.dtd">
<html xmlns="http://www.w3.org/1999/xhtml" xml:lang="en" lang="en">
 <head>
  <title>
</title>
<meta http-equiv="Content-Type" content="text/html;charset=utf-8" />
  <meta name='ocr-system' content='tesseract 3.04.00' />
  <meta name='ocr-capabilities' content='ocr_page ocr_carea ocr_par ocr_line ocrx_word'/>
</head>
<body>
  <div class='ocr_page' id='page_1' title='image "./libersthomedea8602arbruoft_0687.png"; bbox 0 0 2742 3848; ppageno 0'>
   <div class='ocr_carea' id='block_1_1' title="bbox 0 0 14 3201">
    <p class='ocr_par' dir='ltr' id='par_1_1' title="bbox 0 0 14 3201">
     <span class='ocr_line' id='line_1_1' title="bbox 0 0 14 3201; baseline 0 0"><span class='ocrx_word' id='word_1_1' title='bbox 0 0 14 3201; x_wconf 95' lang='lat' dir='ltr'> </span> 
     </span>
    </p>
   </div>
   <div class='ocr_carea' id='block_1_2' title="bbox 890 385 1548 437">
    <p class='ocr_par' dir='ltr' id='par_1_2' title="bbox 890 385 1548 437">
     <span class='ocr_line' id='line_1_2' title="bbox 890 385 1548 437; baseline 0 -2"><span class='ocrx_word' id='word_1_2' title='bbox 890 385 1130 437; x_wconf 91' lang='lat' dir='ltr'><strong>INDEX</strong></span> <span class='ocrx_word' id='word_1_3' title='bbox 1162 385 1548 437; x_wconf 90' lang='lat' dir='ltr'>NOMINUM.</span> 
     </span>
    </p>
   </div>
   <div class='ocr_carea' id='block_1_3' title="bbox 159 527 1174 1659">
    <p class='ocr_par' dir='ltr' id='par_1_3' title="bbox 163 527 1014 580">
     <span class='ocr_line' id='line_1_3' title="bbox 163 527 1014 580; baseline 0 -13"><span class='ocrx_word' id='word_1_4' title='bbox 163 528 353 580; x_wconf 86' lang='lat' dir='ltr'>Menyeis,</span> <span class='ocrx_word' id='word_1_5' title='bbox 375 527 558 579; x_wconf 84' lang='lat' dir='ltr'>Thomas,</span> <span class='ocrx_word' id='word_1_6' title='bbox 580 527 628 568; x_wconf 91' lang='lat' dir='ltr'>de</span> <span class='ocrx_word' id='word_1_7' title='bbox 649 527 898 579; x_wconf 84' lang='lat' dir='ltr'>Petfoddelis,</span> <span class='ocrx_word' id='word_1_8' title='bbox 922 528 1014 567; x_wconf 89' lang='lat'>501.</span> 
     </span>
    </p>

    <p class='ocr_par' dir='ltr' id='par_1_4' title="bbox 163 600 780 652">
     <span class='ocr_line' id='line_1_4' title="bbox 163 600 780 652; baseline 0.002 -14"><span class='ocrx_word' id='word_1_9' title='bbox 163 600 333 652; x_wconf 83' lang='lat' dir='ltr'>Mernys,</span> <span class='ocrx_word' id='word_1_10' title='bbox 355 600 551 640; x_wconf 79' lang='lat' dir='ltr'>Ranlotus</span> <span class='ocrx_word' id='word_1_11' title='bbox 570 600 630 651; x_wconf 91' lang='lat' dir='ltr'>de,</span> <span class='ocrx_word' id='word_1_12' title='bbox 653 602 690 651; x_wconf 95' lang='lat'>9,</span> <span class='ocrx_word' id='word_1_13' title='bbox 717 601 780 639; x_wconf 92' lang='lat'>10.</span> 
     </span>
    </p>

    <p class='ocr_par' dir='ltr' id='par_1_5' title="bbox 291 671 1017 723">
     <span class='ocr_line' id='line_1_5' title="bbox 291 671 1017 723; baseline -0.003 -11"><span class='ocrx_word' id='word_1_14' title='bbox 291 672 485 712; x_wconf 85' lang='lat' dir='ltr'>Robertus</span> <span class='ocrx_word' id='word_1_15' title='bbox 503 672 608 712; x_wconf 86' lang='lat' dir='ltr'>filius</span> <span class='ocrx_word' id='word_1_16' title='bbox 627 671 789 712; x_wconf 81' lang='lat' dir='ltr'>Ranloti</span> <span class='ocrx_word' id='word_1_17' title='bbox 808 672 868 723; x_wconf 91' lang='lat' dir='ltr'>de,</span> <span class='ocrx_word' id='word_1_18' title='bbox 891 674 928 722; x_wconf 88' lang='grc'>9,</span> <span class='ocrx_word' id='word_1_19' title='bbox 955 672 1017 711; x_wconf 89' lang='grc'>10.</span> 
     </span>
    </p>

    <p class='ocr_par' dir='ltr' id='par_1_6' title="bbox 290 745 789 795">
     <span class='ocr_line' id='line_1_6' title="bbox 290 745 789 795; baseline 0 -11"><span class='ocrx_word' id='word_1_20' title='bbox 290 745 461 784; x_wconf 85' lang='lat' dir='ltr'>vicarius</span> <span class='ocrx_word' id='word_1_21' title='bbox 480 745 540 795; x_wconf 88' lang='lat' dir='ltr'>de,</span> <span class='ocrx_word' id='word_1_22' title='bbox 561 745 649 785; x_wconf 79' lang='lat' dir='ltr'>vide</span> <span class='ocrx_word' id='word_1_23' title='bbox 668 745 789 784; x_wconf 87' lang='lat' dir='ltr'>Rede.</span> 
     </span>
    </p>

    <p class='ocr_par' dir='ltr' id='par_1_7' title="bbox 162 810 777 867">
     <span class='ocr_line' id='line_1_7' title="bbox 162 810 777 867; baseline 0 -12"><span class='ocrx_word' id='word_1_24' title='bbox 162 816 278 866; x_wconf 88' lang='lat' dir='ltr'>Mers,</span> <span class='ocrx_word' id='word_1_25' title='bbox 301 815 505 867; x_wconf 85' lang='lat' dir='ltr'>Georgius,</span> <span class='ocrx_word' id='word_1_26' title='bbox 532 818 621 855; x_wconf 89' lang='lat'><strong>186.</strong></span> <span class='ocrx_word' id='word_1_27' title='bbox 775 810 777 812; x_wconf 39' lang='lat'>¹</span> 
     </span>
    </p>

    <p class='ocr_par' dir='ltr' id='par_1_8' title="bbox 161 887 832 938">
     <span class='ocr_line' id='line_1_8' title="bbox 161 887 832 938; baseline -0.003 -11"><span class='ocrx_word' id='word_1_28' title='bbox 161 888 375 938; x_wconf 83' lang='lat' dir='ltr'>Mertimes,</span> <span class='ocrx_word' id='word_1_29' title='bbox 394 887 480 927; x_wconf 80' lang='lat' dir='ltr'>vide</span> <span class='ocrx_word' id='word_1_30' title='bbox 502 887 637 927; x_wconf 82' lang='lat' dir='ltr'><strong>Sancti</strong></span> <span class='ocrx_word' id='word_1_31' title='bbox 656 887 832 926; x_wconf 83' lang='lat' dir='ltr'>Martini.</span> 
     </span>
    </p>

    <p class='ocr_par' dir='ltr' id='par_1_9' title="bbox 160 958 1142 1010">
     <span class='ocr_line' id='line_1_9' title="bbox 160 958 1142 1010; baseline -0.002 -11"><span class='ocrx_word' id='word_1_32' title='bbox 160 959 378 1009; x_wconf 85' lang='lat' dir='ltr'>Michaelis,</span> <span class='ocrx_word' id='word_1_33' title='bbox 399 959 605 1009; x_wconf 75' lang='lat' dir='ltr'>Robertus,</span> <span class='ocrx_word' id='word_1_34' title='bbox 627 958 675 997; x_wconf 94' lang='lat' dir='ltr'>de</span> <span class='ocrx_word' id='word_1_35' title='bbox 695 958 1054 1010; x_wconf 81' lang='lat' dir='ltr'>Hyrdmonstoune,</span> <span class='ocrx_word' id='word_1_36' title='bbox 1077 959 1142 997; x_wconf 95' lang='lat'>78.</span> 
     </span>
    </p>

    <p class='ocr_par' dir='ltr' id='par_1_10' title="bbox 288 1031 615 1082">
     <span class='ocr_line' id='line_1_10' title="bbox 288 1031 615 1082; baseline -0.003 -11"><span class='ocrx_word' id='word_1_37' title='bbox 288 1031 526 1082; x_wconf 81' lang='lat' dir='ltr'>willelmus,</span> <span class='ocrx_word' id='word_1_38' title='bbox 548 1033 615 1072; x_wconf 86' lang='lat'>43.</span> 
     </span>
    </p>

    <p class='ocr_par' dir='ltr' id='par_1_11' title="bbox 162 1102 1174 1227">
     <span class='ocr_line' id='line_1_11' title="bbox 162 1102 1174 1156; baseline -0.001 -13"><span class='ocrx_word' id='word_1_39' title='bbox 162 1104 263 1155; x_wconf 91' lang='lat' dir='ltr'>Mill,</span> <span class='ocrx_word' id='word_1_40' title='bbox 295 1103 392 1156; x_wconf 86' lang='lat' dir='ltr'>Myl,</span> <span class='ocrx_word' id='word_1_41' title='bbox 426 1103 540 1155; x_wconf 91' lang='lat' dir='ltr'>Myll,</span> <span class='ocrx_word' id='word_1_42' title='bbox 575 1102 723 1154; x_wconf 88' lang='lat' dir='ltr'>Mylne,</span> <span class='ocrx_word' id='word_1_43' title='bbox 760 1102 998 1153; x_wconf 83' lang='lat' dir='ltr'>Alexander,</span> <span class='ocrx_word' id='word_1_44' title='bbox 1032 1103 1174 1142; x_wconf 87' lang='lat' dir='ltr'>artium</span> 
     </span>
     <span class='ocr_line' id='line_1_12' title="bbox 215 1175 934 1227; baseline -0.004 -10"><span class='ocrx_word' id='word_1_45' title='bbox 215 1176 493 1227; x_wconf 86' lang='lat' dir='ltr'>Baccallarius,</span> <span class='ocrx_word' id='word_1_46' title='bbox 514 1175 701 1223; x_wconf 81' lang='lat' dir='ltr'>notarius,</span> <span class='ocrx_word' id='word_1_47' title='bbox 723 1176 816 1226; x_wconf 89' lang='lat'>298,</span> <span class='ocrx_word' id='word_1_48' title='bbox 840 1177 934 1215; x_wconf 87' lang='lat'>308.</span> 
     </span>
    </p>

    <p class='ocr_par' dir='ltr' id='par_1_12' title="bbox 216 1247 1172 1370">
     <span class='ocr_line' id='line_1_13' title="bbox 297 1247 1172 1300; baseline -0.002 -12"><span class='ocrx_word' id='word_1_49' title='bbox 297 1248 519 1299; x_wconf 83' lang='lat' dir='ltr'>Elizabeth‚</span> <span class='ocrx_word' id='word_1_50' title='bbox 550 1261 692 1300; x_wconf 86' lang='lat' dir='ltr'>sponsa</span> <span class='ocrx_word' id='word_1_51' title='bbox 709 1247 906 1287; x_wconf 63' lang='lat' dir='ltr'>«Iohannis</span> <span class='ocrx_word' id='word_1_52' title='bbox 936 1247 992 1286; x_wconf 90' lang='grc' dir='ltr'>Μ.</span> <span class='ocrx_word' id='word_1_53' title='bbox 1014 1260 1172 1299; x_wconf 88' lang='lat' dir='ltr'>carpen-</span> 
     </span>
     <span class='ocr_line' id='line_1_14' title="bbox 216 1320 434 1370; baseline -0.009 -10"><span class='ocrx_word' id='word_1_54' title='bbox 216 1320 318 1370; x_wconf 88' lang='lat' dir='ltr'>tarii,</span> <span class='ocrx_word' id='word_1_55' title='bbox 341 1321 434 1359; x_wconf 88' lang='lat'><strong>415.</strong></span> 
     </span>
    </p>

    <p class='ocr_par' dir='ltr' id='par_1_13' title="bbox 159 1392 621 1442">
     <span class='ocr_line' id='line_1_15' title="bbox 159 1392 621 1442; baseline -0.002 -10"><span class='ocrx_word' id='word_1_56' title='bbox 159 1415 269 1421; x_wconf 85' lang='lat'>-—</span> <span class='ocrx_word' id='word_1_57' title='bbox 288 1392 316 1432; x_wconf 83' lang='lat' dir='ltr'><strong>J</strong></span> <span class='ocrx_word' id='word_1_58' title='bbox 319 1392 504 1442; x_wconf 89' lang='lat' dir='ltr'>ohannes,</span> <span class='ocrx_word' id='word_1_59' title='bbox 527 1392 621 1431; x_wconf 89' lang='lat'><strong>385.</strong></span> 
     </span>
    </p>

    <p class='ocr_par' dir='ltr' id='par_1_14' title="bbox 287 1463 1171 1516">
     <span class='ocr_line' id='line_1_16' title="bbox 287 1463 1171 1516; baseline -0.003 -12"><span class='ocrx_word' id='word_1_60' title='bbox 287 1464 502 1514; x_wconf 81' lang='lat' dir='ltr'>Johannes,</span> <span class='ocrx_word' id='word_1_61' title='bbox 531 1463 807 1516; x_wconf 85' lang='lat' dir='ltr'>carpentarius,</span> <span class='ocrx_word' id='word_1_62' title='bbox 839 1464 931 1511; x_wconf 91' lang='lat'>402,</span> <span class='ocrx_word' id='word_1_63' title='bbox 965 1464 1057 1512; x_wconf 87' lang='lat'>415,</span> <span class='ocrx_word' id='word_1_64' title='bbox 1080 1463 1171 1512; x_wconf 84' lang='lat'>482,</span> 
     </span>
    </p>

    <p class='ocr_par' dir='ltr' id='par_1_15' title="bbox 215 1538 306 1576">
     <span class='ocr_line' id='line_1_17' title="bbox 215 1538 306 1576; baseline -0.011 0"><span class='ocrx_word' id='word_1_65' title='bbox 215 1538 306 1576; x_wconf 87' lang='lat'><strong>509.</strong></span> 
     </span>
    </p>

    <p class='ocr_par' dir='ltr' id='par_1_16' title="bbox 297 1605 1172 1659">
     <span class='ocr_line' id='line_1_18' title="bbox 297 1605 1172 1659; baseline -0.003 -12"><span class='ocrx_word' id='word_1_66' title='bbox 297 1607 485 1659; x_wconf 80' lang='lat' dir='ltr'>magister</span> <span class='ocrx_word' id='word_1_67' title='bbox 513 1606 751 1656; x_wconf 81' lang='lat' dir='ltr'>Alexander,</span> <span class='ocrx_word' id='word_1_68' title='bbox 783 1606 992 1646; x_wconf 83' lang='lat' dir='ltr'>canonicus</span> <span class='ocrx_word' id='word_1_69' title='bbox 1022 1610 1063 1645; x_wconf 81' lang='lat' dir='ltr'>et</span> <span class='ocrx_word' id='word_1_70' title='bbox 1091 1605 1172 1645; x_wconf 91' lang='lat' dir='ltr'>offi-</span> 
     </span>
    </p>
   </div>
   <div class='ocr_carea' id='block_1_4' title="bbox 214 1678 1171 1802">
    <p class='ocr_par' dir='ltr' id='par_1_17' title="bbox 214 1678 1171 1802">
     <span class='ocr_line' id='line_1_19' title="bbox 214 1678 763 1729; baseline -0.004 -10"><span class='ocrx_word' id='word_1_71' title='bbox 214 1679 324 1719; x_wconf 88' lang='lat' dir='ltr'>cialis</span> <span class='ocrx_word' id='word_1_72' title='bbox 345 1678 647 1729; x_wconf 85' lang='lat' dir='ltr'>Dunkeldensis,</span> <span class='ocrx_word' id='word_1_73' title='bbox 669 1680 763 1717; x_wconf 90' lang='lat'><strong>424.</strong></span> 
     </span>
     <span class='ocr_line' id='line_1_20' title="bbox 288 1748 1171 1802; baseline -0.002 -12"><span class='ocrx_word' id='word_1_74' title='bbox 288 1751 474 1790; x_wconf 88' lang='lat' dir='ltr'>Marioria</span> <span class='ocrx_word' id='word_1_75' title='bbox 493 1750 676 1802; x_wconf 85' lang='lat' dir='ltr'>Lychton</span> <span class='ocrx_word' id='word_1_76' title='bbox 702 1762 842 1802; x_wconf 87' lang='lat' dir='ltr'>sponsa</span> <span class='ocrx_word' id='word_1_77' title='bbox 860 1749 888 1788; x_wconf 86' lang='lat' dir='ltr'><strong>J</strong></span> <span class='ocrx_word' id='word_1_78' title='bbox 890 1748 1067 1798; x_wconf 88' lang='lat' dir='ltr'>ohannis,</span> <span class='ocrx_word' id='word_1_79' title='bbox 1089 1761 1171 1788; x_wconf 85' lang='lat' dir='ltr'>car-</span> 
     </span>
    </p>
   </div>
   <div class='ocr_carea' id='block_1_5' title="bbox 162 694 272 701">
    <p class='ocr_par' dir='ltr' id='par_1_18' title="bbox 162 694 272 701">
     <span class='ocr_line' id='line_1_21' title="bbox 162 694 272 701; baseline 0 0"><span class='ocrx_word' id='word_1_80' title='bbox 162 694 272 701; x_wconf 95' lang='lat' dir='ltr'> </span> 
     </span>
    </p>
   </div>
   <div class='ocr_carea' id='block_1_6' title="bbox 161 766 272 774">
    <p class='ocr_par' dir='ltr' id='par_1_19' title="bbox 161 766 272 774">
     <span class='ocr_line' id='line_1_22' title="bbox 161 766 272 774; baseline 0 3074"><span class='ocrx_word' id='word_1_81' title='bbox 161 766 272 774; x_wconf 95' lang='lat' dir='ltr'> </span> 
     </span>
    </p>
   </div>
   <div class='ocr_carea' id='block_1_7' title="bbox 160 1055 268 1065">
    <p class='ocr_par' dir='ltr' id='par_1_20' title="bbox 160 1055 268 1065">
     <span class='ocr_line' id='line_1_23' title="bbox 160 1055 268 1065; baseline 0 0"><span class='ocrx_word' id='word_1_82' title='bbox 160 1055 268 1065; x_wconf 95' lang='lat' dir='ltr'> </span> 
     </span>
    </p>
   </div>
   <div class='ocr_carea' id='block_1_8' title="bbox 161 1271 269 1279">
    <p class='ocr_par' dir='ltr' id='par_1_21' title="bbox 161 1271 269 1279">
     <span class='ocr_line' id='line_1_24' title="bbox 161 1271 269 1279; baseline 0 0"><span class='ocrx_word' id='word_1_83' title='bbox 161 1271 269 1279; x_wconf 95' lang='lat' dir='ltr'> </span> 
     </span>
    </p>
   </div>
   <div class='ocr_carea' id='block_1_9' title="bbox 159 1486 268 1494">
    <p class='ocr_par' dir='ltr' id='par_1_22' title="bbox 159 1486 268 1494">
     <span class='ocr_line' id='line_1_25' title="bbox 159 1486 268 1494; baseline 0 0"><span class='ocrx_word' id='word_1_84' title='bbox 159 1486 268 1494; x_wconf 95' lang='lat' dir='ltr'> </span> 
     </span>
    </p>
   </div>
   <div class='ocr_carea' id='block_1_10' title="bbox 160 1630 268 1638">
    <p class='ocr_par' dir='ltr' id='par_1_23' title="bbox 160 1630 268 1638">
     <span class='ocr_line' id='line_1_26' title="bbox 160 1630 268 1638; baseline 0 0"><span class='ocrx_word' id='word_1_85' title='bbox 160 1630 268 1638; x_wconf 95' lang='lat' dir='ltr'> </span> 
     </span>
    </p>
   </div>
   <div class='ocr_carea' id='block_1_11' title="bbox 158 1774 267 1782">
    <p class='ocr_par' dir='ltr' id='par_1_24' title="bbox 158 1774 267 1782">
     <span class='ocr_line' id='line_1_27' title="bbox 158 1774 267 1782; baseline 0 2066"><span class='ocrx_word' id='word_1_86' title='bbox 158 1774 267 1782; x_wconf 95' lang='lat' dir='ltr'> </span> 
     </span>
    </p>
   </div>
   <div class='ocr_carea' id='block_1_12' title="bbox 212 1822 1172 2231">
    <p class='ocr_par' dir='ltr' id='par_1_25' title="bbox 212 1822 509 1875">
     <span class='ocr_line' id='line_1_28' title="bbox 212 1822 509 1875; baseline 0 -14"><span class='ocrx_word' id='word_1_87' title='bbox 212 1822 391 1875; x_wconf 83' lang='lat' dir='ltr'>pentarii,</span> <span class='ocrx_word' id='word_1_88' title='bbox 415 1823 509 1861; x_wconf 88' lang='grc'><strong>509.</strong></span> 
     </span>
    </p>

    <p class='ocr_par' dir='ltr' id='par_1_26' title="bbox 286 1893 608 1941">
     <span class='ocr_line' id='line_1_29' title="bbox 286 1893 608 1941; baseline -0.003 -8"><span class='ocrx_word' id='word_1_89' title='bbox 286 1894 491 1941; x_wconf 87' lang='lat' dir='ltr'>Robertus,</span> <span class='ocrx_word' id='word_1_90' title='bbox 514 1893 608 1933; x_wconf 89' lang='lat'><strong>359.</strong></span> 
     </span>
    </p>

    <p class='ocr_par' dir='ltr' id='par_1_27' title="bbox 213 1963 1169 2087">
     <span class='ocr_line' id='line_1_30' title="bbox 287 1963 1169 2016; baseline -0.003 -11"><span class='ocrx_word' id='word_1_91' title='bbox 287 1965 492 2016; x_wconf 89' lang='lat' dir='ltr'>Robertus,</span> <span class='ocrx_word' id='word_1_92' title='bbox 542 1964 645 2004; x_wconf 90' lang='lat' dir='ltr'>filius</span> <span class='ocrx_word' id='word_1_93' title='bbox 683 1963 880 2004; x_wconf 65' lang='lat' dir='ltr'>«Iohannis</span> <span class='ocrx_word' id='word_1_94' title='bbox 922 1963 1169 2015; x_wconf 85' lang='lat' dir='ltr'>carpentarii,</span> 
     </span>
     <span class='ocr_line' id='line_1_31' title="bbox 213 2037 422 2087; baseline -0.005 -11"><span class='ocrx_word' id='word_1_95' title='bbox 213 2038 306 2087; x_wconf 88' lang='lat'>402,</span> <span class='ocrx_word' id='word_1_96' title='bbox 329 2037 422 2076; x_wconf 91' lang='lat'><strong>415.</strong></span> 
     </span>
    </p>

    <p class='ocr_par' dir='ltr' id='par_1_28' title="bbox 213 2106 1172 2231">
     <span class='ocr_line' id='line_1_32' title="bbox 296 2106 1172 2159; baseline -0.002 -12"><span class='ocrx_word' id='word_1_97' title='bbox 296 2108 481 2157; x_wconf 85' lang='lat' dir='ltr'>Thomas,</span> <span class='ocrx_word' id='word_1_98' title='bbox 512 2107 614 2146; x_wconf 86' lang='lat' dir='ltr'>filius</span> <span class='ocrx_word' id='word_1_99' title='bbox 646 2106 842 2147; x_wconf 81' lang='lat' dir='ltr'>Johannis</span> <span class='ocrx_word' id='word_1_100' title='bbox 869 2106 1103 2159; x_wconf 82' lang='lat' dir='ltr'>carpentarii</span> <span class='ocrx_word' id='word_1_101' title='bbox 1133 2112 1172 2145; x_wconf 87' lang='lat' dir='ltr'>et</span> 
     </span>
     <span class='ocr_line' id='line_1_33' title="bbox 213 2179 726 2231; baseline -0.004 -12"><span class='ocrx_word' id='word_1_102' title='bbox 213 2180 396 2220; x_wconf 86' lang='lat' dir='ltr'>Mariorie</span> <span class='ocrx_word' id='word_1_103' title='bbox 416 2179 610 2231; x_wconf 86' lang='lat' dir='ltr'>Lychton,</span> <span class='ocrx_word' id='word_1_104' title='bbox 633 2180 726 2218; x_wconf 91' lang='lat'>509.</span> 
     </span>
    </p>
   </div>
   <div class='ocr_carea' id='block_1_13' title="bbox 159 1916 268 1925">
    <p class='ocr_par' dir='ltr' id='par_1_29' title="bbox 159 1916 268 1925">
     <span class='ocr_line' id='line_1_34' title="bbox 159 1916 268 1925; baseline 0 0"><span class='ocrx_word' id='word_1_105' title='bbox 159 1916 268 1925; x_wconf 95' lang='lat' dir='ltr'> </span> 
     </span>
    </p>
   </div>
   <div class='ocr_carea' id='block_1_14' title="bbox 160 1987 268 1997">
    <p class='ocr_par' dir='ltr' id='par_1_30' title="bbox 160 1987 268 1997">
     <span class='ocr_line' id='line_1_35' title="bbox 160 1987 268 1997; baseline 0 0"><span class='ocrx_word' id='word_1_106' title='bbox 160 1987 268 1997; x_wconf 95' lang='lat' dir='ltr'> </span> 
     </span>
    </p>
   </div>
   <div class='ocr_carea' id='block_1_15' title="bbox 158 2131 267 2139">
    <p class='ocr_par' dir='ltr' id='par_1_31' title="bbox 158 2131 267 2139">
     <span class='ocr_line' id='line_1_36' title="bbox 158 2131 267 2139; baseline 0 0"><span class='ocrx_word' id='word_1_107' title='bbox 158 2131 267 2139; x_wconf 95' lang='lat' dir='ltr'> </span> 
     </span>
    </p>
   </div>
   <div class='ocr_carea' id='block_1_16' title="bbox 86 2249 1026 2303">
    <p class='ocr_par' dir='ltr' id='par_1_32' title="bbox 86 2249 1026 2303">
     <span class='ocr_line' id='line_1_37' title="bbox 86 2249 1026 2303; baseline -0.004 -11"><span class='ocrx_word' id='word_1_108' title='bbox 86 2299 91 2303; x_wconf 33' lang='lat'>¹</span> <span class='ocrx_word' id='word_1_109' title='bbox 158 2252 366 2300; x_wconf 91' lang='lat' dir='ltr'>Monbodo,</span> <span class='ocrx_word' id='word_1_110' title='bbox 387 2251 632 2301; x_wconf 88' lang='lat' dir='ltr'>Monbodow,</span> <span class='ocrx_word' id='word_1_111' title='bbox 653 2251 740 2290; x_wconf 82' lang='lat' dir='ltr'>vide</span> <span class='ocrx_word' id='word_1_112' title='bbox 760 2249 1026 2290; x_wconf 84' lang='lat' dir='ltr'>Strathachin.</span> 
     </span>
    </p>
   </div>
   <div class='ocr_carea' id='block_1_17' title="bbox 157 2322 1168 3231">
    <p class='ocr_par' dir='ltr' id='par_1_33' title="bbox 158 2322 871 2374">
     <span class='ocr_line' id='line_1_38' title="bbox 158 2322 871 2374; baseline -0.006 -10"><span class='ocrx_word' id='word_1_113' title='bbox 158 2325 333 2374; x_wconf 89' lang='lat' dir='ltr'>Moncur,</span> <span class='ocrx_word' id='word_1_114' title='bbox 356 2323 546 2370; x_wconf 81' lang='lat' dir='ltr'>Andreas,</span> <span class='ocrx_word' id='word_1_115' title='bbox 567 2323 615 2361; x_wconf 91' lang='lat' dir='ltr'>de</span> <span class='ocrx_word' id='word_1_116' title='bbox 635 2322 782 2371; x_wconf 88' lang='lat' dir='ltr'>eodem,</span> <span class='ocrx_word' id='word_1_117' title='bbox 805 2323 871 2361; x_wconf 87' lang='grc'><strong>96.</strong></span> 
     </span>
    </p>

    <p class='ocr_par' dir='ltr' id='par_1_34' title="bbox 286 2393 839 2444">
     <span class='ocr_line' id='line_1_39' title="bbox 286 2393 839 2444; baseline -0.004 -11"><span class='ocrx_word' id='word_1_118' title='bbox 286 2394 477 2444; x_wconf 87' lang='lat' dir='ltr'>Andreas,</span> <span class='ocrx_word' id='word_1_119' title='bbox 499 2393 546 2432; x_wconf 90' lang='lat' dir='ltr'>de</span> <span class='ocrx_word' id='word_1_120' title='bbox 567 2394 722 2444; x_wconf 87' lang='lat' dir='ltr'>Manys,</span> <span class='ocrx_word' id='word_1_121' title='bbox 744 2394 839 2432; x_wconf 89' lang='lat'>459.</span> 
     </span>
    </p>

    <p class='ocr_par' dir='ltr' id='par_1_35' title="bbox 285 2462 1072 2516">
     <span class='ocr_line' id='line_1_40' title="bbox 285 2462 1072 2516; baseline -0.004 -11"><span class='ocrx_word' id='word_1_122' title='bbox 285 2466 434 2506; x_wconf 83' lang='lat' dir='ltr'>Joneta</span> <span class='ocrx_word' id='word_1_123' title='bbox 454 2463 604 2516; x_wconf 85' lang='lat' dir='ltr'>Graym</span> <span class='ocrx_word' id='word_1_124' title='bbox 625 2476 766 2516; x_wconf 86' lang='lat' dir='ltr'>sponsa</span> <span class='ocrx_word' id='word_1_125' title='bbox 785 2462 955 2513; x_wconf 87' lang='lat' dir='ltr'>Andree,</span> <span class='ocrx_word' id='word_1_126' title='bbox 978 2465 1072 2503; x_wconf 89' lang='lat'><strong>459.</strong></span> 
     </span>
    </p>

    <p class='ocr_par' dir='ltr' id='par_1_36' title="bbox 285 2537 605 2584">
     <span class='ocr_line' id='line_1_41' title="bbox 285 2537 605 2584; baseline -0.006 -7"><span class='ocrx_word' id='word_1_127' title='bbox 285 2538 490 2584; x_wconf 83' lang='lat' dir='ltr'>Robertus,</span> <span class='ocrx_word' id='word_1_128' title='bbox 512 2537 605 2575; x_wconf 90' lang='lat'><strong>287.</strong></span> 
     </span>
    </p>

    <p class='ocr_par' dir='ltr' id='par_1_37' title="bbox 158 2605 970 2659">
     <span class='ocr_line' id='line_1_42' title="bbox 158 2605 970 2659; baseline -0.005 -10"><span class='ocrx_word' id='word_1_129' title='bbox 158 2609 412 2659; x_wconf 82' lang='lat' dir='ltr'>Monecabok,</span> <span class='ocrx_word' id='word_1_130' title='bbox 435 2606 682 2655; x_wconf 88' lang='lat' dir='ltr'>Monicab0k‚</span> <span class='ocrx_word' id='word_1_131' title='bbox 701 2606 789 2646; x_wconf 86' lang='lat' dir='ltr'>vide</span> <span class='ocrx_word' id='word_1_132' title='bbox 810 2605 970 2658; x_wconf 85' lang='lat' dir='ltr'><strong>Ogilvy.</strong></span> 
     </span>
    </p>

    <p class='ocr_par' dir='ltr' id='par_1_38' title="bbox 157 2678 966 2732">
     <span class='ocr_line' id='line_1_43' title="bbox 157 2678 966 2732; baseline -0.005 -12"><span class='ocrx_word' id='word_1_133' title='bbox 157 2680 340 2732; x_wconf 86' lang='lat' dir='ltr'>Monedy,</span> <span class='ocrx_word' id='word_1_134' title='bbox 363 2679 542 2731; x_wconf 83' lang='lat' dir='ltr'>Fynlaus</span> <span class='ocrx_word' id='word_1_135' title='bbox 561 2678 620 2729; x_wconf 89' lang='lat' dir='ltr'>de,</span> <span class='ocrx_word' id='word_1_136' title='bbox 642 2679 736 2726; x_wconf 90' lang='lat'>275,</span> <span class='ocrx_word' id='word_1_137' title='bbox 758 2679 852 2725; x_wconf 93' lang='lat'>276,</span> <span class='ocrx_word' id='word_1_138' title='bbox 873 2679 966 2716; x_wconf 92' lang='grc'><strong>279.</strong></span> 
     </span>
    </p>

    <p class='ocr_par' dir='ltr' id='par_1_39' title="bbox 286 2749 1167 2801">
     <span class='ocr_line' id='line_1_44' title="bbox 286 2749 1167 2801; baseline -0.005 -10"><span class='ocrx_word' id='word_1_139' title='bbox 286 2752 479 2792; x_wconf 87' lang='lat' dir='ltr'>Robertus</span> <span class='ocrx_word' id='word_1_140' title='bbox 493 2750 612 2789; x_wconf 82' lang='lat' dir='ltr'>frater</span> <span class='ocrx_word' id='word_1_141' title='bbox 626 2749 771 2801; x_wconf 83' lang='lat' dir='ltr'>Finlay</span> <span class='ocrx_word' id='word_1_142' title='bbox 784 2749 843 2799; x_wconf 90' lang='lat' dir='ltr'>de,</span> <span class='ocrx_word' id='word_1_143' title='bbox 859 2750 951 2796; x_wconf 85' lang='lat'>275,</span> <span class='ocrx_word' id='word_1_144' title='bbox 967 2749 1059 2798; x_wconf 88' lang='grc'><strong>276,</strong></span> <span class='ocrx_word' id='word_1_145' title='bbox 1074 2749 1167 2791; x_wconf 83' lang='grc'><strong>279.</strong></span> 
     </span>
    </p>

    <p class='ocr_par' dir='ltr' id='par_1_40' title="bbox 158 2819 1168 2943">
     <span class='ocr_line' id='line_1_45' title="bbox 158 2819 1168 2874; baseline -0.005 -11"><span class='ocrx_word' id='word_1_146' title='bbox 158 2823 371 2874; x_wconf 81' lang='lat' dir='ltr'>Monefoth,</span> <span class='ocrx_word' id='word_1_147' title='bbox 416 2821 637 2872; x_wconf 85' lang='lat' dir='ltr'>Monefuth,</span> <span class='ocrx_word' id='word_1_148' title='bbox 682 2820 942 2872; x_wconf 86' lang='lat' dir='ltr'>Monyfwyth,</span> <span class='ocrx_word' id='word_1_149' title='bbox 986 2819 1168 2860; x_wconf 89' lang='lat' dir='ltr'>dominus</span> 
     </span>
     <span class='ocr_line' id='line_1_46' title="bbox 212 2893 964 2943; baseline -0.007 -7"><span class='ocrx_word' id='word_1_150' title='bbox 212 2896 438 2936; x_wconf 87' lang='lat' dir='ltr'>Willelmus</span> <span class='ocrx_word' id='word_1_151' title='bbox 452 2895 623 2935; x_wconf 86' lang='lat' dir='ltr'>vicarius</span> <span class='ocrx_word' id='word_1_152' title='bbox 637 2893 797 2934; x_wconf 86' lang='lat' dir='ltr'>ecclesie</span> <span class='ocrx_word' id='word_1_153' title='bbox 818 2893 877 2943; x_wconf 91' lang='lat' dir='ltr'>de,</span> <span class='ocrx_word' id='word_1_154' title='bbox 900 2896 964 2932; x_wconf 89' lang='lat'>22.</span> 
     </span>
    </p>

    <p class='ocr_par' dir='ltr' id='par_1_41' title="bbox 157 2966 866 3019">
     <span class='ocr_line' id='line_1_47' title="bbox 157 2966 866 3019; baseline -0.008 -9"><span class='ocrx_word' id='word_1_155' title='bbox 157 2992 266 2999; x_wconf 91' lang='lat'>—</span> <span class='ocrx_word' id='word_1_156' title='bbox 284 2969 322 3009; x_wconf 88' lang='grc'>16</span> <span class='ocrx_word' id='word_1_157' title='bbox 343 2967 503 3019; x_wconf 82' lang='lat' dir='ltr'>Grange</span> <span class='ocrx_word' id='word_1_158' title='bbox 523 2967 582 3017; x_wconf 89' lang='lat' dir='ltr'>de,</span> <span class='ocrx_word' id='word_1_159' title='bbox 597 2966 686 3006; x_wconf 85' lang='lat' dir='ltr'>vide</span> <span class='ocrx_word' id='word_1_160' title='bbox 706 2966 866 3005; x_wconf 90' lang='lat' dir='ltr'>Durem.</span> 
     </span>
    </p>

    <p class='ocr_par' dir='ltr' id='par_1_42' title="bbox 285 3037 875 3089">
     <span class='ocr_line' id='line_1_48' title="bbox 285 3037 875 3089; baseline -0.005 -10"><span class='ocrx_word' id='word_1_161' title='bbox 285 3040 352 3080; x_wconf 83' lang='lat' dir='ltr'>the</span> <span class='ocrx_word' id='word_1_162' title='bbox 371 3039 457 3078; x_wconf 87' lang='lat' dir='ltr'>lard</span> <span class='ocrx_word' id='word_1_163' title='bbox 476 3039 519 3079; x_wconf 87' lang='lat' dir='ltr'>of</span> <span class='ocrx_word' id='word_1_164' title='bbox 535 3038 696 3089; x_wconf 85' lang='lat' dir='ltr'>Grange</span> <span class='ocrx_word' id='word_1_165' title='bbox 711 3037 760 3087; x_wconf 90' lang='lat' dir='ltr'>of,</span> <span class='ocrx_word' id='word_1_166' title='bbox 783 3038 875 3077; x_wconf 90' lang='lat'>503.</span> 
     </span>
    </p>

    <p class='ocr_par' dir='ltr' id='par_1_43' title="bbox 284 3110 619 3161">
     <span class='ocr_line' id='line_1_49' title="bbox 284 3110 619 3161; baseline -0.009 -9"><span class='ocrx_word' id='word_1_167' title='bbox 284 3112 454 3152; x_wconf 84' lang='lat' dir='ltr'>vicarius</span> <span class='ocrx_word' id='word_1_168' title='bbox 472 3110 532 3161; x_wconf 89' lang='lat' dir='ltr'>de,</span> <span class='ocrx_word' id='word_1_169' title='bbox 554 3112 619 3151; x_wconf 88' lang='grc'><strong>23.</strong></span> 
     </span>
    </p>

    <p class='ocr_par' dir='ltr' id='par_1_44' title="bbox 159 3178 1166 3231">
     <span class='ocr_line' id='line_1_50' title="bbox 159 3178 1166 3231; baseline -0.007 -7"><span class='ocrx_word' id='word_1_170' title='bbox 159 3207 266 3215; x_wconf 90' lang='lat'>——</span> <span class='ocrx_word' id='word_1_171' title='bbox 288 3183 456 3223; x_wconf 88' lang='lat' dir='ltr'>vicarius</span> <span class='ocrx_word' id='word_1_172' title='bbox 475 3181 634 3222; x_wconf 88' lang='lat' dir='ltr'>ecclesie</span> <span class='ocrx_word' id='word_1_173' title='bbox 654 3180 715 3231; x_wconf 85' lang='lat' dir='ltr'>de,</span> <span class='ocrx_word' id='word_1_174' title='bbox 735 3181 821 3220; x_wconf 80' lang='lat' dir='ltr'>vide</span> <span class='ocrx_word' id='word_1_175' title='bbox 841 3178 1050 3228; x_wconf 79' lang='lat' dir='ltr'>Cristeson,</span> <span class='ocrx_word' id='word_1_176' title='bbox 1071 3178 1166 3217; x_wconf 88' lang='lat' dir='ltr'>Yal·</span> 
     </span>
    </p>
   </div>
   <div class='ocr_carea' id='block_1_18' title="bbox 161 2417 267 2425">
    <p class='ocr_par' dir='ltr' id='par_1_45' title="bbox 161 2417 267 2425">
     <span class='ocr_line' id='line_1_51' title="bbox 161 2417 267 2425; baseline 0 0"><span class='ocrx_word' id='word_1_177' title='bbox 161 2417 267 2425; x_wconf 95' lang='lat' dir='ltr'> </span> 
     </span>
    </p>
   </div>
   <div class='ocr_carea' id='block_1_19' title="bbox 157 2489 262 2498">
    <p class='ocr_par' dir='ltr' id='par_1_46' title="bbox 157 2489 262 2498">
     <span class='ocr_line' id='line_1_52' title="bbox 157 2489 262 2498; baseline 0 0"><span class='ocrx_word' id='word_1_178' title='bbox 157 2489 262 2498; x_wconf 95' lang='lat' dir='ltr'> </span> 
     </span>
    </p>
   </div>
   <div class='ocr_carea' id='block_1_20' title="bbox 156 2559 266 2568">
    <p class='ocr_par' dir='ltr' id='par_1_47' title="bbox 156 2559 266 2568">
     <span class='ocr_line' id='line_1_53' title="bbox 156 2559 266 2568; baseline 0 0"><span class='ocrx_word' id='word_1_179' title='bbox 156 2559 266 2568; x_wconf 95' lang='lat' dir='ltr'> </span> 
     </span>
    </p>
   </div>
   <div class='ocr_carea' id='block_1_21' title="bbox 156 2774 266 2782">
    <p class='ocr_par' dir='ltr' id='par_1_48' title="bbox 156 2774 266 2782">
     <span class='ocr_line' id='line_1_54' title="bbox 156 2774 266 2782; baseline 0 0"><span class='ocrx_word' id='word_1_180' title='bbox 156 2774 266 2782; x_wconf 95' lang='lat' dir='ltr'> </span> 
     </span>
    </p>
   </div>
   <div class='ocr_carea' id='block_1_22' title="bbox 158 3063 266 3072">
    <p class='ocr_par' dir='ltr' id='par_1_49' title="bbox 158 3063 266 3072">
     <span class='ocr_line' id='line_1_55' title="bbox 158 3063 266 3072; baseline 0 0"><span class='ocrx_word' id='word_1_181' title='bbox 158 3063 266 3072; x_wconf 95' lang='lat' dir='ltr'> </span> 
     </span>
    </p>
   </div>
   <div class='ocr_carea' id='block_1_23' title="bbox 158 3136 266 3143">
    <p class='ocr_par' dir='ltr' id='par_1_50' title="bbox 158 3136 266 3143">
     <span class='ocr_line' id='line_1_56' title="bbox 158 3136 266 3143; baseline 0 705"><span class='ocrx_word' id='word_1_182' title='bbox 158 3136 266 3143; x_wconf 95' lang='lat' dir='ltr'> </span> 
     </span>
    </p>
   </div>
   <div class='ocr_carea' id='block_1_24' title="bbox 213 3257 342 3296">
    <p class='ocr_par' dir='ltr' id='par_1_51' title="bbox 213 3257 342 3296">
     <span class='ocr_line' id='line_1_57' title="bbox 213 3257 342 3296; baseline -0.008 0"><span class='ocrx_word' id='word_1_183' title='bbox 213 3257 342 3296; x_wconf 83' lang='lat' dir='ltr'>lower.</span> 
     </span>
    </p>
   </div>
   <div class='ocr_carea' id='block_1_25' title="bbox 2168 394 2263 446">
    <p class='ocr_par' dir='ltr' id='par_1_52' title="bbox 2168 394 2263 446">
     <span class='ocr_line' id='line_1_58' title="bbox 2168 394 2263 446; baseline 0.074 -8"><span class='ocrx_word' id='word_1_184' title='bbox 2168 394 2263 446; x_wconf 84' lang='lat'>587</span> 
     </span>
    </p>
   </div>
   <div class='ocr_carea' id='block_1_26' title="bbox 1248 528 2265 1154">
    <p class='ocr_par' dir='ltr' id='par_1_53' title="bbox 1249 528 1760 580">
     <span class='ocr_line' id='line_1_59' title="bbox 1249 528 1760 580; baseline 0.002 -13"><span class='ocrx_word' id='word_1_185' title='bbox 1249 528 1458 580; x_wconf 86' lang='lat' dir='ltr'>Monelaw,</span> <span class='ocrx_word' id='word_1_186' title='bbox 1479 528 1671 580; x_wconf 78' lang='lat' dir='ltr'>Andreas,</span> <span class='ocrx_word' id='word_1_187' title='bbox 1694 529 1760 569; x_wconf 90' lang='lat'><strong>90.</strong></span> 
     </span>
    </p>

    <p class='ocr_par' dir='ltr' id='par_1_54' title="bbox 1250 599 1681 650">
     <span class='ocr_line' id='line_1_60' title="bbox 1250 599 1681 650; baseline 0.002 -12"><span class='ocrx_word' id='word_1_188' title='bbox 1250 621 1353 628; x_wconf 80' lang='lat'>——</span> <span class='ocrx_word' id='word_1_189' title='bbox 1377 599 1406 639; x_wconf 83' lang='lat' dir='ltr'>J</span> <span class='ocrx_word' id='word_1_190' title='bbox 1408 599 1593 650; x_wconf 87' lang='lat' dir='ltr'>ohannes,</span> <span class='ocrx_word' id='word_1_191' title='bbox 1615 601 1681 640; x_wconf 91' lang='lat'>90.</span> 
     </span>
    </p>

    <p class='ocr_par' dir='ltr' id='par_1_55' title="bbox 1250 671 2265 796">
     <span class='ocr_line' id='line_1_61' title="bbox 1250 671 2265 724; baseline 0.003 -14"><span class='ocrx_word' id='word_1_192' title='bbox 1250 671 1486 723; x_wconf 86' lang='lat' dir='ltr'>Monemeyl,</span> <span class='ocrx_word' id='word_1_193' title='bbox 1523 671 1769 724; x_wconf 68' lang='lat' dir='ltr'>Moffimeyll,</span> <span class='ocrx_word' id='word_1_194' title='bbox 1805 672 2061 724; x_wconf 71' lang='lat' dir='ltr'>Mmymeyll,</span> <span class='ocrx_word' id='word_1_195' title='bbox 2096 674 2265 713; x_wconf 84' lang='lat' dir='ltr'>vicarius</span> 
     </span>
     <span class='ocr_line' id='line_1_62' title="bbox 1304 743 1701 796; baseline 0.008 -15"><span class='ocrx_word' id='word_1_196' title='bbox 1304 743 1364 794; x_wconf 90' lang='lat' dir='ltr'>de,</span> <span class='ocrx_word' id='word_1_197' title='bbox 1386 744 1472 783; x_wconf 81' lang='lat' dir='ltr'>vide</span> <span class='ocrx_word' id='word_1_198' title='bbox 1492 743 1701 796; x_wconf 86' lang='lat' dir='ltr'>Balfowyr.</span> 
     </span>
    </p>

    <p class='ocr_par' dir='ltr' id='par_1_56' title="bbox 1249 815 2190 868">
     <span class='ocr_line' id='line_1_63' title="bbox 1249 815 2190 868; baseline 0.001 -14"><span class='ocrx_word' id='word_1_199' title='bbox 1249 815 1560 867; x_wconf 87' lang='lat' dir='ltr'>Monnorgunde,</span> <span class='ocrx_word' id='word_1_200' title='bbox 1582 815 1843 868; x_wconf 86' lang='lat' dir='ltr'>Monorgund,</span> <span class='ocrx_word' id='word_1_201' title='bbox 1864 815 2101 868; x_wconf 86' lang='lat' dir='ltr'>Willelmus,</span> <span class='ocrx_word' id='word_1_202' title='bbox 2123 818 2190 856; x_wconf 89' lang='lat'>85.</span> 
     </span>
    </p>

    <p class='ocr_par' dir='ltr' id='par_1_57' title="bbox 1377 887 1940 939">
     <span class='ocr_line' id='line_1_64' title="bbox 1377 887 1940 939; baseline 0.002 -13"><span class='ocrx_word' id='word_1_203' title='bbox 1377 887 1569 939; x_wconf 82' lang='lat' dir='ltr'>william,</span> <span class='ocrx_word' id='word_1_204' title='bbox 1590 887 1635 927; x_wconf 86' lang='lat' dir='ltr'>of</span> <span class='ocrx_word' id='word_1_205' title='bbox 1647 887 1736 927; x_wconf 81' lang='lat' dir='ltr'>that</span> <span class='ocrx_word' id='word_1_206' title='bbox 1754 887 1824 939; x_wconf 91' lang='lat' dir='ltr'>ilk,</span> <span class='ocrx_word' id='word_1_207' title='bbox 1847 889 1940 927; x_wconf 88' lang='lat'><strong>290.</strong></span> 
     </span>
    </p>

    <p class='ocr_par' dir='ltr' id='par_1_58' title="bbox 1248 958 2263 1083">
     <span class='ocr_line' id='line_1_65' title="bbox 1248 958 2263 1012; baseline 0.004 -15"><span class='ocrx_word' id='word_1_208' title='bbox 1248 958 1417 1009; x_wconf 80' lang='lat' dir='ltr'>Momos,</span> <span class='ocrx_word' id='word_1_209' title='bbox 1435 959 1651 1010; x_wconf 85' lang='lat' dir='ltr'>Monthros‚</span> <span class='ocrx_word' id='word_1_210' title='bbox 1668 960 2042 1011; x_wconf 78' lang='lat' dir='ltr'>Montros,Mun1-0s,</span> <span class='ocrx_word' id='word_1_211' title='bbox 2058 960 2263 1012; x_wconf 81' lang='lat' dir='ltr'>burgensis</span> 
     </span>
     <span class='ocr_line' id='line_1_66' title="bbox 1301 1017 2219 1083; baseline 0.004 -14"><span class='ocrx_word' id='word_1_212' title='bbox 1301 1030 1362 1080; x_wconf 91' lang='lat' dir='ltr'>de,</span> <span class='ocrx_word' id='word_1_213' title='bbox 1386 1031 1470 1070; x_wconf 80' lang='lat' dir='ltr'>vide</span> <span class='ocrx_word' id='word_1_214' title='bbox 1491 1030 1606 1082; x_wconf 86' lang='lat' dir='ltr'>Cant,</span> <span class='ocrx_word' id='word_1_215' title='bbox 1628 1017 1800 1082; x_wconf 80' lang='lat' dir='ltr'>Nudere,</span> <span class='ocrx_word' id='word_1_216' title='bbox 1822 1032 1997 1083; x_wconf 84' lang='lat' dir='ltr'>Panitar,</span> <span class='ocrx_word' id='word_1_217' title='bbox 2021 1032 2219 1073; x_wconf 84' lang='lat' dir='ltr'>Stratoun.</span> 
     </span>
    </p>

    <p class='ocr_par' dir='ltr' id='par_1_59' title="bbox 1375 1102 1880 1154">
     <span class='ocr_line' id='line_1_67' title="bbox 1375 1102 1880 1154; baseline 0.004 -13"><span class='ocrx_word' id='word_1_218' title='bbox 1375 1102 1686 1143; x_wconf 79' lang='lat' dir='ltr'>constabularius</span> <span class='ocrx_word' id='word_1_219' title='bbox 1704 1103 1765 1154; x_wconf 91' lang='lat' dir='ltr'>de,</span> <span class='ocrx_word' id='word_1_220' title='bbox 1787 1104 1880 1143; x_wconf 88' lang='grc'><strong>546.</strong></span> 
     </span>
    </p>
   </div>
   <div class='ocr_carea' id='block_1_27' title="bbox 1250 911 1358 918">
    <p class='ocr_par' dir='ltr' id='par_1_60' title="bbox 1250 911 1358 918">
     <span class='ocr_line' id='line_1_68' title="bbox 1250 911 1358 918; baseline 0 0"><span class='ocrx_word' id='word_1_221' title='bbox 1250 911 1358 918; x_wconf 95' lang='lat' dir='ltr'> </span> 
     </span>
    </p>
   </div>
   <div class='ocr_carea' id='block_1_28' title="bbox 1246 1124 1354 1131">
    <p class='ocr_par' dir='ltr' id='par_1_61' title="bbox 1246 1124 1354 1131">
     <span class='ocr_line' id='line_1_69' title="bbox 1246 1124 1354 1131; baseline 0 2717"><span class='ocrx_word' id='word_1_222' title='bbox 1246 1124 1354 1131; x_wconf 95' lang='lat' dir='ltr'> </span> 
     </span>
    </p>
   </div>
   <div class='ocr_carea' id='block_1_29' title="bbox 1245 1196 1355 1202">
    <p class='ocr_par' dir='ltr' id='par_1_62' title="bbox 1245 1196 1355 1202">
     <span class='ocr_line' id='line_1_70' title="bbox 1245 1196 1355 1202; baseline 0 0"><span class='ocrx_word' id='word_1_223' title='bbox 1245 1196 1355 1202; x_wconf 95' lang='lat' dir='ltr'> </span> 
     </span>
    </p>
   </div>
   <div class='ocr_carea' id='block_1_30' title="bbox 1245 1173 2260 1646">
    <p class='ocr_par' dir='ltr' id='par_1_63' title="bbox 1300 1173 2258 1295">
     <span class='ocr_line' id='line_1_71' title="bbox 1373 1173 2258 1227; baseline 0.002 -14"><span class='ocrx_word' id='word_1_224' title='bbox 1373 1173 1402 1213; x_wconf 79' lang='lat' dir='ltr'><strong>J</strong></span> <span class='ocrx_word' id='word_1_225' title='bbox 1404 1174 1578 1214; x_wconf 89' lang='lat' dir='ltr'>ohannes</span> <span class='ocrx_word' id='word_1_226' title='bbox 1597 1174 1657 1225; x_wconf 91' lang='lat' dir='ltr'>de,</span> <span class='ocrx_word' id='word_1_227' title='bbox 1678 1180 1889 1227; x_wconf 83' lang='lat' dir='ltr'>perpetuus</span> <span class='ocrx_word' id='word_1_228' title='bbox 1905 1175 2075 1215; x_wconf 86' lang='lat' dir='ltr'>vicarius</span> <span class='ocrx_word' id='word_1_229' title='bbox 2093 1175 2141 1215; x_wconf 91' lang='lat' dir='ltr'>de</span> <span class='ocrx_word' id='word_1_230' title='bbox 2162 1175 2258 1215; x_wconf 76' lang='lat' dir='ltr'>Tar-</span> 
     </span>
     <span class='ocr_line' id='line_1_72' title="bbox 1300 1244 1585 1295; baseline 0.007 -12"><span class='ocrx_word' id='word_1_231' title='bbox 1300 1244 1407 1295; x_wconf 87' lang='lat' dir='ltr'>wais,</span> <span class='ocrx_word' id='word_1_232' title='bbox 1432 1247 1495 1294; x_wconf 90' lang='lat'>14,</span> <span class='ocrx_word' id='word_1_233' title='bbox 1521 1247 1585 1285; x_wconf 92' lang='lat'>16.</span> 
     </span>
    </p>

    <p class='ocr_par' dir='ltr' id='par_1_64' title="bbox 1245 1316 2258 1439">
     <span class='ocr_line' id='line_1_73' title="bbox 1245 1316 2258 1370; baseline 0.002 -15"><span class='ocrx_word' id='word_1_234' title='bbox 1245 1316 1531 1370; x_wconf 87' lang='lat' dir='ltr'>Montgomery,</span> <span class='ocrx_word' id='word_1_235' title='bbox 1575 1317 1842 1370; x_wconf 81' lang='lat' dir='ltr'>Montgumry,</span> <span class='ocrx_word' id='word_1_236' title='bbox 1878 1317 2104 1358; x_wconf 83' lang='lat' dir='ltr'>Alexander</span> <span class='ocrx_word' id='word_1_237' title='bbox 2137 1318 2258 1359; x_wconf 85' lang='lat' dir='ltr'>domi-</span> 
     </span>
     <span class='ocr_line' id='line_1_74' title="bbox 1301 1390 1504 1439; baseline 0.005 -12"><span class='ocrx_word' id='word_1_238' title='bbox 1301 1402 1387 1439; x_wconf 88' lang='lat' dir='ltr'>nus,</span> <span class='ocrx_word' id='word_1_239' title='bbox 1412 1390 1504 1428; x_wconf 90' lang='lat'><strong>125.</strong></span> 
     </span>
    </p>

    <p class='ocr_par' dir='ltr' id='par_1_65' title="bbox 1374 1460 1929 1514">
     <span class='ocr_line' id='line_1_75' title="bbox 1374 1460 1929 1514; baseline 0.005 -15"><span class='ocrx_word' id='word_1_240' title='bbox 1374 1460 1566 1512; x_wconf 87' lang='lat' dir='ltr'>dominus,</span> <span class='ocrx_word' id='word_1_241' title='bbox 1586 1461 1674 1501; x_wconf 81' lang='lat' dir='ltr'>vide</span> <span class='ocrx_word' id='word_1_242' title='bbox 1694 1461 1929 1514; x_wconf 84' lang='lat' dir='ltr'>Eglington.</span> 
     </span>
    </p>

    <p class='ocr_par' dir='ltr' id='par_1_66' title="bbox 1246 1532 2230 1586">
     <span class='ocr_line' id='line_1_76' title="bbox 1246 1532 2230 1586; baseline 0.004 -15"><span class='ocrx_word' id='word_1_243' title='bbox 1246 1532 1495 1584; x_wconf 88' lang='lat' dir='ltr'>Monymusk,</span> <span class='ocrx_word' id='word_1_244' title='bbox 1517 1533 1697 1573; x_wconf 86' lang='lat' dir='ltr'>dominus</span> <span class='ocrx_word' id='word_1_245' title='bbox 1716 1533 1744 1574; x_wconf 74' lang='lat' dir='ltr'>‚J</span> <span class='ocrx_word' id='word_1_246' title='bbox 1746 1533 1919 1574; x_wconf 86' lang='lat' dir='ltr'>ohannes</span> <span class='ocrx_word' id='word_1_247' title='bbox 1937 1534 1997 1582; x_wconf 90' lang='lat' dir='ltr'>de,</span> <span class='ocrx_word' id='word_1_248' title='bbox 2018 1534 2143 1586; x_wconf 87' lang='lat' dir='ltr'>miles,</span> <span class='ocrx_word' id='word_1_249' title='bbox 2165 1537 2230 1575; x_wconf 91' lang='lat'><strong>37.</strong></span> 
     </span>
    </p>

    <p class='ocr_par' dir='ltr' id='par_1_67' title="bbox 1373 1604 2260 1646">
     <span class='ocr_line' id='line_1_77' title="bbox 1373 1604 2260 1646; baseline 0.002 -3"><span class='ocrx_word' id='word_1_250' title='bbox 1373 1604 1560 1644; x_wconf 85' lang='lat' dir='ltr'>Marioria</span> <span class='ocrx_word' id='word_1_251' title='bbox 1587 1604 1671 1644; x_wconf 87' lang='lat' dir='ltr'>filia.</span> <span class='ocrx_word' id='word_1_252' title='bbox 1698 1609 1739 1644; x_wconf 86' lang='lat' dir='ltr'>et</span> <span class='ocrx_word' id='word_1_253' title='bbox 1763 1605 1874 1645; x_wconf 89' lang='lat' dir='ltr'>heres</span> <span class='ocrx_word' id='word_1_254' title='bbox 1898 1605 2046 1645; x_wconf 90' lang='lat' dir='ltr'>domini</span> <span class='ocrx_word' id='word_1_255' title='bbox 2064 1605 2260 1646; x_wconf 67' lang='lat' dir='ltr'>dohannis</span> 
     </span>
    </p>
   </div>
   <div class='ocr_carea' id='block_1_31' title="bbox 1245 1483 1355 1489">
    <p class='ocr_par' dir='ltr' id='par_1_68' title="bbox 1245 1483 1355 1489">
     <span class='ocr_line' id='line_1_78' title="bbox 1245 1483 1355 1489; baseline 0 0"><span class='ocrx_word' id='word_1_256' title='bbox 1245 1483 1355 1489; x_wconf 95' lang='lat' dir='ltr'> </span> 
     </span>
    </p>
   </div>
   <div class='ocr_carea' id='block_1_32' title="bbox 1245 1626 1354 1633">
    <p class='ocr_par' dir='ltr' id='par_1_69' title="bbox 1245 1626 1354 1633">
     <span class='ocr_line' id='line_1_79' title="bbox 1245 1626 1354 1633; baseline 0 0"><span class='ocrx_word' id='word_1_257' title='bbox 1245 1626 1354 1633; x_wconf 95' lang='lat' dir='ltr'> </span> 
     </span>
    </p>
   </div>
   <div class='ocr_carea' id='block_1_33' title="bbox 1244 1676 2255 1873">
    <p class='ocr_par' dir='ltr' id='par_1_70' title="bbox 1244 1676 2255 1873">
     <span class='ocr_line' id='line_1_80' title="bbox 1299 1676 1997 1729; baseline 0.003 -14"><span class='ocrx_word' id='word_1_258' title='bbox 1299 1676 1359 1727; x_wconf 91' lang='lat' dir='ltr'>de,</span> <span class='ocrx_word' id='word_1_259' title='bbox 1379 1689 1522 1729; x_wconf 81' lang='lat' dir='ltr'>sponsa</span> <span class='ocrx_word' id='word_1_260' title='bbox 1539 1676 1568 1716; x_wconf 86' lang='lat' dir='ltr'><strong>J</strong></span> <span class='ocrx_word' id='word_1_261' title='bbox 1570 1676 1736 1716; x_wconf 87' lang='lat' dir='ltr'>ohannis</span> <span class='ocrx_word' id='word_1_262' title='bbox 1754 1677 1909 1727; x_wconf 87' lang='lat' dir='ltr'>Fraser,</span> <span class='ocrx_word' id='word_1_263' title='bbox 1931 1679 1997 1718; x_wconf 89' lang='lat'>37.</span> 
     </span>
     <span class='ocr_line' id='line_1_81' title="bbox 1244 1748 2095 1801; baseline 0.004 -15"><span class='ocrx_word' id='word_1_264' title='bbox 1244 1748 1510 1800; x_wconf 85' lang='lat' dir='ltr'>Monypenny,</span> <span class='ocrx_word' id='word_1_265' title='bbox 1532 1749 1770 1801; x_wconf 87' lang='lat' dir='ltr'>Monypeny,</span> <span class='ocrx_word' id='word_1_266' title='bbox 1792 1749 2007 1800; x_wconf 83' lang='lat' dir='ltr'>Johannes,</span> <span class='ocrx_word' id='word_1_267' title='bbox 2030 1751 2095 1789; x_wconf 87' lang='lat'>54.</span> 
     </span>
     <span class='ocr_line' id='line_1_82' title="bbox 1392 1819 2255 1873; baseline 0 -13"><span class='ocrx_word' id='word_1_268' title='bbox 1392 1819 1596 1860; x_wconf 83' lang='lat' dir='ltr'>Johannes</span> <span class='ocrx_word' id='word_1_269' title='bbox 1638 1820 1698 1870; x_wconf 90' lang='lat' dir='ltr'>de,</span> <span class='ocrx_word' id='word_1_270' title='bbox 1744 1820 1926 1860; x_wconf 89' lang='lat' dir='ltr'>dominus</span> <span class='ocrx_word' id='word_1_271' title='bbox 1968 1821 2015 1860; x_wconf 90' lang='lat' dir='ltr'>de</span> <span class='ocrx_word' id='word_1_272' title='bbox 2059 1821 2255 1873; x_wconf 84' lang='lat' dir='ltr'>Petmuly,</span> 
     </span>
    </p>
   </div>
   <div class='ocr_carea' id='block_1_34' title="bbox 1244 1842 1352 1848">
    <p class='ocr_par' dir='ltr' id='par_1_71' title="bbox 1244 1842 1352 1848">
     <span class='ocr_line' id='line_1_83' title="bbox 1244 1842 1352 1848; baseline 0 0"><span class='ocrx_word' id='word_1_273' title='bbox 1244 1842 1352 1848; x_wconf 95' lang='lat' dir='ltr'> </span> 
     </span>
    </p>
   </div>
   <div class='ocr_carea' id='block_1_35' title="bbox 1240 1893 2258 3161">
    <p class='ocr_par' dir='ltr' id='par_1_72' title="bbox 1299 1893 1364 1930">
     <span class='ocr_line' id='line_1_84' title="bbox 1299 1893 1364 1930; baseline 0 0"><span class='ocrx_word' id='word_1_274' title='bbox 1299 1893 1364 1930; x_wconf 92' lang='lat'><strong>47.</strong></span> 
     </span>
    </p>

    <p class='ocr_par' dir='ltr' id='par_1_73' title="bbox 1248 1963 2256 2075">
     <span class='ocr_line' id='line_1_85' title="bbox 1248 1963 2256 2015; baseline 0.003 -14"><span class='ocrx_word' id='word_1_275' title='bbox 1248 1986 1350 1994; x_wconf 89' lang='lat'>--—</span> <span class='ocrx_word' id='word_1_276' title='bbox 1371 1963 1559 2015; x_wconf 86' lang='lat' dir='ltr'>magister</span> <span class='ocrx_word' id='word_1_277' title='bbox 1587 1963 1733 2013; x_wconf 84' lang='lat' dir='ltr'>David,</span> <span class='ocrx_word' id='word_1_278' title='bbox 1758 1964 1969 2004; x_wconf 86' lang='lat' dir='ltr'>canonicus</span> <span class='ocrx_word' id='word_1_279' title='bbox 1989 1965 2256 2015; x_wconf 86' lang='lat' dir='ltr'>Moraviensis,</span> 
     </span>
     <span class='ocr_line' id='line_1_86' title="bbox 1302 2036 1392 2075; baseline 0.011 -1"><span class='ocrx_word' id='word_1_280' title='bbox 1302 2036 1392 2075; x_wconf 92' lang='lat'><strong>186.</strong></span> 
     </span>
    </p>

    <p class='ocr_par' dir='ltr' id='par_1_74' title="bbox 1371 2106 2258 2160">
     <span class='ocr_line' id='line_1_87' title="bbox 1371 2106 2258 2160; baseline 0.001 -14"><span class='ocrx_word' id='word_1_281' title='bbox 1371 2106 1560 2158; x_wconf 83' lang='lat' dir='ltr'>magister</span> <span class='ocrx_word' id='word_1_282' title='bbox 1587 2107 1772 2158; x_wconf 85' lang='lat' dir='ltr'>Michael,</span> <span class='ocrx_word' id='word_1_283' title='bbox 1794 2108 1963 2148; x_wconf 81' lang='lat' dir='ltr'>vicarius</span> <span class='ocrx_word' id='word_1_284' title='bbox 1991 2108 2258 2160; x_wconf 83' lang='lat' dir='ltr'>pensionarius</span> 
     </span>
    </p>

    <p class='ocr_par' dir='ltr' id='par_1_75' title="bbox 1299 2179 1620 2231">
     <span class='ocr_line' id='line_1_88' title="bbox 1299 2179 1620 2231; baseline 0.003 -13"><span class='ocrx_word' id='word_1_285' title='bbox 1299 2179 1347 2218; x_wconf 90' lang='grc'>(16</span> <span class='ocrx_word' id='word_1_286' title='bbox 1368 2179 1505 2231; x_wconf 88' lang='lat' dir='ltr'>Barry,</span> <span class='ocrx_word' id='word_1_287' title='bbox 1530 2181 1620 2220; x_wconf 89' lang='lat'><strong>128.</strong></span> 
     </span>
    </p>

    <p class='ocr_par' dir='ltr' id='par_1_76' title="bbox 1300 2250 2253 2361">
     <span class='ocr_line' id='line_1_89' title="bbox 1379 2250 2253 2301; baseline 0.002 -12"><span class='ocrx_word' id='word_1_288' title='bbox 1379 2255 1524 2290; x_wconf 84' lang='lat' dir='ltr'>master</span> <span class='ocrx_word' id='word_1_289' title='bbox 1551 2250 1723 2301; x_wconf 88' lang='lat' dir='ltr'>Nicholl,</span> <span class='ocrx_word' id='word_1_290' title='bbox 1744 2251 1852 2290; x_wconf 87' lang='lat' dir='ltr'>vicar</span> <span class='ocrx_word' id='word_1_291' title='bbox 1871 2251 1915 2290; x_wconf 85' lang='lat' dir='ltr'>of</span> <span class='ocrx_word' id='word_1_292' title='bbox 1938 2251 2138 2301; x_wconf 87' lang='lat' dir='ltr'>Murhous,</span> <span class='ocrx_word' id='word_1_293' title='bbox 2165 2253 2253 2301; x_wconf 89' lang='lat'>168,</span> 
     </span>
     <span class='ocr_line' id='line_1_90' title="bbox 1300 2323 1390 2361; baseline 0.011 -1"><span class='ocrx_word' id='word_1_294' title='bbox 1300 2323 1390 2361; x_wconf 88' lang='lat'><strong>169.</strong></span> 
     </span>
    </p>

    <p class='ocr_par' dir='ltr' id='par_1_77' title="bbox 1241 2392 1943 2443">
     <span class='ocr_line' id='line_1_91' title="bbox 1241 2392 1943 2443; baseline 0 -11"><span class='ocrx_word' id='word_1_295' title='bbox 1241 2394 1394 2443; x_wconf 90' lang='lat' dir='ltr'>Monze,</span> <span class='ocrx_word' id='word_1_296' title='bbox 1415 2397 1541 2433; x_wconf 82' lang='lat' dir='ltr'>rector</span> <span class='ocrx_word' id='word_1_297' title='bbox 1556 2392 1616 2443; x_wconf 90' lang='lat' dir='ltr'>de,</span> <span class='ocrx_word' id='word_1_298' title='bbox 1637 2393 1724 2433; x_wconf 82' lang='lat' dir='ltr'>vide</span> <span class='ocrx_word' id='word_1_299' title='bbox 1742 2393 1943 2432; x_wconf 86' lang='lat' dir='ltr'>Wawane.</span> 
     </span>
    </p>

    <p class='ocr_par' dir='ltr' id='par_1_78' title="bbox 1241 2463 2253 2658">
     <span class='ocr_line' id='line_1_92' title="bbox 1241 2463 2253 2515; baseline 0.002 -12"><span class='ocrx_word' id='word_1_300' title='bbox 1241 2464 1429 2515; x_wconf 88' lang='lat' dir='ltr'>Morauie,</span> <span class='ocrx_word' id='word_1_301' title='bbox 1460 2463 1728 2514; x_wconf 88' lang='lat' dir='ltr'>Morauiensis,</span> <span class='ocrx_word' id='word_1_302' title='bbox 1758 2477 1898 2515; x_wconf 88' lang='lat' dir='ltr'>comes,</span> <span class='ocrx_word' id='word_1_303' title='bbox 1929 2464 2108 2504; x_wconf 84' lang='lat' dir='ltr'>dominus</span> <span class='ocrx_word' id='word_1_304' title='bbox 2135 2465 2163 2505; x_wconf 85' lang='lat' dir='ltr'>J</span> <span class='ocrx_word' id='word_1_305' title='bbox 2166 2478 2253 2505; x_wconf 88' lang='lat' dir='ltr'>aco-</span> 
     </span>
     <span class='ocr_line' id='line_1_93' title="bbox 1294 2536 2249 2588; baseline 0.002 -14"><span class='ocrx_word' id='word_1_306' title='bbox 1294 2536 1379 2585; x_wconf 89' lang='lat' dir='ltr'>bus,</span> <span class='ocrx_word' id='word_1_307' title='bbox 1411 2537 1504 2586; x_wconf 89' lang='lat'>451,</span> <span class='ocrx_word' id='word_1_308' title='bbox 1537 2537 1629 2586; x_wconf 89' lang='lat'>458,</span> <span class='ocrx_word' id='word_1_309' title='bbox 1661 2537 1754 2585; x_wconf 91' lang='lat'>461,</span> <span class='ocrx_word' id='word_1_310' title='bbox 1784 2537 1877 2586; x_wconf 88' lang='lat'>464,</span> <span class='ocrx_word' id='word_1_311' title='bbox 1908 2537 2001 2584; x_wconf 89' lang='lat'>466,</span> <span class='ocrx_word' id='word_1_312' title='bbox 2032 2537 2124 2587; x_wconf 89' lang='lat'>487,</span> <span class='ocrx_word' id='word_1_313' title='bbox 2156 2539 2249 2588; x_wconf 90' lang='lat'>497,</span> 
     </span>
     <span class='ocr_line' id='line_1_94' title="bbox 1296 2608 1505 2658; baseline 0 -12"><span class='ocrx_word' id='word_1_314' title='bbox 1296 2609 1388 2658; x_wconf 91' lang='lat'>512,</span> <span class='ocrx_word' id='word_1_315' title='bbox 1412 2608 1505 2647; x_wconf 91' lang='lat'><strong>520.</strong></span> 
     </span>
    </p>

    <p class='ocr_par' dir='ltr' id='par_1_79' title="bbox 1369 2679 1846 2731">
     <span class='ocr_line' id='line_1_95' title="bbox 1369 2679 1846 2731; baseline 0 -13"><span class='ocrx_word' id='word_1_316' title='bbox 1369 2692 1508 2730; x_wconf 90' lang='lat' dir='ltr'>comes,</span> <span class='ocrx_word' id='word_1_317' title='bbox 1530 2679 1616 2718; x_wconf 79' lang='lat' dir='ltr'>vide</span> <span class='ocrx_word' id='word_1_318' title='bbox 1636 2679 1846 2731; x_wconf 84' lang='lat' dir='ltr'>Ranulphi.</span> 
     </span>
    </p>

    <p class='ocr_par' dir='ltr' id='par_1_80' title="bbox 1240 2750 2138 2801">
     <span class='ocr_line' id='line_1_96' title="bbox 1240 2750 2138 2801; baseline 0.001 -10"><span class='ocrx_word' id='word_1_319' title='bbox 1240 2751 1510 2801; x_wconf 85' lang='lat' dir='ltr'>Morauiensis,</span> <span class='ocrx_word' id='word_1_320' title='bbox 1533 2750 1840 2801; x_wconf 80' lang='lat' dir='ltr'>archidiaconus,</span> <span class='ocrx_word' id='word_1_321' title='bbox 1861 2751 1948 2791; x_wconf 74' lang='lat' dir='ltr'>vide</span> <span class='ocrx_word' id='word_1_322' title='bbox 1967 2751 2138 2792; x_wconf 89' lang='lat' dir='ltr'>Nudere.</span> 
     </span>
    </p>

    <p class='ocr_par' dir='ltr' id='par_1_81' title="bbox 1367 2821 2246 2875">
     <span class='ocr_line' id='line_1_97' title="bbox 1367 2821 2246 2875; baseline 0.003 -14"><span class='ocrx_word' id='word_1_323' title='bbox 1367 2821 1588 2873; x_wconf 87' lang='lat' dir='ltr'>canonicus,</span> <span class='ocrx_word' id='word_1_324' title='bbox 1608 2822 1693 2862; x_wconf 77' lang='lat' dir='ltr'>vide</span> <span class='ocrx_word' id='word_1_325' title='bbox 1712 2821 1973 2875; x_wconf 84' lang='lat' dir='ltr'>Dawloquhy,</span> <span class='ocrx_word' id='word_1_326' title='bbox 1993 2822 2132 2874; x_wconf 83' lang='lat' dir='ltr'>Grant,</span> <span class='ocrx_word' id='word_1_327' title='bbox 2153 2824 2246 2865; x_wconf 87' lang='lat' dir='ltr'>Lin-</span> 
     </span>
    </p>

    <p class='ocr_par' dir='ltr' id='par_1_82' title="bbox 1292 2891 1713 2946">
     <span class='ocr_line' id='line_1_98' title="bbox 1292 2891 1713 2946; baseline 0 -14"><span class='ocrx_word' id='word_1_328' title='bbox 1292 2891 1423 2945; x_wconf 87' lang='lat' dir='ltr'>desay,</span> <span class='ocrx_word' id='word_1_329' title='bbox 1445 2893 1713 2946; x_wconf 84' lang='lat' dir='ltr'>Monypenny.</span> 
     </span>
    </p>

    <p class='ocr_par' dir='ltr' id='par_1_83' title="bbox 1364 2965 1891 3017">
     <span class='ocr_line' id='line_1_99' title="bbox 1364 2965 1891 3017; baseline 0.002 -12"><span class='ocrx_word' id='word_1_330' title='bbox 1364 2965 1660 3017; x_wconf 86' lang='lat' dir='ltr'>commissarius,</span> <span class='ocrx_word' id='word_1_331' title='bbox 1678 2966 1766 3006; x_wconf 83' lang='lat' dir='ltr'>vide</span> <span class='ocrx_word' id='word_1_332' title='bbox 1785 2965 1891 3017; x_wconf 83' lang='lat' dir='ltr'><strong>Hay.</strong></span> 
     </span>
    </p>

    <p class='ocr_par' dir='ltr' id='par_1_84' title="bbox 1365 3038 1687 3090">
     <span class='ocr_line' id='line_1_100' title="bbox 1365 3038 1687 3090; baseline 0 -13"><span class='ocrx_word' id='word_1_333' title='bbox 1365 3038 1577 3090; x_wconf 88' lang='lat' dir='ltr'>episcopus,</span> <span class='ocrx_word' id='word_1_334' title='bbox 1594 3039 1687 3078; x_wconf 92' lang='lat'><strong>468.</strong></span> 
     </span>
    </p>

    <p class='ocr_par' dir='ltr' id='par_1_85' title="bbox 1364 3109 2177 3161">
     <span class='ocr_line' id='line_1_101' title="bbox 1364 3109 2177 3161; baseline 0.001 -13"><span class='ocrx_word' id='word_1_335' title='bbox 1364 3109 1578 3161; x_wconf 88' lang='lat' dir='ltr'>episcopus,</span> <span class='ocrx_word' id='word_1_336' title='bbox 1598 3109 1834 3159; x_wconf 88' lang='lat' dir='ltr'>Alexander,</span> <span class='ocrx_word' id='word_1_337' title='bbox 1857 3110 1948 3159; x_wconf 87' lang='lat'>600,</span> <span class='ocrx_word' id='word_1_338' title='bbox 1971 3110 2062 3156; x_wconf 90' lang='lat'>502,</span> <span class='ocrx_word' id='word_1_339' title='bbox 2085 3111 2177 3149; x_wconf 91' lang='lat'><strong>510.</strong></span> 
     </span>
    </p>
   </div>
   <div class='ocr_carea' id='block_1_36' title="bbox 1243 2129 1353 2136">
    <p class='ocr_par' dir='ltr' id='par_1_86' title="bbox 1243 2129 1353 2136">
     <span class='ocr_line' id='line_1_102' title="bbox 1243 2129 1353 2136; baseline 0 0"><span class='ocrx_word' id='word_1_340' title='bbox 1243 2129 1353 2136; x_wconf 95' lang='lat' dir='ltr'> </span> 
     </span>
    </p>
   </div>
   <div class='ocr_carea' id='block_1_37' title="bbox 1241 2273 1351 2279">
    <p class='ocr_par' dir='ltr' id='par_1_87' title="bbox 1241 2273 1351 2279">
     <span class='ocr_line' id='line_1_103' title="bbox 1241 2273 1351 2279; baseline 0 0"><span class='ocrx_word' id='word_1_341' title='bbox 1241 2273 1351 2279; x_wconf 95' lang='lat' dir='ltr'> </span> 
     </span>
    </p>
   </div>
   <div class='ocr_carea' id='block_1_38' title="bbox 1240 2702 1350 2708">
    <p class='ocr_par' dir='ltr' id='par_1_88' title="bbox 1240 2702 1350 2708">
     <span class='ocr_line' id='line_1_104' title="bbox 1240 2702 1350 2708; baseline 0 0"><span class='ocrx_word' id='word_1_342' title='bbox 1240 2702 1350 2708; x_wconf 95' lang='lat' dir='ltr'> </span> 
     </span>
    </p>
   </div>
   <div class='ocr_carea' id='block_1_39' title="bbox 1238 2845 1349 2851">
    <p class='ocr_par' dir='ltr' id='par_1_89' title="bbox 1238 2845 1349 2851">
     <span class='ocr_line' id='line_1_105' title="bbox 1238 2845 1349 2851; baseline 0 0"><span class='ocrx_word' id='word_1_343' title='bbox 1238 2845 1349 2851; x_wconf 95' lang='lat' dir='ltr'> </span> 
     </span>
    </p>
   </div>
   <div class='ocr_carea' id='block_1_40' title="bbox 1237 2988 1346 2995">
    <p class='ocr_par' dir='ltr' id='par_1_90' title="bbox 1237 2988 1346 2995">
     <span class='ocr_line' id='line_1_106' title="bbox 1237 2988 1346 2995; baseline 0 0"><span class='ocrx_word' id='word_1_344' title='bbox 1237 2988 1346 2995; x_wconf 95' lang='lat' dir='ltr'> </span> 
     </span>
    </p>
   </div>
   <div class='ocr_carea' id='block_1_41' title="bbox 1237 3060 1347 3066">
    <p class='ocr_par' dir='ltr' id='par_1_91' title="bbox 1237 3060 1347 3066">
     <span class='ocr_line' id='line_1_107' title="bbox 1237 3060 1347 3066; baseline 0 0"><span class='ocrx_word' id='word_1_345' title='bbox 1237 3060 1347 3066; x_wconf 95' lang='lat' dir='ltr'> </span> 
     </span>
    </p>
   </div>
   <div class='ocr_carea' id='block_1_42' title="bbox 1237 3130 1346 3138">
    <p class='ocr_par' dir='ltr' id='par_1_92' title="bbox 1237 3130 1346 3138">
     <span class='ocr_line' id='line_1_108' title="bbox 1237 3130 1346 3138; baseline 0 0"><span class='ocrx_word' id='word_1_346' title='bbox 1237 3130 1346 3138; x_wconf 95' lang='lat' dir='ltr'> </span> 
     </span>
    </p>
   </div>
   <div class='ocr_carea' id='block_1_43' title="bbox 1236 3202 1347 3209">
    <p class='ocr_par' dir='ltr' id='par_1_93' title="bbox 1236 3202 1347 3209">
     <span class='ocr_line' id='line_1_109' title="bbox 1236 3202 1347 3209; baseline 0 0"><span class='ocrx_word' id='word_1_347' title='bbox 1236 3202 1347 3209; x_wconf 95' lang='lat' dir='ltr'> </span> 
     </span>
    </p>
   </div>
   <div class='ocr_carea' id='block_1_44' title="bbox 1293 3180 2243 3303">
    <p class='ocr_par' dir='ltr' id='par_1_94' title="bbox 1293 3180 2243 3303">
     <span class='ocr_line' id='line_1_110' title="bbox 1365 3180 2243 3234; baseline 0.001 -14"><span class='ocrx_word' id='word_1_348' title='bbox 1365 3181 1578 3234; x_wconf 84' lang='lat' dir='ltr'>episcopus,</span> <span class='ocrx_word' id='word_1_349' title='bbox 1600 3181 1790 3231; x_wconf 87' lang='lat' dir='ltr'>Andreas,</span> <span class='ocrx_word' id='word_1_350' title='bbox 1807 3180 2047 3232; x_wconf 79' lang='lat' dir='ltr'>justiciarius</span> <span class='ocrx_word' id='word_1_351' title='bbox 2065 3194 2116 3220; x_wconf 92' lang='lat' dir='ltr'>ex</span> <span class='ocrx_word' id='word_1_352' title='bbox 2133 3187 2243 3233; x_wconf 88' lang='lat' dir='ltr'>parte</span> 
     </span>
     <span class='ocr_line' id='line_1_111' title="bbox 1293 3251 2227 3303; baseline 0.001 -11"><span class='ocrx_word' id='word_1_353' title='bbox 1293 3251 1443 3292; x_wconf 88' lang='lat' dir='ltr'>boreali</span> <span class='ocrx_word' id='word_1_354' title='bbox 1462 3252 1511 3292; x_wconf 88' lang='lat' dir='ltr'>de</span> <span class='ocrx_word' id='word_1_355' title='bbox 1531 3252 1669 3303; x_wconf 82' lang='lat' dir='ltr'>Forth,</span> <span class='ocrx_word' id='word_1_356' title='bbox 1690 3255 1784 3303; x_wconf 82' lang='lat'>272,</span> <span class='ocrx_word' id='word_1_357' title='bbox 1806 3253 1999 3302; x_wconf 76' lang='lat'>275-280‚</span> <span class='ocrx_word' id='word_1_358' title='bbox 2021 3253 2112 3303; x_wconf 87' lang='lat'>315,</span> <span class='ocrx_word' id='word_1_359' title='bbox 2135 3254 2227 3293; x_wconf 89' lang='lat'><strong>324.</strong></span> 
     </span>
    </p>
   </div>
  </div>
 </body>
</html>
