2762 3834
449 858 546 905 489

593 362 690 405 388
1039 352 1464 404 REGISTRUM
1498 351 1595 400 DE
1633 348 2191 400 ABERBROTHOC.

594 559 824 631 Decime
864 578 1091 643 garbales
1133 577 1249 625 ville
1291 577 1352 623 de
1397 574 1593 638 Skryne
1636 590 1748 621 cum
1793 573 1952 621 crofto
1995 573 2324 622 elimostnario
2367 574 2643 622 assedantur

597 671 785 720 Karolo
811 670 1002 718 Brown.

600 833 727 905 Nos
754 853 1001 917 Georgius
1041 889 1050 899 .
1087 888 1098 898 .
1139 888 1150 898 .
1188 852 1338 899 abbas
1377 888 1386 897 .
1427 888 1436 897 .
1476 888 1486 898 .
1526 850 1587 897 de
1613 849 1838 897 Arbroth
1875 888 1884 897 .
1923 888 1932 897 .
1970 889 1979 897 .
2018 849 2287 898 afl'edamus
2321 890 2328 898 .
2367 890 2375 899 .
2414 889 2423 899 .
2457 851 2644 899 Karolo

599 946 765 993 Brovn
813 953 861 992 et
908 943 1148 991 Mariorie
1196 942 1390 992 Guthre
1437 941 1606 1006 sponse
1654 941 1736 989 sue
1783 941 2020 989 moderne
2062 950 2111 991 et
2152 942 2352 990 domino
2392 942 2646 991 Willelmo

601 1036 845 1086 Gowrlaw
881 1034 1167 1100 presbytero
1210 1074 1219 1083 .
1261 1073 1270 1083 .
1314 1074 1322 1082 .
1366 1034 1584 1083 decimas
1615 1033 1844 1098 garbales
1869 1033 1986 1081 ville
2010 1034 2176 1082 nostre
2202 1034 2263 1083 de
2291 1034 2486 1100 Skryne
2530 1075 2537 1082 .

600 1129 802 1177 iacentis
827 1129 877 1176 in
904 1127 1141 1191 parochia
1165 1126 1368 1176 ecclefie
1403 1125 1567 1174 nostre
1603 1126 1666 1174 de
1702 1126 1969 1192 Panbryde
2004 1144 2095 1191 pro
2133 1128 2356 1175 terminis
2392 1128 2563 1176 decem
2599 1138 2647 1176 et

599 1238 777 1268 nouem
803 1236 1045 1267 annorum
1085 1256 1095 1266 .
1133 1256 1142 1266 .
1180 1257 1190 1266 .
1226 1235 1319 1282 pro
1354 1217 1450 1265 suis
1486 1218 1872 1281 gratitudinibus
1908 1219 2049 1267 nobis
2073 1218 2303 1283 impenfis
2340 1249 2350 1259 ·
2398 1219 2647 1269 Soluendo

716 1350 725 1359 .
776 1310 1150 1375 quatuordecim
1192 1310 1350 1359 bollas
1392 1310 1629 1359 frumenti
1671 1311 1788 1359 boni
1830 1320 1879 1359 et
1921 1311 2034 1360 ficci
2074 1338 2083 1347 ·
2127 1312 2304 1376 viginti
2346 1315 2454 1359 octo
2493 1313 2647 1361 bollas

600 1406 737 1453 ordei
779 1405 895 1452 boni
937 1412 986 1453 et
1025 1404 1139 1468 puri
1178 1432 1187 1442 ·
1229 1405 1351 1452 duas
1393 1403 1585 1452 celdras
1627 1411 1675 1452 et
1715 1403 1795 1451 sex
1837 1403 1993 1452 bollas
2035 1403 2194 1452 farine
2234 1403 2492 1452 auenatice
2533 1433 2542 1443 ·
2586 1405 2648 1452 ad

600 1498 836 1547 terminos
861 1498 1119 1546 consuetos
1151 1536 1160 1545 .
1199 1533 1210 1544 .
1250 1534 1260 1544 .
1299 1495 1365 1544 Et
1392 1495 1423 1543 fi
1464 1533 1474 1543 .
1516 1536 1523 1544 .
1566 1535 1574 1544 .
1612 1495 1800 1544 fuerint
1834 1533 1845 1544 .
1882 1534 1892 1544 .
1927 1535 1936 1544 .
1969 1496 2098 1545 male
2122 1496 2458 1561 persoluentes
2482 1498 2649 1546 licebit

601 1590 740 1638 nobis
783 1630 791 1638 .
834 1630 842 1637 .
884 1629 891 1638 .
937 1590 998 1637 de
1043 1626 1053 1636 .
1101 1625 1111 1636 .
1157 1628 1165 1636 .
1209 1588 1413 1636 decimis
1463 1626 1472 1635 .
1524 1625 1534 1635 .
1587 1625 1597 1635 .
1647 1588 1906 1652 disponere
1958 1623 1968 1634 .
2015 1627 2024 1636 .
2074 1627 2083 1636 .
2129 1587 2336 1652 Insuper
2381 1587 2650 1637 affedamus

603 1719 612 1728 .
654 1720 663 1729 .
705 1720 714 1728 .
753 1681 989 1745 predictis
1014 1679 1204 1728 Karolo
1230 1688 1280 1728 et
1304 1679 1546 1727 Mariorie
1599 1718 1608 1727 .
1657 1719 1665 1727 .
1712 1718 1721 1727 .
1772 1679 1984 1728 croftum
2008 1678 2227 1727 nostrum
2259 1680 2650 1729 elemofinarium

602 1782 649 1822 et
675 1774 890 1823 decimas
916 1772 1131 1821 eiusdem
1155 1779 1377 1836 prototo
1402 1779 1625 1835 tempore
1650 1760 1748 1819 vite
1775 1770 1984 1819 alicuius
2003 1788 2175 1819 eorum
2195 1770 2386 1820 diucius
2407 1772 2618 1821 viuentis
2639 1802 2648 1811 ·

603 1866 851 1914 Soluendo
895 1904 906 1914 .
953 1904 963 1913 .
1010 1903 1020 1913 .
1064 1864 1271 1930 triginta
1293 1863 1471 1912 solidos
1510 1904 1519 1912 .
1559 1902 1568 1911 .
1607 1902 1616 1911 .
1659 1871 1857 1912 monete
1900 1902 1908 1911 .
1953 1903 1961 1911 .
2007 1903 2015 1911 .
2059 1862 2231 1912 Scocie
2256 1865 2319 1912 ad
2363 1902 2374 1912 .
2421 1902 2430 1912 .
2477 1901 2487 1912 .
2529 1866 2651 1913 festa

604 1996 613 2006 .
661 1995 671 2006 .
717 1996 727 2006 .
771 1956 1122 2006 Penthecostes
1170 1963 1219 2004 et
1267 1955 1435 2005 Sancti
1482 1954 1692 2004 Martini
1732 1993 1742 2003 .
1782 1995 1791 2003 .
1832 1992 1843 2003 .
1881 1954 1947 2004 Et
1989 1955 2021 2003 fi
2066 1993 2077 2003 .
2120 1996 2127 2003 .
2173 1994 2181 2003 .
2227 1956 2410 2005 fuerint
2450 1956 2561 2022 [etc.
2598 1966 2651 2006 ut

605 2050 770 2114 supra]
813 2087 823 2097 .
863 2089 871 2098 .
912 2087 922 2097 .
958 2048 1024 2098 Et
1049 2049 1181 2113 quod
1222 2088 1231 2097 .
1270 2088 1278 2096 .
1318 2088 1326 2096 .
1370 2047 1561 2097 soluant
1583 2047 1855 2113 predictam
1880 2046 2114 2095 summam
2157 2087 2166 2095 .
2210 2088 2219 2096 .
2262 2088 2271 2097 .
2315 2048 2651 2097 elemosinario

711 2181 721 2190 .
763 2143 825 2190 ad
864 2142 1100 2190 terminos
1138 2141 1357 2206 prefatos
1395 2176 1407 2188 .
1450 2177 1460 2188 .
1503 2177 1513 2188 .
1554 2141 1710 2205 Apud
1753 2178 1763 2188 .
1811 2177 1821 2187 .
1869 2177 1879 2188 .
1924 2139 2195 2204 capitulum
2237 2141 2529 2189 duodecimo
2571 2141 2651 2188 die

604 2234 778 2282 menfis
803 2233 1103 2282 Nouembris
1128 2250 1258 2281 anno
1286 2233 1497 2282 Domini
1521 2239 1588 2280 m⁰
1612 2230 2004 2297 quingentefimo
2029 2249 2175 2280 nono.

604 2492 805 2563 Pensio
831 2513 1050 2575 magistri
1075 2512 1109 2561 J
1112 2513 1254 2561 acobi
1280 2512 1544 2562 Henrison.

463 2700 560 2749 490
612 2672 887 2745 Uniuerfis
934 2731 943 2740 .
994 2732 1003 2741 .
1053 2732 1063 2742 .
1113 2694 1361 2758 Georgius
1401 2731 1411 2741 .
1457 2732 1468 2742 .
1514 2733 1523 2741 .
1563 2695 1714 2743 abbas
1761 2695 1822 2743 de
1870 2695 2094 2743 Arbroth
2135 2732 2145 2743 .
2189 2731 2200 2742 .
2246 2733 2254 2742 .
2299 2695 2501 2744 salutem
2542 2731 2552 2741 .
2593 2730 2603 2741 .
2641 2730 2651 2741 .

616 2785 873 2833 Noueritis
919 2802 1008 2832 nos
1047 2822 1056 2832 .
1097 2822 1108 2833 .
1147 2824 1155 2832 .
1197 2785 1469 2834 conceffifi'e
1514 2824 1525 2834 .
1563 2825 1572 2834 .
1612 2825 1623 2834 .
1668 2788 1903 2852 magistro
1940 2787 2133 2837 ‚Iacobo
2182 2786 2431 2835 Henrison
2474 2786 2654 2834 clerico

618 2876 885 2924 iusticiarie
926 2876 1147 2940 generali
1187 2893 1279 2939 pro
1314 2878 1410 2925 suis
1446 2878 1646 2927 confilio
1682 2880 1867 2928 auxilio
1903 2889 1955 2929 et
1990 2879 2324 2928 aduocacione
2359 2878 2501 2926 nobis
2541 2917 2550 2926 .
2593 2916 2601 2924 .
2642 2915 2652 2925 .

622 2970 737 3016 dato
781 3006 789 3014 .
836 3004 845 3015 .
891 3003 901 3013 .
947 2976 996 3015 et
1041 2968 1251 3016 durante
1299 2976 1401 3017 toto
1449 2978 1669 3034 tempore
1711 2972 1812 3020 vite
1859 2972 1942 3020 sue
1990 3009 1999 3019 .
2048 3008 2059 3018 .
2107 3008 2119 3018 .
2169 2970 2332 3019 dando
2378 3007 2387 3017 .
2434 3007 2443 3016 .
2491 3006 2501 3016 .
2544 2985 2651 3016 cum

620 3060 878 3124 requifitus
901 3058 1051 3107 fuerit
1098 3095 1109 3106 .
1161 3094 1172 3105 .
1224 3095 1233 3105 .
1284 3075 1427 3107 vnam
1454 3077 1666 3109 annuam
1691 3063 1973 3126 pensionem
2000 3062 2176 3127 viginti
2200 3078 2477 3111 marcarum
2524 3099 2533 3108 .
2583 3098 2592 3107 .
2641 3096 2651 3106 .

616 3160 811 3200 monete
854 3190 862 3198 .
908 3187 918 3197 .
964 3187 973 3197 .
1018 3149 1188 3198 Scocie
1228 3150 1289 3198 de
1326 3150 1565 3200 fructibus
1611 3191 1620 3199 .
1660 3193 1669 3203 .
1710 3192 1718 3201 .
1762 3153 1916 3202 nostri
1956 3152 2239 3202 monasterii
2277 3191 2287 3200 .
2329 3191 2338 3200 .
2381 3190 2390 3200 .
2429 3169 2519 3216 pro
2550 3159 2651 3200 toto
