2762 3834
478 1413 573 1462 349

632 371 730 422 286
1078 365 1502 419 REGISTRUM
1538 365 1632 413 DE
1669 363 2227 415 ABERBROTHOC.

632 503 943 569 regalitatum
986 501 1259 550 nostrarum
1302 496 1635 546 inhabitantes
1675 495 1960 558 nostrosque
1996 502 2223 545 tenentes
2259 537 2268 547 .
2305 535 2317 546 .
2354 535 2364 546 .
2399 499 2673 566 replegian·

633 597 747 644 dum
786 635 795 643 .
833 634 841 643 .
880 632 890 642 .
930 611 986 642 ac
1011 592 1177 640 omnia
1212 590 1311 639 alia
1348 628 1357 637 .
1398 627 1407 635 .
1447 626 1457 636 .
1496 587 1778 635 faciendum
1818 625 1827 634 .
1873 625 1881 633 .
1925 625 1935 635 .
1977 602 2075 649 que
2115 626 2123 635 .
2168 625 2177 635 .
2220 627 2229 636 .
2271 591 2674 652 procuratoribus

632 727 640 735 .
680 725 688 734 .
727 722 735 732 .
770 684 1019 749 pertinere
1044 682 1365 730 dinoscuntur
1400 716 1410 726 .
1448 714 1459 726 .
1496 715 1506 726 .
1540 677 1800 726 Presentes
1826 684 1988 726 autem
2009 678 2236 727 volumus
2261 680 2476 729 triennio
2496 682 2674 732 durare

631 795 659 825 a
677 777 757 825 die
775 777 888 823 date
906 773 1215 838 presencium
1241 800 1251 811 ·
1278 771 1337 819 In
1360 770 1498 818 cuius
1518 769 1591 816 rei
1611 769 1944 817 testimonium
1962 769 2172 834 sigillum
2193 788 2451 821 commune
2472 775 2674 838 capituli

630 867 780 915 nostri
804 865 1109 930 presentibus
1135 865 1204 911 est
1229 862 1496 927 appensum
1524 863 1653 925 apud
1682 860 2017 910 Abirbrothoc
2038 862 2171 911 sexto
2189 863 2271 913 die
2289 864 2466 913 menfis
2486 865 2674 931 Aprilis

628 975 757 1007 anno
782 956 986 1006 Domini
1011 955 1263 1003 millefimo
1289 959 1454 1003 ccccmo
1479 951 1794 1018 nonogesimo
1820 961 2010 1016 quartO.

627 1193 901 1277 Inquificio
926 1209 1199 1259 Alexandri
1223 1207 1390 1274 Irwyn
1416 1208 1477 1256 de
1503 1207 1649 1256 terris
1674 1207 1735 1256 de
1759 1206 1992 1272 Forglen.

627 1384 760 1457 Hec
802 1402 1058 1467 inquificio
1094 1400 1222 1449 faEta
1263 1399 1395 1463 apud
1433 1399 1647 1463 burgum
1690 1398 1750 1445 de
1799 1396 2138 1448 Abirbrothoc
2178 1399 2228 1448 in
2270 1400 2487 1465 hospicio
2546 1442 2555 1451 .
2604 1444 2614 1453 .
2660 1444 2670 1453 .

625 1497 802 1547 Jacobi
838 1494 1023 1544 domini
1062 1492 1261 1557 Ogilwy
1297 1492 1358 1539 de
1400 1490 1524 1555 Erly
1562 1506 1727 1538 coram
1767 1528 1776 1538 .
1811 1528 1820 1538 .
1862 1528 1872 1538 .
1909 1489 2141 1539 Johanne
2180 1491 2375 1558 Ogilwy
2400 1494 2586 1543 barone
2611 1497 2672 1544 de

624 1588 850 1655 Fyngask
886 1586 1070 1635 balliuo
1106 1583 1380 1649 regalitatis
1429 1583 1489 1630 de
1527 1581 1868 1630 Abirbrothoc
1917 1582 2145 1631 vicesimo
2182 1584 2338 1632 tercio
2381 1585 2460 1633 die
2498 1587 2670 1636 mensis

623 1680 747 1729 Julii
784 1695 913 1727 anno
952 1677 1157 1725 Domini
1194 1676 1450 1724 millefimo
1487 1673 1971 1739 quadringentesimo
2013 1675 2329 1739 nonogefimo
2366 1685 2541 1740 quarto
2582 1696 2671 1743 per

615 1791 623 1800 ·
669 1811 677 1820 .
711 1811 719 1820 .
765 1770 1008 1818 Thomam
1030 1767 1283 1815 dominum
1301 1764 1612 1814 Innermeith
1637 1794 1647 1804 ·
1676 1765 1922 1815 Thomam
1943 1766 2141 1833 Ogilwy
2156 1768 2361 1817 militem
2388 1799 2398 1809 ·
2424 1769 2458 1818 J
2461 1771 2668 1820 acobum

622 1863 801 1912 Giffert
836 1890 846 1900 ·
881 1860 1052 1909 Dauid
1090 1858 1234 1925 Roffy
1276 1859 1432 1907 filium
1472 1866 1522 1907 et
1561 1857 1795 1907 heredem
1844 1867 2163 1924 apparentem
2211 1859 2381 1910 Dauid
2422 1862 2569 1928 Roffy
2607 1865 2668 1912 de

623 1956 794 2005 eodem
833 1982 843 1993 .
889 1952 1134 2003 Oliferum
1177 1951 1374 2017 Ogilwy
1416 1981 1426 1991 ·
1466 1949 1809 1999 Alexandrum
1850 1950 2086 2016 Baldewy
2122 1952 2184 2000 de
2220 1953 2392 2001 eodem
2429 1983 2439 1993 -
2478 1954 2669 2004 Willel-

621 2065 754 2096 mum
779 2046 973 2096 Guthre
993 2046 1054 2094 de
1074 2043 1490 2110 Kynblaithmont
1517 2074 1526 2084 ·
1551 2041 1722 2091 Dauid
1741 2042 1962 2108 Barklay
1998 2072 2008 2082 ·
2045 2042 2347 2093 Duncanum
2372 2044 2633 2110 Lychtone
2655 2075 2666 2086 ·

622 2140 655 2189 J
658 2140 863 2188 acobum
887 2138 1097 2202 Ramsay
1116 2137 1177 2184 de
1197 2136 1403 2185 Balnele
1441 2164 1450 2175 ·
1486 2134 1655 2184 Dauid
1676 2134 1717 2182 F
1720 2134 1837 2200 ethy
1865 2166 1875 2176 -
1901 2134 2072 2184 Dauid
2095 2134 2365 2201 Dowglace
2390 2164 2400 2174 ·
2424 2137 2460 2186 J
2462 2138 2666 2192 acobum

623 2231 887 2295 Dowglace
912 2258 923 2268 ·
949 2229 983 2277 J
987 2228 1230 2277 ohannem
1256 2227 1425 2276 Brovn
1450 2254 1460 2263 ·
1486 2234 1535 2275 et
1570 2226 1605 2274 J
1608 2227 1853 2275 ohannem
1878 2226 2097 2276 Vatsone
2133 2255 2143 2266 ·
2183 2227 2283 2286 Qui
2308 2229 2459 2278 iurati
2494 2230 2666 2280 dicunt

621 2324 751 2388 quod
771 2322 1018 2387 quondam
1044 2321 1331 2369 Alexander
1355 2319 1511 2386 Iruyn
1544 2320 1606 2367 de
1637 2318 1810 2367 Drwm
1835 2326 1977 2384 pater
2002 2319 2279 2368 Alexandri
2304 2319 2470 2386 Irwyn
2495 2322 2666 2371 latoris

620 2414 924 2479 presencium
946 2413 1066 2462 obiit
1102 2452 1111 2461 .
1157 2450 1167 2460 .
1202 2450 1211 2459 .
1245 2410 1430 2460 saisitus
1457 2449 1467 2460 .
1502 2449 1511 2459 .
1552 2450 1559 2458 .
1597 2412 1658 2459 de
1685 2402 1829 2460 terris
1855 2412 1916 2459 de
1940 2411 1982 2459 F
1985 2411 2157 2476 orglen
2194 2449 2204 2460 .
2237 2450 2247 2460 .
2285 2450 2294 2460 .
2326 2412 2379 2460 in
2404 2413 2663 2478 regalitate

622 2506 682 2553 de
706 2504 1038 2553 Abirbrothoc
1063 2504 1194 2551 infra
1218 2503 1611 2551 vicecomitatum
1638 2503 1700 2550 de
1726 2501 1879 2550 Banff
1898 2519 1994 2550 vna
2029 2519 2138 2550 cum
2177 2503 2510 2551 advocacione
2542 2504 2662 2553 iuris

621 2604 907 2660 patronatus
929 2594 1128 2643 ecclesie
1154 2595 1214 2642 de
1238 2594 1485 2659 Forglene
1521 2634 1530 2643 .
1568 2632 1577 2642 .
1627 2632 1636 2643 .
1674 2601 1722 2642 et
1747 2594 1880 2658 quod
1913 2631 1922 2642 .
1962 2632 1971 2642 .
2008 2632 2017 2642 .
2055 2593 2340 2643 Alexander
2376 2595 2446 2643 est
2481 2596 2661 2661 legitti-

620 2704 728 2735 mus
753 2723 764 2734 .
798 2722 807 2732 .
846 2723 856 2733 .
890 2685 1035 2733 heres
1071 2684 1283 2733 euisdem
1320 2686 1567 2749 quondam
1602 2685 1876 2734 Alexandri
1910 2724 1920 2734 .
1955 2722 1965 2733 .
2006 2723 2016 2733 .
2055 2693 2103 2734 et
2144 2687 2275 2749 quod
2313 2686 2382 2735 est
2422 2687 2660 2752 legittime

622 2777 765 2827 etatis
800 2808 810 2817 ·
846 2784 896 2825 et
926 2776 1056 2839 quod
1092 2775 1218 2823 dieite
1253 2783 1383 2824 terre
1411 2776 1574 2824 valent
1609 2794 1742 2826 nunc
1765 2795 1856 2841 per
1881 2794 2064 2826 annum
2092 2778 2267 2843 viginti
2292 2779 2442 2827 libras
2469 2787 2517 2828 et
2542 2788 2658 2829 tem-

622 2886 741 2935 pore
766 2867 903 2932 pacis
927 2867 1104 2931 viginti
1128 2883 1318 2914 marcas
1352 2893 1362 2904 ·
1399 2875 1448 2915 et
1472 2869 1604 2930 quod
1628 2869 1757 2918 dicte
1785 2878 1917 2918 terre
1944 2887 2055 2918 cum
2087 2871 2196 2919 iure
2228 2878 2517 2935 patronatus
2548 2909 2557 2918 .
2597 2911 2606 2920 .
2647 2911 2656 2921 .

621 2968 853 3010 tenentur
877 2958 939 3006 de
977 2995 986 3004 .
1024 2995 1032 3003 .
1069 2995 1077 3004 .
1119 2958 1292 3005 abbate
1331 2995 1340 3004 .
1376 2996 1384 3004 .
1416 2996 1424 3005 .
1464 2958 1524 3006 de
1548 2959 1882 3011 Abirbrothoc
1919 2962 1970 3010 in
2009 2962 2170 3026 capite
2207 2989 2217 2999 ·
2256 2962 2567 3012 Reddendo.
2603 3002 2612 3011 .
2646 3002 2655 3012 .

621 3050 949 3117 quadraginta
968 3048 1145 3096 solidos
1176 3086 1184 3094 .
1215 3086 1223 3095 .
1257 3085 1266 3094 .
1299 3057 1492 3096 monete
1526 3088 1534 3095 .
1572 3087 1582 3096 .
1619 3088 1626 3095 .
1664 3049 1835 3100 Scocie
1860 3053 1924 3101 ad
1947 3052 2070 3102 festa
2089 3051 2403 3102 Pentecostes
2423 3062 2471 3103 et
2494 3053 2656 3104 Sanffi

620 3141 827 3192 Martini
862 3178 870 3187 .
910 3177 920 3186 .
956 3176 967 3189 .
1007 3146 1056 3188 et
1090 3138 1317 3187 faciendo
1342 3139 1394 3186 in
1420 3139 1639 3189 exercitu
1673 3178 1682 3187 .
1720 3180 1729 3190 .
1765 3181 1774 3189 .
1811 3143 1942 3208 regis
1972 3143 2229 3194 seruicium
2255 3146 2315 3194 de
2339 3145 2386 3194 le
2412 3144 2652 3195 Brecben-
