2762 3834
400 1875 495 1918 333

547 372 644 422 270
993 363 1417 417 REGISTRUM
1451 362 1549 411 DE
1586 358 2140 409 ABERBROTHOC.

548 501 806 550 seruicium
837 500 1000 549 warde
1025 508 1074 548 et
1097 496 1273 547 releuii
1299 524 1310 535 ·
1336 503 1385 544 et
1409 494 1542 558 quod
1580 528 1590 540 .
1630 528 1641 539 .
1683 529 1694 540 .
1732 500 1865 541 terre
1890 492 1952 540 de
1977 491 2195 540 Balfeith
2230 531 2239 539 .
2274 530 2283 539 .
2317 530 2325 539 .
2359 499 2592 540 tenentur

549 593 609 640 de
647 629 658 640 .
699 630 709 640 .
746 631 756 640 .
794 592 969 640 abbate
1007 627 1019 638 .
1061 626 1072 637 .
1113 626 1123 636 .
1160 589 1222 635 de
1246 585 1583 634 Abirbrothoc
1607 600 1697 648 per
1728 583 1991 633 seruieium
2016 584 2181 633 warde
2206 591 2256 632 et
2280 583 2453 631 releuii
2494 611 2504 621 ·
2545 591 2593 631 et

550 684 681 748 quod
718 720 729 731 .
770 720 780 731 .
819 719 831 730 .
871 690 1002 730 terre
1042 677 1312 727 molendini
1355 676 1416 724 de
1458 674 1687 725 Conveth
1832 712 1844 724 .
1883 683 2117 726 tenentur
2158 676 2219 724 de
2258 711 2270 724 .
2313 712 2324 724 .
2367 712 2377 724 .
2418 666 2594 724 abbate

550 811 560 822 .
601 812 612 823 .
652 812 662 823 .
699 775 760 821 de
779 771 1116 822 Abirbrothoc
1137 770 1188 817 in
1213 768 1502 817 feodofirma
1525 793 1535 804 ·
1561 774 1610 816 et
1633 767 1768 831 quod
1811 804 1823 816 .
1863 804 1874 816 .
1915 804 1926 816 .
1967 776 2099 817 terre
2124 768 2186 817 de
2211 766 2594 832 Aucbinyoutht

600 905 609 914 .
653 901 663 911 .
702 870 933 912 tenentur
969 862 1029 909 de
1065 860 1265 908 domino
1299 860 1360 907 de
1393 858 1687 908 Arbuthnot
1720 875 1811 924 per
1835 859 2098 908 seruicium
2122 860 2286 909 warde
2311 867 2360 908 et
2384 859 2559 908 releuii
2584 886 2595 896 ·

547 964 594 1004 et
617 955 750 1019 quod
774 953 1020 1002 antedi&e
1046 962 1178 1001 terre
1220 988 1230 999 .
1274 989 1284 998 .
1302 1013 1309 1019 ·
1327 988 1338 999 .
1375 968 1510 999 nunc
1535 949 1750 999 existunt
1773 951 1826 999 in
1851 952 2077 1001 manibus
2113 951 2428 1008 dominorum
2459 951 2595 1016 supe-

545 1047 730 1094 riorum
772 1045 1041 1093 earundem
1082 1060 1172 1108 per
1207 1049 1417 1091 mortem
1456 1041 1574 1091 dieti
1617 1081 1627 1091 .
1670 1080 1680 1091 .
1723 1081 1732 1091 .
1775 1042 1955 1092 Jacobi
1993 1043 2149 1108 patris
2191 1083 2200 1093 .
2244 1083 2254 1093 .
2297 1082 2306 1092 .
2349 1042 2596 1092 Johannis

547 1179 555 1187 .
600 1177 608 1186 .
649 1177 658 1186 .
701 1137 784 1201 qui
826 1136 948 1184 obiit
989 1153 1019 1184 a
1059 1142 1280 1197 tempore
1322 1134 1465 1183 vnius
1507 1133 1685 1182 menfis
1723 1133 1805 1182 uel
1846 1134 2045 1184 eocirca
2084 1142 2134 1184 et
2169 1136 2222 1183 in
2261 1135 2454 1184 defectu
2492 1135 2595 1183 veri

544 1229 738 1277 heredis
775 1229 850 1276 ius
890 1228 1025 1276 suum
1065 1226 1421 1275 hereditarium
1463 1227 1527 1275 ad
1564 1225 1718 1274 (118363
1757 1233 1916 1275 terras
1954 1226 2206 1292 hucusque
2246 1226 2448 1276 minime
2485 1243 2595 1292 pro-

546 1321 789 1386 sequentis
823 1351 833 1362 ·
870 1319 1058 1369 Datum
1084 1327 1132 1369 et
1158 1319 1373 1368 clausum
1399 1319 1483 1368 sub
1508 1318 1665 1384 figillo
1691 1318 1839 1367 officii
1868 1318 1985 1368 dieti
2010 1319 2315 1369 vicecomitis
2354 1337 2450 1369 vna
2485 1336 2596 1368 eum

548 1414 715 1479 figillis
739 1413 1048 1477 quorundam
1095 1452 1105 1461 .
1143 1452 1152 1461 .
1190 1452 1199 1461 .
1238 1412 1323 1476 qui
1358 1452 1367 1462 .
1406 1451 1416 1461 .
1458 1451 1467 1461 .
1505 1405 1819 1475 inquificioni
1842 1412 2121 1462 intererant
2156 1453 2165 1463 .
2205 1453 2214 1463 .
2246 1452 2255 1462 .

546 1665 759 1737 Littera
781 1687 941 1736 finalis
965 1686 1224 1735 solucionis
1248 1686 1495 1736 bullarum
1519 1687 1815 1751 prouifionis
1841 1694 1890 1736 et
1912 1687 2388 1753 prothonotariatus.

549 1848 681 1935 Ego
711 1869 974 1918 Americus
1010 1868 1235 1917 Bertholi
1270 1875 1566 1934 procurator
1607 1907 1616 1917 .
1661 1908 1670 1917 .
1712 1908 1722 1918 .
1765 1868 1954 1918 domini
1978 1868 2194 1919 Ranaldi
2228 1871 2289 1920 de
2325 1871 2597 1936 Riegasolis

549 1961 837 2010 mercatoris
872 1960 1118 2009 Florenfis
1154 2000 1164 2010 .
1196 2000 1205 2010 .
1243 2000 1252 2010 .
1293 1961 1451 2010 fateor
1489 1978 1568 2010 me
1605 1961 1839 2026 reeepifl'e
1875 1962 2236 2028 obligacionem
2278 2004 2287 2013 .
2321 2003 2330 2013 .
2373 2002 2384 2013 .
2427 1965 2598 2015 Dauid

551 2052 817 2119 Lychtoun
842 2052 1032 2101 abbatis
1068 2091 1077 2101 .
1116 2091 1124 2101 .
1162 2092 1171 2101 .
1210 2053 1271 2101 de
1310 2053 1648 2102 Abirbrothoc
1691 2053 1848 2120 figillo
1887 2055 2091 2119 capituli
2133 2055 2204 2105 sui
2246 2055 2503 2122 sigillatam
2537 2062 2597 2108 de

548 2144 732 2192 summa
749 2152 946 2192 centum
962 2144 1235 2209 nonaginta
1249 2144 1467 2209 quinque
1482 2145 1723 2195 librarum
1740 2155 1788 2196 et
1805 2150 1912 2196 octo
1930 2147 2198 2197 solidorum
2213 2150 2276 2197 ad
2296 2150 2533 2199 terminos
2549 2159 2598 2200 et

550 2236 653 2284 dies
675 2236 726 2284 in
752 2236 1027 2285 huiusmodi
1053 2237 1363 2303 obligacione
1383 2247 1641 2287 contentas
1662 2238 2009 2288 soluendorum
2036 2279 2045 2289 .
2071 2280 2081 2290 .
2107 2280 2117 2290 .
2142 2241 2195 2289 in
2213 2241 2487 2306 plenariam
2514 2282 2523 2291 .
2550 2282 2559 2292 .
2586 2283 2595 2291 .

548 2327 844 2376 solucionem
881 2367 891 2377 .
929 2367 938 2377 .
977 2367 987 2377 .
1023 2329 1242 2377 omnium
1279 2369 1287 2378 .
1326 2369 1334 2379 .
1373 2370 1382 2379 .
1420 2330 1717 2379 summarum
1742 2331 1873 2380 dicto
1902 2331 2102 2380 domino
2128 2332 2356 2382 Ranaldo
2382 2342 2432 2383 et
2455 2335 2597 2384 sociis

552 2420 645 2467 suis
669 2427 754 2467 aut
778 2419 977 2467 domino
1001 2420 1289 2469 Alexandro
1314 2422 1441 2471 dele
1464 2422 1589 2472 Casa
1611 2424 1970 2473 mercatoribus
1988 2424 2301 2474 Florenfibus
2320 2426 2598 2476 debitarum

553 2510 752 2558 racione
775 2510 1020 2559 bullarum
1044 2511 1337 2575 prouifionis
1361 2521 1410 2562 et
1432 2515 1891 2578 prothonotariatus
1913 2533 2004 2581 per
2028 2517 2213 2568 dictum
2240 2518 2519 2568 Ranaldum
2551 2528 2600 2568 et

554 2601 894 2649 Alexandrum
925 2603 1178 2666 expeditas
1209 2621 1300 2667 pro
1334 2606 1534 2654 domino
1566 2606 1737 2656 Dauid
1761 2609 1937 2657 abbate
1962 2609 2023 2657 de
2049 2609 2388 2659 Abirbrothoc
2412 2620 2461 2659 et
2486 2628 2600 2659 con-

558 2700 709 2741 uentu
748 2730 757 2740 .
800 2730 810 2741 .
848 2730 859 2741 .
898 2693 964 2742 Et
989 2693 1192 2743 vlterius
1216 2696 1376 2744 fateor
1399 2715 1477 2746 me
1503 2699 1775 2764 obligatum
1810 2701 2011 2749 domino
2042 2701 2208 2750 abbati
2245 2710 2294 2752 et
2330 2704 2599 2753 conuentui

559 2784 689 2847 quod
719 2784 852 2832 bulle
883 2785 1338 2848 prothonotariatus
1362 2789 1679 2840 remittentur
1703 2793 1765 2841 ad
1789 2801 1956 2857 partes
1980 2793 2095 2843 istas
2120 2802 2170 2843 et
2193 2794 2600 2845 deliberabuntur

560 2876 622 2924 ad
658 2892 831 2924 manus
865 2876 1055 2925 abbatis
1093 2879 1227 2927 omni
1265 2880 1533 2945 diligencia
1565 2883 1775 2947 poffibili
1810 2884 1897 2934 illa
1928 2885 2221 2934 condicione
2254 2887 2444 2935 adie&a
2467 2889 2600 2951 quod

560 2968 709 3016 abbas
733 2966 985 3017 sustinebit
1008 2977 1240 3019 euentum
1265 2980 1314 3019 et
1336 2973 1610 3036 periculum
1635 2976 1785 3025 maris
1809 3003 1820 3014 ·
1844 2975 2046 3026 Faciam
2065 2978 2264 3043 insuper
2281 2978 2599 3044 diligenciam

561 3076 652 3124 pro
674 3058 822 3107 bullis
845 3060 1073 3122 prediffis
1098 3063 1230 3124 quod
1268 3063 1494 3113 dominus
1529 3066 1784 3116 Ranaldus
1816 3069 2035 3119 remittet
2068 3070 2448 3120 commiflionem
2479 3072 2600 3122 alias

563 3149 829 3215 depositam
853 3149 903 3198 in
929 3151 1123 3200 bancho
1145 3169 1235 3217 per
1258 3155 1542 3219 magistrum
1567 3156 1602 3206 J
1605 3160 1811 3208 acobum
1837 3159 2063 3226 Douglas
2098 3189 2109 3201 ·
2145 3140 2211 3212 Et
2243 3162 2276 3210 fi
2309 3179 2409 3211 non
2444 3162 2604 3227 potest
