2762 3834
527 397 557 440 4
973 385 1403 439 REGISTRUM
1437 384 1535 433 DE
1572 379 2138 432 ABERBROTHOC.

528 526 590 575 de
615 523 956 575 Abirbrothoc
980 523 1052 571 ita
1077 519 1312 570 conuenit
1334 519 1468 567 inter
1503 554 1514 565 .
1555 553 1566 565 .
1606 553 1616 564 .
1653 514 1941 565 Galfridum
1980 552 1991 564 .
2031 552 2043 564 .
2084 554 2095 564 .
2134 516 2363 565 abbatem
2390 523 2439 565 et
2478 554 2488 564 .
2530 553 2540 564 .
2580 554 2592 565 .

530 594 831 667 conuentum
864 632 924 663 ex
961 620 1104 679 parte
1129 629 1228 660 vna
1260 618 1308 659 et
1341 609 1559 658 nobilem
1585 607 1747 656 virum
1785 607 2041 656 dominum
2076 607 2351 658 Cristinum
2384 609 2446 657 de
2481 608 2595 657 Ard

528 709 734 757 militem
769 724 830 756 ex
866 706 1024 755 altera
1049 702 1281 753 videlicet
1314 732 1324 742 ·
1360 700 1511 758 Quod
1548 699 1665 748 diffi
1701 700 1855 749 abbas
1888 708 1937 749 et
1971 709 2249 751 conuentus
2293 738 2304 749 .
2356 737 2369 749 .
2420 737 2431 748 .
2481 700 2595 749 affe-

529 802 707 850 darunt
750 836 761 848 .
807 835 819 847 .
864 835 876 847 .
914 797 1116 846 domino
1158 792 1377 867 Cristino
1415 810 1586 842 omnes
1624 792 1843 842 decimas
1875 793 2144 859 garbarum
2180 792 2384 843 ecclesie
2416 793 2498 842 sue
2535 793 2596 841 de

528 893 775 957 Innernys
825 928 836 939 .
888 926 900 938 .
951 927 962 938 .
1009 888 1161 951 usque
1198 887 1261 935 ad
1297 885 1538 934 terminos
1568 885 1788 951 quinque
1814 903 2060 934 annorum
2112 924 2124 935 .
2173 923 2184 935 .
2233 924 2244 935 .
2294 893 2344 935 et
2379 885 2595 934 eiusdem

527 983 715 1032 domini
749 981 955 1032 Cristini
994 979 1262 1029 heredibus
1299 979 1335 1027 fi
1372 979 1434 1027 de
1469 979 1574 1043 ipso
1612 978 1746 1042 quod
1778 977 1901 1027 absit
1939 978 2073 1026 infra
2105 978 2293 1027 diaum
2328 977 2597 1027 terminum

527 1076 810 1125 humanitus
836 1072 1102 1139 contigerit
1137 1071 1427 1137 incipiendo
1461 1072 1525 1120 ad
1561 1069 1739 1119 festum
1782 1069 1952 1120 Sancti
1989 1070 2130 1120 Petri
2155 1071 2290 1136 quod
2325 1069 2510 1119 dicitur
2536 1070 2599 1118 ad

529 1167 730 1217 uincula
753 1167 815 1215 de
847 1183 1005 1232 grano
1031 1164 1267 1214 videlicet
1293 1163 1577 1230 Autumpni
1614 1163 1733 1213 anni
1769 1163 1940 1228 gracie
1975 1162 2221 1212 millesimi
2259 1161 2358 1212 ccc¹
2382 1161 2600 1212 vicesimi

528 1261 647 1310 noni
672 1268 721 1309 et
745 1258 1060 1308 terminando
1086 1258 1150 1306 ad
1185 1257 1320 1306 idem
1355 1257 1533 1306 festum
1567 1274 1699 1306 anno
1732 1256 1903 1322 gracie
1928 1255 2185 1305 millesimo
2223 1262 2329 1306 ccc⁰
2353 1255 2600 1306 tricesimo

530 1362 704 1418 quarto
741 1383 751 1393 ·
791 1352 858 1401 Et
895 1352 1054 1401 <imus
1094 1352 1342 1416 dompnus
1381 1350 1631 1401 Cristinus
1673 1349 1811 1399 dabit
1853 1387 1865 1399 .
1909 1386 1921 1398 .
1965 1386 1977 1398 .
2016 1349 2161 1398 dictis
2195 1348 2438 1414 religiosis
2481 1387 2492 1397 .
2538 1386 2548 1396 .
2593 1387 2601 1395 .

530 1445 731 1511 singulis
757 1445 901 1509 annis
940 1482 951 1493 .
995 1481 1006 1493 .
1049 1482 1059 1493 .
1098 1444 1438 1510 quadraginta
1459 1443 1614 1492 libras
1637 1442 1876 1509 legalium
1900 1442 2253 1508 sterlingorum
2279 1460 2372 1507 pro
2397 1441 2603 1491 decimis

530 1539 813 1605 garbalibus
839 1537 1102 1587 antediffis
1125 1537 1178 1586 in
1204 1537 1337 1586 diffisa
1362 1536 1571 1586 ecclesia
1595 1536 1656 1584 de
1686 1535 1938 1601 Innernys
1964 1535 2025 1583 ad
2053 1535 2177 1584 duos
2209 1535 2328 1583 anni
2364 1533 2603 1584 terminos

586 1670 597 1681 .
638 1670 649 1681 .
685 1633 757 1682 ita
780 1633 914 1697 quod
938 1631 1124 1680 solucio
1164 1667 1176 1679 .
1218 1668 1229 1680 .
1270 1668 1282 1680 .
1319 1648 1422 1679 non
1445 1629 1801 1696 prorogabitur
1821 1628 1952 1677 vltra
1972 1628 2153 1692 viginti
2177 1628 2284 1677 dies
2307 1627 2418 1693 post
2437 1643 2604 1692 quem-

531 1727 655 1775 libet
679 1726 945 1776 terminum
982 1763 993 1775 .
1034 1763 1045 1774 .
1085 1763 1097 1774 .
1135 1725 1202 1774 Et
1226 1723 1293 1774 fic
1331 1763 1342 1774 .
1384 1763 1395 1774 .
1438 1762 1449 1773 .
1484 1724 1598 1774 loco
1616 1722 1842 1787 predicto
1883 1758 1894 1769 .
1934 1759 1946 1769 .
1986 1758 1998 1769 .
2037 1721 2220 1770 solucio
2239 1720 2387 1785 plene
2404 1720 2491 1769 fiet
2509 1726 2606 1768 ter-

533 1819 667 1867 mino
698 1820 855 1884 prime
880 1818 1141 1867 solucionis
1173 1817 1445 1883 incipiente
1471 1817 1536 1865 ad
1567 1815 1743 1865 festum
1778 1814 1966 1864 Pasche
1991 1832 2123 1863 anno
2153 1814 2324 1880 gracie
2348 1811 2605 1862 millesimo

537 1918 641 1962 ccc⁰
673 1911 917 1961 tricesimo
957 1938 968 1950 ·
1007 1911 1075 1960 Et
1107 1910 1143 1959 si
1176 1911 1292 1959 diffi
1321 1909 1537 1976 religiosi
1579 1946 1590 1957 .
1638 1946 1648 1956 .
1696 1946 1707 1957 .
1750 1909 2021 1973 dampnum
2060 1907 2263 1972 aliquod
2301 1906 2608 1955 incurrerint

537 2006 617 2054 seu
665 2005 903 2054 iaauram
958 2004 1196 2069 expensas
1257 2003 1472 2053 fecerint
1531 2003 1610 2051 seu
1669 2001 1993 2066 fatigaciones
2045 2000 2238 2065 aliquas
2289 1999 2609 2048 sustinuerint

539 2096 793 2147 occasione
842 2098 971 2145 dicte
1011 2097 1225 2162 pecunie
1275 2135 1287 2145 .
1338 2133 1350 2144 .
1403 2133 1414 2145 .
1463 2113 1565 2144 non
1607 2093 1763 2143 solut-e
1800 2094 1953 2142 didus
1996 2094 2241 2158 dompnus
2281 2091 2526 2143 Cristinus
2561 2100 2610 2140 et

538 2191 747 2239 heredes
771 2191 842 2238 sui
866 2191 1170 2239 tenebuntur
1196 2198 1296 2239 tam
1332 2191 1382 2238 in
1421 2188 1790 2238 restitucionem
1818 2189 2150 2252 dampnorum
2196 2225 2207 2235 .
2251 2225 2262 2236 .
2305 2225 2316 2236 .
2361 2203 2509 2251 quam
2547 2187 2609 2234 ad

541 2284 760 2333 debitum
783 2283 1063 2349 principale
1090 2284 1151 2332 ad
1177 2281 1382 2348 simplex
1405 2282 1741 2331 iuramentum
1768 2279 2033 2329 camerarii
2053 2280 2114 2328 de
2135 2279 2478 2329 Abirbrothoc
2513 2318 2522 2327 .
2557 2318 2566 2328 .

540 2376 618 2425 vel
656 2377 867 2426 aliorum
902 2378 1112 2426 duorum
1144 2377 1367 2425 virorum
1405 2375 1772 2440 fidedignorum
1813 2374 1949 2422 omni
1989 2373 2313 2422 excusacione
2351 2372 2613 2421 summoni-

544 2469 700 2517 cionis
724 2470 788 2518 ad
812 2470 1087 2519 exercitum
1112 2470 1193 2519 vel
1224 2468 1458 2518 transitus
1482 2468 1536 2516 in
1561 2468 1825 2517 seruicium
1854 2467 1988 2532 regis
2011 2466 2293 2532 specialiter
2318 2474 2529 2531 excepta
2551 2467 2613 2515 ab

546 2562 772 2611 omnibus
809 2562 918 2611 aliis
956 2563 1116 2611 literis
1151 2562 1304 2628 regiis
1339 2561 1668 2627 impetrandis
1694 2578 1790 2626 que
1816 2559 2116 2609 dilacionem
2151 2559 2417 2608 solucionis
2448 2559 2614 2608 facere

545 2654 764 2718 poterint
789 2671 986 2719 quoquo
1010 2656 1158 2704 modo
1194 2683 1204 2693 ·
1241 2655 1307 2704 Et
1332 2655 1366 2703 fi
1394 2654 1653 2720 contingat
1678 2653 1812 2718 quod
1846 2650 1967 2700 absit
1991 2651 2173 2700 dictam
2203 2650 2492 2715 parochiam
2524 2668 2615 2715 per

549 2763 859 2795 communem
900 2765 1128 2811 guerram
1174 2749 1357 2797 vastari
1396 2748 1480 2797 seu
1522 2746 1709 2796 destrui
1749 2752 1994 2810 quatenus
2040 2744 2245 2809 probari
2292 2743 2479 2809 poterit
2525 2760 2615 2808 per

547 2839 728 2904 probos
753 2847 803 2889 et
825 2839 994 2888 fideles
1025 2840 1251 2889 homines
1286 2841 1448 2906 patrie
1485 2841 1671 2888 dictum
1709 2838 1966 2887 dominum
1993 2835 2264 2886 Cristinum
2290 2835 2371 2884 vel
2402 2835 2613 2883 heredes

550 2931 658 2980 suos
680 2932 741 2980 de
766 2931 908 2980 dictis
933 2932 1138 2980 decimis
1161 2932 1431 2998 percepisse
1457 2941 1701 2999 quatenus
1727 2931 1872 2980 dietis
1896 2929 2137 2995 religiosis
2163 2930 2224 2978 de
2247 2928 2378 2978 dicta.
2400 2928 2615 2993 pecunia

548 3023 832 3090 persoluent
867 3052 878 3062 ·
915 3022 977 3072 In
1017 3041 1227 3088 quorum
1263 3026 1481 3074 omnium
1526 3025 1861 3076 testimonium
1903 3024 2105 3090 presens
2145 3022 2523 3072 memorandum
2560 3021 2612 3069 in

548 3116 748 3165 modum
774 3115 1055 3181 cirographi
1091 3115 1161 3165 est
1191 3118 1467 3167 confefitum
1500 3119 1639 3167 cuius
1665 3136 1762 3167 vna
1793 3135 1910 3183 pars
1944 3133 2098 3182 penes
2130 3116 2315 3164 dietum
2354 3114 2611 3163 dominum

552 3208 824 3259 Cristinum
855 3226 1118 3258 remanens
1143 3208 1301 3275 sigillo
1329 3211 1579 3260 communi
1613 3210 1821 3277 capituli
1865 3247 1876 3258 .
1923 3247 1935 3258 .
1982 3247 1994 3258 .
2039 3207 2358 3274 consignatur
2383 3206 2616 3257 etaltera
