2762 3834
604 381 1030 433 REGISTRUM
1064 382 1161 434 DE
1197 381 1747 433 ABERBROTHOC.
1944 394 1946 396 ’
2100 388 2195 439 257

154 513 309 563 raudo
353 512 599 577 predictos
643 514 705 562 ab
749 515 975 563 omnibus
1019 515 1249 564 oneribus
1296 516 1660 565 husbandorum
1705 515 1839 564 salua
1886 516 2192 579 equitacione

156 604 271 677 diai
293 602 328 652 J
330 603 539 652 ohannis
562 604 815 653 nobiscum
838 606 891 654 in
915 606 1080 656 nostra
1107 608 1245 657 curia
1276 636 1286 646 ·
1311 608 1555 658 Volumus
1579 609 1778 674 insuper
1802 609 1934 673 quod
1958 608 2076 657 dieti
2104 646 2114 656 .
2141 645 2154 657 .
2182 646 2193 657 .

154 697 267 754 duci
305 696 490 746 faciant
528 697 590 744 ad
629 697 978 747 monasterium
1028 737 1039 748 .
1090 738 1100 749 .
1153 738 1164 748 .
1213 701 1430 765 quinque
1467 700 1765 765 plaustratus
1802 701 1903 749 feni
1940 708 2192 766 pratorum

153 788 428 838 nostrorum
455 795 504 836 et
528 787 746 852 quinque
776 788 1074 853 plaustratus
1109 792 1363 856 glebarum
1401 819 1411 830 ·
1449 792 1517 841 Et
1552 793 1756 842 vlterius
1792 793 1974 841 ducent
2006 794 2194 858 tegulas

153 881 272 929 ficut
296 880 381 929 alii
405 878 645 928 husbandi
664 880 727 928 ad
766 916 777 927 .
815 917 826 928 .
867 916 878 927 .
915 882 1262 931 monasterium
1284 885 1481 948 quando
1506 885 1698 933 onerati
1716 885 1899 934 fuerint
1924 912 1934 922 ·
1958 885 2194 934 Preterea

205 1010 215 1020 .
257 1009 268 1020 .
304 971 562 1019 inuenient
598 1007 609 1018 .
650 1007 660 1018 .
701 1007 712 1018 .
751 970 1006 1019 dimidiam
1032 972 1240 1022 cimbam
1262 975 1389 1024 bene
1424 984 1738 1040 preparatam
1776 1013 1787 1023 .
1829 1013 1840 1025 .
1880 1013 1892 1025 .
1928 994 2019 1041 pro
2054 978 2192 1041 pisci-

150 1066 238 1114 bus
278 1063 532 1128 capiendis
567 1099 578 1110 .
612 1101 622 1111 .
658 1102 668 1112 .
705 1063 856 1127 Apud
898 1102 908 1111 .
949 1102 958 1111 .
999 1103 1008 1112 .
1050 1057 1400 1115 monasterium
1440 1068 1667 1117 vicefimo
1710 1068 1843 1117 sexto
1891 1069 1971 1117 die
2018 1070 2192 1117 menfis

154 1156 382 1207 Octobris
408 1173 537 1204 anno
562 1154 770 1203 Domini
799 1156 940 1210 1487.

149 1373 487 1446 Presentacio
513 1394 714 1444 ecclesie
740 1395 800 1443 de
827 1394 1027 1443 erus.

26 1535 103 1632 {515
150 1539 595 1612 Reuerendiffimo
633 1597 643 1608 .
685 1597 696 1608 .
738 1599 747 1609 .
785 1560 985 1607 domino
1006 1559 1260 1608 Willelmo
1300 1596 1310 1607 .
1350 1597 1360 1607 .
1401 1598 1412 1608 .
1450 1560 1816 1625 archiepiscopo
1844 1560 2191 1610 Sanctiandree

27 1665 30 1739 ἓξ

149 1654 201 1702 in
236 1653 436 1702 remotis
473 1653 830 1717 agenti‘eiusve
856 1653 1043 1702 vicario
1083 1690 1093 1700 .
1128 1690 1139 1700 .
1176 1689 1186 1700 .
1223 1652 1445 1716 generali
1470 1651 1550 1700 seu
1583 1652 1859 1717 cuicunque
1897 1653 2038 1701 alteri
2080 1691 2090 1700 .
2131 1691 2141 1700 .
2183 1692 2192 1700 .

153 1744 446 1807 competenti
475 1783 484 1793 .
514 1782 524 1792 .
553 1783 563 1793 .
591 1745 741 1793 abbas
767 1752 816 1793 et
841 1753 1116 1793 conuentus
1152 1782 1162 1791 .
1201 1781 1212 1792 .
1250 1781 1260 1791 .
1296 1744 1357 1791 de
1383 1743 1719 1792 Abirbrothoc
1755 1781 1765 1791 .
1796 1781 1806 1791 .
1840 1780 1851 1791 .
1882 1744 2194 1792 reuerencias

152 1837 452 1885 omnimodas
496 1874 507 1884 .
550 1874 560 1885 .
602 1874 612 1885 .
657 1838 739 1885 Ad
765 1837 1000 1885 vicariam
1037 1842 1329 1900 perpetuam
1358 1835 1658 1900 parochialis
1695 1835 1896 1884 ecclefie
1924 1837 1984 1883 de
2009 1835 2194 1883 erus

154 1927 503 1978 San&iandree
543 1930 746 1978 diocefis
784 1967 794 1977 .
836 1967 847 1977 .
888 1967 899 1977 .
942 1936 1199 1978 vacantem
1240 1926 1321 1975 uel
1360 1934 1647 1975 vacaturam
1685 1944 1774 1991 per
1809 1926 2192 1992 resignacionem

155 2057 166 2068 .
203 2058 214 2068 .
253 2058 264 2069 .
300 2020 545 2069 Johannis
571 2021 631 2069 de
657 2020 928 2086 Dowglace
968 2059 978 2068 .
1018 2058 1028 2068 .
1069 2058 1079 2068 .
1119 2021 1151 2068 fi
1182 2037 1288 2068 eam
1331 2057 1342 2067 .
1383 2056 1394 2067 .
1435 2057 1446 2068 .
1483 2019 1654 2083 sponte
1683 2056 1693 2066 .
1722 2057 1732 2068 .
1760 2056 1770 2066 .
1795 2019 1958 2067 facere
1983 2019 2195 2068 voluerit

152 2112 245 2161 fiue
268 2129 358 2177 per
382 2113 735 2162 affecucionem
761 2113 964 2161 alterius
988 2113 1215 2162 beneficii
1252 2110 1565 2160 ecclefiastici
1591 2128 1702 2160 cum
1729 2129 1788 2160 ea
1810 2110 2193 2174 incompatibilis

154 2240 166 2252 .
193 2241 203 2251 .
232 2241 242 2252 .
267 2203 365 2253 fiue
390 2204 511 2253 alias
537 2205 854 2269 quouismodo
884 2243 893 2253 .
923 2243 934 2253 .
964 2243 974 2253 .
1000 2205 1035 2254 J
1039 2205 1245 2254 acobum
1276 2203 1461 2268 Ogilby
1483 2203 1641 2250 virum
1667 2203 1915 2268 ydoneum
1940 2202 2190 2250 literatum

153 2303 198 2344 et
238 2295 550 2345 sufficientem
589 2313 681 2361 pro
722 2297 1155 2346 administracione
1200 2298 1615 2344 sacramentorum
1662 2303 1710 2344 et
1755 2295 2027 2343 animarum
2074 2311 2192 2341 cura

151 2386 292 2451 ipfius
318 2387 518 2437 ecclefie
562 2427 571 2436 .
612 2428 621 2436 .
663 2428 671 2436 .
714 2389 1022 2437 excercenda
1058 2429 1066 2437 .
1106 2429 1114 2437 .
1154 2428 1162 2437 .
1200 2387 1490 2452 paternitati
1523 2386 1681 2435 vestre
1717 2426 1726 2435 .
1763 2423 1774 2434 .
1810 2426 1819 2435 .
1857 2386 2190 2451 presentamus

153 2517 162 2526 .
287 2487 518 2545 rogantes
554 2519 563 2528 .
602 2519 611 2528 .
651 2519 659 2527 .
698 2487 751 2528 ut
774 2479 926 2545 ipsam
951 2481 1189 2529 vicariam
1226 2519 1235 2528 .
1274 2520 1282 2528 .
1321 2519 1329 2528 .
1368 2479 1414 2527 ei
1440 2479 1665 2527 conferre
1705 2518 1714 2526 .
1756 2518 1764 2526 .
1806 2517 1815 2526 .
1858 2477 2016 2526 velitis
2063 2517 2071 2525 .
2123 2517 2131 2524 .
2181 2516 2190 2523 .

153 2571 301 2635 Apud
322 2572 671 2620 monasterium
708 2611 716 2620 .
755 2612 764 2620 .
802 2612 811 2620 .
850 2573 910 2620 de
934 2571 1271 2621 Abirbrothoc
1308 2611 1317 2619 .
1356 2610 1364 2619 .
1403 2611 1411 2619 .
1449 2587 1580 2618 nono
1615 2570 1695 2618 die
1727 2568 1899 2617 menfis
1932 2567 2190 2616 Februarii

155 2679 280 2710 anno
303 2662 508 2711 Domini
532 2670 600 2711 m⁰
623 2664 1105 2729 quadringentefimo
1131 2661 1457 2728 octuagesimo
1484 2662 1685 2727 septimo
1722 2702 1730 2710 .
1769 2701 1777 2709 .
1817 2701 1825 2709 .

155 2879 363 2955 Littera
383 2908 727 2971 procuratoria
750 2908 802 2955 in
827 2907 1005 2956 itinere
1031 2906 1299 2955 iusticiarie
1325 2907 1385 2954 de
1409 2906 1627 2972 Lanryk.

41 3061 112 3110 ³16
147 3044 428 3119 ‹Uniuerfis
453 3079 619 3136 pateat
656 3111 664 3120 .
703 3110 711 3119 .
750 3110 759 3119 .
797 3087 887 3118 nos
910 3059 1081 3118 Dauid
1118 3109 1126 3117 .
1164 3110 1173 3118 .
1213 3108 1223 3118 .
1260 3072 1485 3120 abbatem
1522 3108 1532 3118 .
1570 3108 1580 3118 .
1618 3108 1628 3119 .
1663 3072 1724 3119 de
1751 3071 2083 3119 Abirbrothoc
2110 3110 2117 3118 .
2146 3110 2186 3117 ..

158 3158 445 3210 constituisse
478 3201 486 3210 .
525 3202 534 3211 .
572 3202 581 3211 .
620 3162 870 3210 dominum
891 3161 1163 3210 Robertum
1189 3161 1313 3227 Lyle
1337 3189 1349 3199 ·
1373 3161 1408 3209 J
1411 3141 1652 3210 ohannem
1679 3162 1931 3209 dominum
1957 3161 2101 3226 Haye
2127 3162 2187 3208 de

1123 3259 1152 3302 2
1181 3271 1213 3301 K
