2742 3848
646 359 1076 410 REGISTRUM
1110 359 1209 408 DE
1244 358 1810 411 ABERBROTHOC.
2163 370 2260 413 515

43 584 139 637 782
190 564 342 635 Idem
370 587 622 650 presentat
646 587 936 652 magistrum
958 586 1206 636 Thomam
1227 586 1371 636 Trail
1395 588 1460 636 ad
1487 587 1721 637 vicariam
1741 595 2036 653 perpetuam
2056 589 2258 638 ecclefie

189 678 490 742 parochialis
526 678 588 727 de
625 677 948 744 Kynnarnyn
974 678 1346 728 Aberdonenfis
1383 679 1590 729 diocefis
1627 690 1889 730 vacantem
1923 698 2015 746 per
2049 689 2259 731 mortem

190 769 414 834 magistri
437 769 473 820 J
476 770 619 819 acobi
648 769 990 836 Skrymgeour
1015 800 1025 810 ·
1055 775 1117 819 13
1149 770 1455 837 Septembris
1484 775 1630 820 1533.

41 1049 137 1102 783
186 1027 343 1100 Idem
382 1052 634 1114 presentat
677 1050 934 1099 dominum
971 1050 1253 1101 Walterum
1291 1052 1513 1120 Nawthy
1547 1054 1875 1119 presbiterum
1918 1055 1983 1104 ad
2021 1055 2258 1105 vicariam

190 1142 553 1207 penfionariam
589 1143 673 1192 seu
708 1144 1070 1208 portionariam
1094 1153 1388 1210 perpetuam
1426 1146 1630 1196 ecclesie
1665 1146 1967 1212 parochialis
2003 1149 2065 1197 de
2101 1148 2260 1198 Barre

195 1237 551 1287 Sanctiandree
577 1237 798 1304 dyocefis
835 1256 948 1287 cum
973 1256 1153 1288 vacare
1190 1239 1460 1305 contigerit
1494 1256 1586 1304 per
1620 1238 2004 1304 refignationem
2038 1241 2261 1307 magistri

190 1329 226 1378 J
229 1329 439 1378 ohannis
465 1330 517 1379 N
520 1330 686 1397 awthy
710 1330 970 1396 presbiteri
995 1360 1005 1370 ·
1036 1336 1098 1381 15
1126 1331 1357 1382 Octobris
1386 1336 1531 1381 1533.

44 1616 140 1670 784
192 1594 347 1667 Idem
383 1614 566 1663 affedat
601 1631 693 1679 pro
730 1615 1062 1663 nouendecim
1098 1614 1242 1663 annis
1266 1631 1296 1663 a
1319 1614 1443 1663 festo
1471 1612 1639 1664 Sanffi
1663 1614 1803 1664 Petri
1833 1615 2259 1665 aduincula1534

194 1709 495 1758 Helizabeth
521 1708 758 1774 Martyne
785 1716 834 1757 et
858 1707 955 1756 suis
981 1707 1231 1774 affignatis
1256 1724 1356 1756 non
1382 1707 1585 1756 maioris
1609 1706 1762 1757 status
1787 1709 2004 1758 decimas
2032 1710 2261 1775 garbales

193 1803 309 1851 ville
335 1802 396 1850 de
420 1800 752 1867 Mekylfollay
775 1801 828 1849 in
852 1800 1065 1849 baronia
1083 1801 1145 1849 de
1166 1800 1362 1849 Taruas
1381 1808 1431 1849 et
1449 1800 1691 1865 parochia
1709 1801 1770 1850 de
1790 1800 1942 1866 wae
1968 1830 1978 1841 ·
2009 1801 2260 1852 Soluendo

191 1905 404 1960 quatuor
426 1894 579 1943 libras
604 1901 803 1942 monete
832 1891 1006 1942 Scocie
1031 1919 1042 1930 ·
1071 1892 1132 1942 16
1159 1892 1392 1942 Octobris
1420 1897 1566 1941 1533.

74 2186 136 2230 85
186 2155 515 2242 Preceptum
556 2175 709 2225 safine
748 2185 996 2225 terrarum
1033 2177 1095 2225 de
1135 2175 1376 2225 Glamnes
1412 2175 1467 2224 in
1507 2176 1772 2242 regalitate
1809 2176 1871 2224 de
1910 2175 2172 2241 Arbroyth
2211 2183 2259 2223 et

189 2269 540 2319 vicecomitatu
579 2270 641 2317 de
680 2269 860 2318 Forfar
890 2269 943 2317 in
976 2269 1197 2317 favorem
1231 2267 1480 2317 Johannis
1517 2268 1706 2317 domini
1745 2267 1986 2318 Glamnes
2022 2275 2257 2332 tanquam

186 2361 340 2410 filium
368 2370 417 2411 et
441 2362 676 2410 heredem
703 2362 955 2426 quondam
979 2360 1014 2409 J
1018 2361 1229 2410 ohannis
1254 2360 1444 2409 domini
1475 2361 1538 2409 de
1578 2360 1819 2410 Glamnes
1854 2360 2011 2424 patris
2048 2360 2117 2408 sui
2152 2387 2161 2397 ·
2193 2364 2258 2408 20

190 2453 421 2503 Octobris
449 2458 596 2502 1533.

62 2713 139 2808 {86
190 2717 387 2789 Abbas
411 2754 502 2802 pro
529 2736 741 2800 quadam
767 2734 955 2784 summa
988 2733 1202 2799 pecunie
1233 2731 1416 2781 affedat
1439 2747 1531 2796 pro
1555 2729 1889 2779 nouendecim
1914 2728 2056 2777 annis
2083 2746 2112 2776 a
2135 2728 2255 2776 festo

189 2830 334 2879 Beati
358 2829 498 2878 Petri
523 2828 793 2878 aduincula
821 2831 950 2876 1534
971 2825 1007 2876 J
1010 2825 1195 2875 ohanni
1225 2823 1454 2875 Cambell
1477 2824 1539 2872 de
1567 2821 1773 2873 Caldeir
1807 2821 1956 2870 militi
1990 2820 2255 2869 heredibus

189 2923 285 2971 suis
310 2930 359 2972 et
383 2922 633 2987 affignatis
658 2921 877 2970 decimas
911 2918 1140 2986 garbales
1176 2917 1337 2968 tocius
1372 2914 1583 2964 rectorie
1620 2913 1824 2964 ecclefie
1859 2912 2157 2978 parochialis
2193 2912 2253 2959 de

191 3014 431 3064 Inuernes
454 3015 588 3064 infra
611 3014 842 3063 diocefim
867 3010 1237 3061 Morauiensem
1273 3037 1283 3048 ·
1322 3008 1624 3073 quequidem
1654 3006 1794 3072 prius
1818 3005 2031 3055 Valtero
2059 3004 2252 3069 Ogilwe

189 3107 250 3155 de
284 3107 537 3173 Dinlugus
567 3107 662 3155 suis
685 3106 952 3155 heredibus
978 3113 1028 3153 et
1052 3102 1301 3169 affignatis
1336 3118 1428 3166 pro
1465 3101 1641 3150 eodem
1676 3099 1833 3165 spatio
1870 3097 2213 3147 affedabantur
2239 3123 2249 3132 ·

190 3199 274 3263 qui
299 3200 379 3248 die
404 3200 517 3248 date
541 3198 852 3263 presencium
877 3196 1070 3246 easdem
1105 3194 1373 3260 refignauit
1412 3222 1423 3233 ·
1467 3192 1747 3243 Reddendo
1783 3191 2022 3239 ducentas
2057 3204 2250 3236 marcas
