2762 3834
570 393 665 438 150
1009 382 1435 438 REGISTRUM
1467 381 1566 433 DE
1601 381 2160 436 ABERBROTHOO.

568 521 684 570 diui
716 520 992 570 Alexandri
1025 536 1114 585 per
1145 517 1397 567 dominum
1432 514 1704 564 Patricium
1739 515 1975 565 Nicholai
1999 517 2248 566 notarium
2300 554 2312 566 .
2365 554 2376 566 .
2429 554 2440 565 .
2491 534 2605 567 con·

568 614 747 663 fectum
796 651 807 662 .
857 651 867 661 .
916 650 926 660 .
976 612 1038 660 de
1071 609 1242 658 saisina
1276 605 1580 655 hereditaria
1612 606 1729 656 data
1761 623 1852 672 per
1886 606 2170 658 Johannem
2198 607 2333 658 Mair
2356 610 2606 674 quondam

568 705 690 754 scire
725 703 887 752 nostre
911 702 972 750 de
996 699 1324 750 Kincoldrum
1360 713 1552 746 marum
1582 697 1724 747 dictis
1746 698 2037 749 Alexandro
2062 707 2112 750 et
2138 700 2370 766 Georgeo
2404 740 2414 750 .
2452 740 2462 750 .
2499 740 2509 750 .
2545 702 2607 749 de

569 837 578 845 .
617 832 629 843 .
668 832 679 843 .
716 794 862 843 terris
902 794 963 841 de
1004 788 1352 855 Kennemykle
1390 825 1401 836 .
1440 826 1452 837 .
1491 824 1503 837 .
1538 788 1673 839 infra
1711 791 1920 842 schiram
1962 832 1972 842 .
2009 831 2019 841 .
2056 832 2066 842 .
2109 793 2379 858 predi&am
2414 831 2424 842 .
2460 833 2471 842 .
2507 832 2517 843 .
2554 794 2606 842 in

569 885 911 936 vicecomitatu
944 885 1006 933 de
1032 883 1210 932 Forfar
1258 920 1268 930 .
1319 920 1329 929 .
1375 920 1384 930 .
1436 880 1689 946 inspexisse
1738 923 1748 933 .
1800 923 1810 934 .
1860 923 1870 934 .
1925 883 2259 949 cuiusquidem
2307 924 2317 934 .
2360 924 2370 934 .
2413 924 2423 934 .
2466 892 2609 934 tenor

567 978 781 1043 sequitur
816 1016 825 1026 .
861 1014 872 1025 .
908 1016 918 1026 .
956 976 1016 1025 In
1040 975 1239 1024 nomine
1264 973 1469 1023 Domini
1502 991 1647 1023 amen
1682 1001 1693 1011 ·
1731 974 1830 1024 Per
1860 975 1957 1025 hoc
1991 1015 2001 1025 .
2038 1015 2049 1026 .
2086 1015 2096 1026 .
2131 983 2301 1041 pateat
2335 1016 2346 1026 .
2382 1017 2392 1026 .
2430 1016 2440 1026 .
2477 977 2610 1042 quod

567 1088 695 1120 anno
734 1068 1099 1119 incarnacionis
1137 1068 1383 1117 dominice
1423 1067 1678 1116 millefimo
1717 1068 2198 1134 quadringentesimo
2239 1067 2611 1134 quadragesimo

567 1172 741 1228 quarto
780 1189 792 1200 ·
827 1160 1003 1211 menfis
1027 1177 1146 1209 vero
1169 1159 1463 1209 Decembris
1488 1160 1569 1209 die
1594 1159 1822 1209 vicefima
1851 1160 2008 1210 tercia
2044 1187 2055 1199 ·
2093 1160 2362 1209 indiffione
2387 1162 2561 1210 o&aua
2598 1189 2609 1199 ·

565 1254 877 1319 pontificatus
926 1294 934 1303 .
986 1293 995 1303 .
1046 1292 1056 1302 .
1109 1252 1323 1318 Eugenii
1371 1292 1381 1301 .
1430 1291 1440 1301 .
1489 1292 1498 1302 .
1546 1269 1674 1318 pape
1699 1253 1863 1318 quarti
1887 1270 2019 1302 anno
2043 1254 2236 1303 decimo
2259 1260 2436 1318 quarto
2483 1293 2493 1303 .
2542 1292 2552 1302 .
2601 1293 2610 1301 .

566 1347 599 1395 J
604 1346 820 1395 ohannes
845 1345 979 1394 Mair
1001 1361 1167 1394 marus
1191 1343 1349 1392 schire
1374 1344 1435 1392 de
1455 1343 1803 1409 Kyncoldrum
1825 1345 1887 1393 ad
1923 1383 1932 1393 .
1970 1384 1979 1394 .
2016 1383 2027 1394 .
2065 1344 2290 1393 dominos
2312 1344 2537 1394 abbatem
2562 1354 2612 1394 et

568 1448 863 1489 conuentum
901 1478 910 1488 .
948 1478 957 1487 .
995 1478 1004 1487 .
1042 1439 1104 1487 de
1143 1437 1480 1487 Abirbrothoc
1520 1436 1783 1502 spectantis
1823 1476 1833 1486 .
1870 1476 1880 1486 .
1918 1475 1929 1487 .
1969 1435 2189 1486 saifinam
2226 1477 2236 1486 .
2273 1476 2282 1487 .
2320 1477 2330 1487 .
2366 1444 2611 1487 terrarum

567 1533 627 1580 de
663 1530 1015 1597 Kennymykle
1054 1570 1064 1579 .
1101 1571 1110 1581 .
1148 1571 1158 1580 .
1197 1530 1486 1579 Alexandro
1523 1530 1584 1578 de
1623 1528 1990 1595 Ouchtirlovny
2026 1529 2130 1578 filio
2166 1537 2216 1578 et
2254 1529 2427 1578 heredi
2476 1566 2487 1577 .
2539 1566 2549 1577 .
2601 1567 2611 1577 .

567 1623 802 1672 willelmi
860 1624 921 1672 de
971 1623 1336 1689 Ouchtirlovny
1383 1622 1572 1671 domini
1619 1623 1682 1671 de
1728 1622 1881 1688 Kelly
1927 1621 2251 1687 personaliter
2302 1621 2518 1687 presenti
2565 1629 2613 1671 et

572 1715 802 1779 Georgco
865 1713 1127 1765 Mortimar
1181 1715 1412 1764 scutifero
1473 1714 1786 1780 procuratori
1848 1753 1858 1763 .
1917 1753 1927 1762 .
1992 1753 2002 1763 .
2062 1713 2278 1765 Mariote
2330 1714 2393 1762 de
2451 1714 2614 1762 Drov·

570 1808 749 1856 monde
797 1808 961 1872 sponse
1008 1808 1123 1857 dieti
1168 1807 1443 1857 Alexandri
1495 1845 1506 1856 .
1560 1845 1571 1856 .
1624 1844 1635 1856 .
1685 1807 1953 1856 secundum
2005 1813 2229 1855 tenorem
2289 1843 2301 1855 .
2365 1844 2376 1855 .
2435 1843 2447 1855 .
2505 1823 2614 1871 pre-

573 1900 702 1964 cepti
747 1938 756 1947 .
797 1938 807 1948 .
848 1938 859 1948 .
895 1899 1107 1949 WValteri
1143 1938 1154 1949 .
1195 1938 1206 1949 .
1245 1938 1256 1948 .
1294 1900 1484 1950 abbatis
1514 1899 1725 1965 predicti
1759 1897 2044 1948 monasterii
2086 1936 2097 1947 .
2144 1936 2154 1947 .
2199 1936 2211 1948 .
2257 1898 2465 1947 tradidit
2498 1936 2509 1947 .
2549 1934 2561 1947 .
2600 1935 2613 1947 .

575 2008 682 2039 cum
721 1992 815 2040 hiis
853 1993 1014 2042 verbis
1032 1994 1182 2058 saluo
1224 1994 1330 2042 iure
1370 1993 1611 2057 cuivfiibet
1647 2021 1659 2033 ·
1701 1991 1862 2057 Super
1897 1991 2074 2056 quibus
2110 1991 2331 2057 prefatus
2357 1991 2616 2057 Georgeus

572 2092 862 2147 procurator
911 2123 922 2133 .
973 2123 984 2134 .
1036 2123 1046 2133 .
1093 2103 1183 2150 per
1228 2103 1306 2134 me
1357 2124 1367 2134 .
1413 2124 1423 2134 .
1471 2123 1482 2134 .
1531 2085 1615 2134 fibi
1655 2084 1763 2134 fieri
1802 2077 1964 2149 peciit*
2001 2121 2013 2132 .
2063 2121 2074 2132 .
2126 2121 2137 2132 .
2183 2083 2562 2133 instrumentum
2604 2113 2615 2123 ·

572 2177 699 2224 Acta
739 2177 938 2226 fuerunt
982 2177 1074 2226 hec
1115 2178 1246 2226 infra
1289 2178 1535 2242 quandam
1579 2178 1779 2225 domum
1823 2175 2157 2241 predi&arum
2202 2183 2447 2224 terrarum
2493 2175 2616 2224 hora

573 2269 763 2317 decima
806 2278 919 2317 ante
968 2270 1235 2318 merediem
1285 2307 1297 2319 .
1350 2307 1362 2318 .
1416 2307 1428 2319 .
1488 2269 1798 2335 presentibus
1847 2305 1859 2318 .
1912 2305 1923 2317 .
1978 2306 1989 2317 .
2045 2268 2271 2317 Waltero
2320 2267 2507 2334 Ogilvy
2554 2269 2614 2317 de

577 2359 785 2425 Campsy
846 2388 856 2397 ·
908 2361 1139 2410 Johanne
1198 2361 1447 2410 Wischart
1508 2362 1610 2409 filio
1667 2361 1913 2410 Johannis
1977 2359 2227 2410 Wischart
2285 2361 2346 2409 de
2403 2361 2545 2428 Logy
2603 2389 2613 2400 ·

577 2450 827 2499 willelmo
869 2451 1016 2516 Kyde
1053 2479 1063 2490 ·
1105 2452 1335 2501 Johanne
1379 2453 1439 2500 de
1482 2452 1632 2519 Haya
1672 2480 1682 2490 ·
1723 2453 1948 2502 Patricio
1991 2452 2175 2518 Young
2220 2480 2231 2492 ·
2277 2460 2327 2501 et
2365 2452 2616 2502 Willelmo

578 2541 851 2589 Benestoun
891 2571 901 2581 ·
941 2561 1050 2591 cum
1083 2544 1283 2592 diuersis
1319 2545 1427 2593 aliis
1477 2583 1488 2593 .
1542 2583 1554 2592 ,
1607 2583 1619 2594 .
1668 2546 1734 2595 Et
1765 2563 1857 2611 ego
1892 2545 2138 2595 Patricius
2175 2545 2425 2613 Nicholay
2475 2583 2486 2594 .
2539 2582 2550 2592 .
2604 2584 2614 2593 .

579 2633 797 2680 notarius
837 2670 846 2680 .
888 2670 898 2681 .
940 2671 950 2681 .
987 2634 1222 2697 premiflis
1260 2673 1271 2683 .
1310 2672 1322 2684 .
1362 2673 1372 2684 .
1409 2636 1612 2686 interfui
1651 2676 1663 2686 .
1702 2676 1713 2687 .
1753 2676 1764 2687 .
1801 2638 2093 2703 presensque
2121 2676 2131 2686 .
2161 2675 2172 2686 .
2201 2675 2211 2687 .
2237 2638 2615 2688 instrumentum

705 2760 716 2771 .
765 2725 941 2772 exinde
967 2726 1156 2773 confeci
1181 2725 1412 2791 fignoque
1439 2734 1487 2776 et
1511 2730 1710 2778 nomine
1734 2730 1855 2779 meis
1903 2769 1913 2779 .
1956 2769 1966 2779 .
2009 2769 2020 2779 .
2071 2728 2257 2795 fignaui
2296 2766 2308 2778 .
2347 2767 2358 2779 .
2399 2768 2410 2779 .
2449 2730 2616 2789 Quod-

581 2815 776 2878 quidem
802 2814 1175 2864 instrumentum
1214 2854 1225 2864 .
1265 2855 1275 2865 .
1316 2854 1327 2865 .
1363 2819 1566 2881 prefatis
1591 2820 1881 2870 Alexandro
1906 2827 1955 2869 et
1980 2820 2195 2869 Mariote
2232 2859 2241 2869 .
2285 2860 2294 2869 .
2332 2860 2342 2870 .
2375 2821 2615 2885 imperpe-

581 2916 716 2954 tuum
760 2907 1101 2954 confirmamus
1151 2906 1296 2955 saluis
1340 2909 1481 2957 nobis
1526 2947 1537 2957 .
1586 2947 1597 2958 .
1643 2948 1653 2959 .
1699 2911 1908 2960 seruicio
1955 2919 2003 2960 et
2055 2928 2219 2960 annuo
2265 2911 2463 2961 redditu
2501 2949 2512 2959 .
2551 2949 2563 2959 .
2602 2946 2612 2957 .

584 2998 823 3046 consuetis
861 3035 871 3045 .
909 3035 919 3046 .
958 3036 968 3045 .
1004 2998 1153 3062 Apud
1191 2998 1538 3048 monasterium
1576 3001 1796 3050 nostrum
1832 3040 1844 3051 .
1882 3040 1892 3051 .
1931 3039 1943 3051 .
1980 3002 2068 3052 xii⁰
2103 3003 2183 3052 dic
2218 3002 2393 3052 mensis
2428 3001 2615 3068 Aprilis

583 3106 712 3137 anno
738 3088 939 3137 Domini
962 3088 1214 3137 millefimo
1239 3090 1719 3155 quadringentesimo
1744 3093 2035 3159 sexagesimo
2056 3095 2209 3144 sext0.
