2762 3834
28 1080 122 1124 115

625 393 1056 444 REGISTRUM
1089 392 1188 443 DE
1224 389 1788 442 ABERBROTHOC.
2175 399 2240 449 99

170 530 267 578 hoc
293 568 302 578 .
338 566 349 576 .
390 567 401 577 .
427 528 807 578 instrumentum
834 545 985 577 manu
1010 545 1121 576 mea
1145 565 1156 575 .
1191 564 1202 575 .
1244 565 1254 574 .
1293 526 1627 591 conscriptum
1653 526 1789 591 figno
1815 533 1865 575 et
1891 523 2092 575 nomine
2117 527 2240 576 meis

173 659 183 669 .
228 659 238 669 .
280 661 289 670 .
323 621 512 687 fignaui
537 638 637 670 vna
661 638 774 670 cum
799 619 1097 686 appensione
1123 619 1268 685 figilli
1294 619 1411 668 diensi
1434 618 1608 667 balliui
1650 656 1661 667 .
1702 656 1712 666 .
1756 656 1767 667 .

174 869 350 942 Carta
374 893 517 942 vuius
542 910 710 943 marce
735 893 890 943 annui
913 893 1139 942 redditus
1162 891 1296 940 infra
1318 891 1531 957 burgum
1557 891 1618 939 de
1644 888 2035 940 Abbirbrothoc.

178 1054 441 1128 Omnibus
479 1117 489 1126 .
529 1116 539 1126 .
577 1117 585 1126 .
629 1077 923 1143 Nycholaus
948 1075 1173 1125 Vatsoun
1213 1073 1274 1121 de
1317 1071 1540 1121 Dalketh
1581 1071 1785 1120 salutem
1825 1111 1834 1120 .
1872 1110 1882 1120 .
1920 1111 1929 1121 .
1980 1071 2238 1121 Noueritis

175 1187 253 1218 me
303 1210 312 1219 .
367 1210 376 1219 .
432 1208 443 1218 .
498 1169 774 1218 conceffifl'e
815 1184 907 1232 pro
951 1167 1104 1216 salute
1142 1165 1305 1215 anime
1338 1181 1445 1213 mee
1487 1164 1872 1229 predicess'orum
1914 1164 2238 1213 successorum

176 1270 224 1309 et
273 1261 643 1310 benefacitorum
699 1299 708 1309 .
759 1296 769 1307 .
818 1299 828 1308 .
883 1277 941 1308 ac
992 1298 1002 1308 .
1051 1299 1060 1307 .
1110 1298 1120 1308 .
1176 1257 1394 1304 omnium
1443 1256 1665 1304 fidelium
1713 1257 2059 1305 defun&orum
2112 1295 2122 1305 .
2168 1295 2177 1305 .

174 1354 331 1403 Beato
375 1353 569 1401 Thome
611 1352 806 1400 martiri
850 1358 1062 1416 patrono
1096 1348 1384 1398 monasterii
1420 1349 1484 1396 de
1523 1348 1866 1397 Abirbrothoc
1898 1356 1948 1397 et
1982 1349 2238 1398 monachis

174 1446 387 1494 eiusdem
421 1484 431 1494 .
469 1484 478 1493 .
519 1483 528 1493 .
567 1461 787 1492 annuum
823 1444 1074 1492 redditum
1106 1441 1367 1491 tresdecim
1402 1441 1666 1489 solidorum
1695 1449 1744 1490 et
1769 1450 1981 1506 quatuor
2010 1443 2238 1491 denario-

174 1555 284 1585 rum
310 1536 489 1585 vsualis
514 1544 712 1584 monete
738 1536 883 1599 regni
912 1534 1086 1583 Scocie
1125 1573 1135 1583 .
1186 1573 1195 1582 .
1245 1573 1254 1582 .
1297 1534 1675 1598 percipiendum
1703 1534 1764 1582 de
1807 1573 1817 1582 .
1854 1572 1864 1582 .
1902 1573 1911 1583 .
1954 1542 2238 1583 tenemento

174 1629 377 1677 Andree
416 1628 684 1693 Dempster
724 1628 838 1675 olim
884 1627 1107 1692 predifito
1147 1626 1413 1692 Nycholao
1455 1627 1564 1675 iure
1605 1627 1913 1676 hereditario
1957 1629 2238 1693 pertinente

173 1723 368 1771 iacente
406 1721 459 1769 in
497 1722 657 1785 burgo
697 1720 758 1768 de
791 1719 1166 1768 Abbirbrothoc
1199 1758 1208 1767 .
1246 1758 1255 1767 .
1293 1758 1303 1768 .
1339 1719 1391 1767 in
1417 1719 1528 1767 vico
1555 1720 1639 1784 qui
1667 1727 1874 1768 vocatur
1900 1721 2140 1785 Apilgate
2179 1739 2239 1769 ex

173 1823 315 1880 parte
339 1814 518 1863 boriali
545 1814 761 1862 eiusdem
806 1852 815 1861 .
854 1853 864 1862 .
903 1851 913 1861 .
956 1813 1010 1860 in
1047 1829 1173 1860 cono
1204 1830 1360 1877 prope
1397 1813 1613 1878 plateam
1638 1813 1771 1862 inter
1796 1822 1982 1862 terram
2003 1813 2239 1862 Duncani

175 1908 381 1957 Buchan
409 1925 468 1956 ex
492 1915 634 1972 parte
659 1906 839 1955 boriali
865 1906 1083 1954 eiusdem
1109 1922 1166 1953 ex
1194 1912 1335 1970 parte
1362 1923 1460 1954 vna
1486 1914 1534 1954 et
1560 1914 1743 1954 terram
1770 1906 1979 1970 prediffi
2003 1905 2242 1955 Duncani

173 2002 419 2050 iacentem
445 2001 498 2049 in
524 2000 634 2049 vieo
689 2036 699 2048 .
749 2039 758 2047 .
809 2039 818 2048 .
869 1999 931 2047 de
970 1998 1017 2047 le
1055 1998 1326 2063 Appilgate
1369 2016 1429 2047 ex
1470 2005 1613 2063 parte
1655 1998 1953 2047 occidentali
1997 2016 2057 2047 ex
2099 2005 2241 2063 parte

176 2094 334 2143 altera
376 2134 385 2144 .
444 2133 452 2142 .
511 2133 520 2142 .
578 2092 876 2141 Tenendum
919 2131 928 2140 .
984 2131 992 2140 .
1049 2131 1058 2141 .
1101 2091 1155 2138 in
1192 2130 1201 2139 .
1245 2129 1254 2139 .
1299 2130 1308 2139 .
1346 2098 1636 2156 perpetuam
1675 2089 1978 2140 elimofinam
2021 2130 2030 2139 .
2069 2130 2078 2139 .
2117 2130 2125 2139 .
2180 2089 2241 2138 In

176 2187 314 2236 ouius
357 2186 431 2235 rei
474 2185 808 2235 testimonium
861 2184 1072 2250 figillum
1120 2201 1284 2232 meum
1325 2183 1636 2249 presentibus
1680 2183 1750 2232 est
1789 2184 2060 2248 appensum
2109 2183 2241 2247 apud

175 2279 527 2329 monasterium
554 2280 615 2327 de
642 2277 1015 2327 Abbirbrothoc
1042 2277 1304 2325 vndecimo
1330 2277 1411 2325 die
1436 2277 1612 2326 menfis
1638 2275 1852 2342 Augusti
1877 2293 2008 2324 anno
2035 2275 2242 2323 Domini

177 2372 431 2422 millesimo
491 2369 979 2437 quadringentesimo
1039 2370 1444 2436 quinquagefimo
1493 2373 1669 2418 oetauo
1717 2398 1727 2409 ·
1785 2368 1898 2427 Quo
1947 2367 2028 2417 die
2087 2406 2097 2416 .
2158 2406 2168 2416 .
2230 2406 2239 2415 .

179 2465 483 2514 Malcomum
521 2503 531 2514 .
570 2503 579 2513 .
619 2503 627 2512 .
666 2464 896 2512 abbatem
937 2501 948 2512 .
993 2501 1004 2512 .
1049 2502 1058 2512 .
1101 2462 1154 2511 in
1191 2502 1201 2512 .
1240 2502 1249 2512 .
1288 2502 1298 2512 .
1334 2461 1670 2528 poffeffionem
1713 2461 1922 2526 prediffl
1948 2460 2101 2509 annui
2130 2461 2241 2509 red·

179 2558 310 2607 ditus
333 2575 424 2622 per
449 2556 778 2606 tradicionem
805 2556 949 2605 vnius
985 2555 1179 2605 denarii
1216 2556 1391 2604 induxi
1439 2594 1448 2604 .
1499 2595 1509 2604 .
1559 2594 1568 2603 .
1618 2571 1784 2603 coram
1835 2592 1843 2602 .
1892 2592 1901 2601 .
1949 2590 1959 2600 .
2008 2552 2241 2601 Johanne

180 2649 386 2699 Paniter
410 2657 529 2698 tune
552 2649 671 2697 dieti
709 2649 855 2715 burgi
885 2648 1070 2697 balliuo
1106 2675 1117 2686 ·
1152 2647 1387 2697 Johanne
1411 2647 1613 2713 Wyntir
1649 2654 1699 2695 et
1729 2645 1765 2695 J
1769 2645 1963 2694 ohanne
1999 2643 2241 2710 Fermory

179 2740 463 2805 sergeandis
489 2767 499 2776 ·
524 2740 782 2790 Willelmo
803 2740 982 2789 Lowar
1018 2768 1029 2777 ·
1060 2740 1347 2790 Dunchano
1372 2739 1611 2789 Buchane
1637 2769 1647 2779 ·
1680 2747 1730 2789 et
1753 2736 1789 2787 J
1791 2737 1986 2787 ohanne
2011 2736 2202 2787 Sclatar
2229 2766 2238 2775 ·

181 2832 503 2897 burgenfibus
529 2832 648 2880 dieti
673 2833 820 2898 burgi
847 2864 857 2874 ·
885 2850 996 2882 cum
1020 2832 1187 2882 multis
1212 2833 1338 2882 aliis.
