2762 3834
398 2845 461 2897 δῖ

521 424 583 469 54
933 413 1395 483 ‚REGISTRUM
1430 412 1528 462 DE
1564 408 2132 461 ABERBROTHOC.

521 552 723 603 ecclesie
758 590 770 602 .
812 590 823 601 .
865 589 877 602 .
912 551 976 600 de
997 547 1333 600 Abirbrothoe
1369 583 1380 594 .
1420 582 1431 594 .
1473 581 1484 594 .
1521 550 1735 608 quatuor
1758 559 1901 592 acras
1925 543 2187 609 contiguas
2220 552 2353 595 terre
2378 544 2582 597 arabilis

519 646 571 695 in
609 646 741 695 (ὶίἃο
774 646 932 708 burgo
970 643 1189 692 iacentes
1227 639 1278 687 in
1319 637 1430 686 vico
1468 636 1555 700 qui
1592 636 1780 685 dicitur
1818 635 2089 702 Potargute
2124 653 2186 686 ex
2223 647 2367 703 part-e
2402 637 2582 687 boriali

519 738 735 789 eiusdem
775 737 874 785 vici
912 736 1045 785 inter
1082 741 1265 782 terram
1305 729 1500 778 'rhome
1538 727 1743 794 Leyche
1785 745 1846 777 ex
1885 737 2030 793 parte
2072 729 2306 779 orientali
2353 770 2365 781 .
2413 769 2424 779 .
2472 770 2483 780 .
2532 741 2583 779 et

519 840 702 880 terram
742 827 960 878 Gilberti
998 824 1230 874 Murdaci
1269 840 1331 872 ex
1367 830 1511 887 parte
1549 820 1851 870 occidentali
1897 859 1909 870 .
1957 859 1969 870 .
2016 859 2028 870 .
2077 819 2208 870 Item
2232 839 2379 871 vnum
2414 839 2582 871 acram

518 932 649 972 terre
690 919 891 970 arabilis
929 934 1040 967 cuni
1082 916 1252 965 manso
1292 916 1540 965 iacentem
1579 913 1634 963 in
1669 914 1814 963 distis
1851 914 2011 979 burgo
2049 923 2100 964 et
2138 915 2248 965 vieo
2291 914 2375 981 [ex
2411 915 2578 982 parte]

515 1013 691 1064 boriali
731 1012 847 1061 di82i
887 1011 985 1061 vici
1021 1011 1155 1059 inter
1192 1016 1379 1058 terram
1418 1006 1637 1058 Gilberti
1673 1006 1736 1055 de
1777 1006 2065 1056 Balmanow
2090 1025 2153 1057 ex
2175 1018 2319 1073 parte
2350 1008 2583 1058 orientali

559 1147 568 1156 .
602 1146 611 1156 .
644 1114 693 1155 et
718 1113 901 1154 terram
927 1102 1166 1152 Duneani
1184 1102 1248 1152 de
1270 1101 1431 1167 Spens
1455 1119 1515 1151 ex
1540 1107 1684 1165 parte
1710 1100 2013 1149 occidentali
2038 1139 2050 1150 .
2076 1139 2088 1149 .
2114 1139 2126 1150 .
2150 1099 2280 1151 Item
2306 1110 2408 1149 tres
2430 1101 2583 1166 perti·

515 1209 649 1248 catus
670 1196 930 1261 contiguas
955 1205 1087 1245 terre
1111 1194 1368 1244 edificatus
1392 1194 1615 1243 iacentes
1638 1193 1692 1242 in
1717 1193 1847 1242 disto
1871 1194 2033 1259 burgo
2056 1193 2111 1242 in
2138 1193 2249 1242 vieo
2274 1193 2361 1258 qui
2396 1194 2583 1243 dicitur

515 1288 826 1353 Mareatgate
862 1305 923 1337 ex
958 1296 1102 1353 parte
1134 1286 1338 1337 australi
1373 1286 1590 1337 eiusdem
1616 1287 1715 1337 vici
1739 1288 1873 1337 inter
1909 1297 2071 1338 terras
2095 1288 2316 1338 Galfridi
2345 1287 2485 1338 Crok
2522 1306 2583 1338 ex

512 1392 654 1448 parte
679 1381 979 1431 occidentali
1015 1420 1026 1431 .
1062 1419 1074 1430 .
1110 1417 1123 1430 .
1160 1387 1211 1430 et
1234 1388 1420 1430 terram
1443 1379 1480 1430 J
1482 1380 1693 1430 ohannis
1718 1381 1780 1429 de
1804 1380 2142 1447 Kylduneane
2167 1398 2229 1431 ex
2253 1391 2397 1447 parte
2422 1381 2586 1431 orien-

514 1474 599 1523 tnli
636 1514 647 1524 .
683 1513 694 1524 .
731 1514 742 1524 .
780 1472 1052 1523 Tenendas
1088 1512 1099 1522 .
1135 1511 1145 1522 .
1182 1510 1194 1522 .
1229 1472 1284 1522 in
1307 1488 1482 1537 puram
1515 1512 1526 1521 .
1560 1512 1571 1521 ,
1605 1511 1615 1521 .
1649 1472 1965 1522 elemofinam
2002 1489 2117 1523 cum
2143 1513 2154 1523 .
2181 1513 2191 1523 .
2217 1512 2228 1522 .
2252 1474 2582 1539 pertinenciis

563 1608 572 1617 .
610 1607 621 1618 .
657 1568 783 1618 adeo
807 1567 965 1617 libere
1000 1605 1013 1617 .
1050 1605 1061 1617 .
1097 1605 1109 1617 .
1143 1566 1266 1616 ficut
1288 1565 1459 1631 aliqua
1482 1573 1619 1615 terra
1651 1604 1662 1615 .
1697 1604 1708 1614 .
1741 1604 1752 1615 .
1790 1574 1992 1616 tenetur
2028 1606 2039 1617 .
2074 1606 2085 1616 .
2122 1606 2134 1617 .
2172 1567 2452 1617 Reddendo
2483 1604 2496 1617 .
2528 1603 2541 1614 .
2572 1606 2583 1615 .

514 1660 771 1711 annuatim
816 1660 878 1710 de
916 1659 1060 1709 distis
1097 1658 1321 1724 quinque
1365 1657 1496 1707 aeris
1533 1667 1668 1708 terre
1709 1675 1823 1707 eum
1862 1660 2031 1708 manso
2068 1660 2293 1725 predi8m
2335 1660 2584 1709 sexdecim

514 1754 747 1805 denarios
785 1753 983 1820 argenti
1021 1791 1032 1803 .
1069 1791 1081 1803 .
1119 1791 1130 1802 .
1167 1752 1277 1817 regi
1305 1768 1400 1817 pro
1435 1752 1580 1800 firma
1602 1751 1749 1815 burgi
1787 1779 1800 1791 ·
1839 1761 1890 1801 et
1913 1752 1977 1800 de
2001 1752 2163 1801 tribus
2186 1751 2448 1816 perticatis
2470 1763 2583 1817 pre*

514 1847 658 1897 ditiis
681 1856 816 1897 terre
840 1845 923 1896 sex
945 1845 1180 1895 denarios
1203 1844 1463 1894 annuatim
1490 1843 1732 1910 Magistro
1760 1844 1930 1895 Sanffi
1959 1844 2204 1895 Germani
2240 1872 2253 1884 ·
2292 1855 2343 1895 et
2366 1846 2585 1895 ducenta

514 1938 674 1989 alleca
712 1956 823 1988 cum
861 1938 1070 1988 dimidio
1109 1946 1317 2003 capture
1356 1936 1599 2003 hyemalis
1635 1937 1670 1986 J
1674 1938 1861 1986 ohanni
1898 1937 2196 2004 Monypeny
2227 1947 2279 1987 et
2315 1938 2583 1988 heredibus

514 2032 611 2081 suis
646 2070 657 2081 .
693 2070 706 2081 .
743 2070 754 2081 .
788 2048 881 2097 pro
902 2030 1132 2080 omnibus
1169 2069 1180 2081 .
1219 2069 1230 2080 .
1270 2069 1281 2081 .
1317 2030 1579 2079 demendis
1611 2071 1622 2081 .
1661 2068 1672 2080 .
1712 2072 1722 2080 .
1754 2031 1812 2080 In
1840 2032 1981 2081 cuius
2005 2032 2080 2082 rei
2105 2032 2439 2082 testimoninm
2465 2034 2585 2098 quia

515 2125 725 2191 tigillum
750 2142 914 2174 meum
938 2124 1104 2174 minus
1128 2125 1383 2190 cognitum
1409 2124 1482 2173 est
1507 2123 1719 2188 tigillum
1753 2163 1763 2173 .
1798 2163 1809 2173 .
1838 2163 1850 2174 .
1877 2123 2074 2174 Valteri
2100 2125 2164 2174 de
2190 2124 2366 2192 Ogilvi
2389 2126 2580 2175 domini

513 2217 866 2284 Lunthrethyn
902 2235 1119 2268 unacum
1153 2217 1311 2284 sigillo
1342 2236 1455 2269 meo
1490 2218 1698 2285 proprio
1722 2218 2034 2285 presentibus
2058 2220 2243 2285 apponi
2273 2220 2545 2285 procuraui
2571 2248 2583 2259 ·

516 2310 701 2360 Datum
726 2310 861 2375 apud
886 2309 1228 2359 Abirbrothoc.
1252 2311 1428 2373 quinto
1452 2312 1535 2362 die
1558 2312 1736 2361 meniis
1761 2311 2064 2362 Nouembris
2099 2330 2234 2362 anno
2270 2312 2479 2362 Domini
2513 2319 2583 2361 m·

515 2402 999 2469 quadringentefiino
1024 2408 1107 2452 xx⁰
1130 2402 1309 2469 prime.

518 2640 863 2714 Confirmatio
899 2703 909 2713 .
948 2704 957 2713 .
995 2704 1005 2714 .
1042 2666 1228 2716 vicarie
1257 2667 1342 2733 [de
1366 2667 1660 2736 Mouyfuth]
1687 2687 1779 2736 per
1804 2670 2083 2721 Henrieum
2108 2671 2409 2738 episcopum.

520 2822 797 2897 Uniuerfis
830 2884 841 2894 .
878 2884 889 2895 .
927 2884 937 2894 .
971 2846 1175 2895 ecclesie
1206 2847 1323 2896 filiis
1355 2887 1366 2897 .
1403 2887 1414 2897 .
1450 2887 1462 2898 .
1498 2849 1751 2901 IIenrieus
1783 2892 1794 2902 .
1831 2892 1843 2903 .
1879 2890 1892 2902 .
1924 2853 2180 2919 episcopus
2220 2853 2578 2905 Sauffiandree

517 2936 721 2986 salutem
764 2976 774 2986 .
824 2976 834 2986 .
882 2976 894 2987 .
931 2936 1115 2987 Vestra
1145 2940 1345 2989 nouerit
1368 2942 1659 2993 vniuerfitas
1682 2962 1774 2993 nus
1799 2947 2033 3011 quasdam
2069 2947 2263 2997 litteras
2301 2986 2313 2998 .
2356 2987 2368 2997 .
2409 2988 2420 2997 .
2463 2966 2579 2999 con-

517 3028 740 3078 ceflionis
782 3040 1024 3095 perpetue
1066 3030 1253 3080 vicarie
1294 3033 1497 3083 ecclesie
1539 3035 1602 3084 de
1644 3036 1917 3103 Monyfuth
1961 3040 2128 3089 nostre
2169 3040 2390 3106 dyocesis
2437 3079 2449 3090 .
2504 3081 2514 3089 .
2565 3081 2575 3090 .

516 3122 683 3173 nblmti
724 3161 737 3173 .
777 3161 789 3172 .
831 3161 844 3172 .
880 3123 943 3172 de
967 3123 1358 3189 Abbyrbrothoe
1399 3164 1411 3175 .
1453 3165 1464 3175 .
1505 3165 1518 3176 .
1560 3127 1852 3179 intellexisse
1883 3131 1935 3180 in
1962 3131 2057 3183 hee
2081 3133 2238 3183 uerba
2271 3162 2285 3174 ·
2320 3132 2579 3184 Vniuerfis

570 3254 580 3264 .
622 3254 634 3264 .
671 3214 874 3265 ecclesie
913 3214 1030 3263 filiis
1072 3255 1082 3264 .
1125 3254 1136 3264 .
1179 3255 1190 3265 .
1258 3216 1495 3267 'illelmus
1536 3258 1548 3268 .
1591 3258 1603 3269 .
1647 3258 1659 3270 .
1700 3222 1905 3272 ecclesie
1949 3223 2309 3276 Sanffitndree
2355 3226 2577 3275 minister
