2762 3834
415 918 507 961 135

561 422 655 466 118
1001 411 1428 467 REGISTRUM
1461 410 1559 461 DE
1595 407 2159 460 ABERBROTHOC.

559 620 911 693 confirmacio
935 641 1059 689 sedis
1083 637 1350 703 apostolice
1374 637 1518 700 super
1543 633 1760 684 ecclesiis
1785 634 1847 683 de
1871 634 2123 685 Panbride
2143 664 2154 676 ·
2174 633 2429 702 Monyeke
2446 663 2455 674 ·
2471 636 2612 686 Dun-

559 733 780 799 nychtyn
805 759 816 770 ·
841 740 888 781 et
913 731 1264 797 Kynkoldrum
1290 758 1300 768 ·
1327 727 1673 778 Brechinenfis
1699 727 1920 776 diocesis.

559 892 702 965 Pius
740 913 993 979 episcopus
1029 951 1040 961 .
1077 949 1089 960 .
1128 950 1138 960 .
1174 912 1238 961 ad
1274 916 1566 975 perpetuam
1604 909 1679 959 rei
1716 910 2006 960 memoriam
2034 948 2045 959 .
2084 949 2095 959 .
2133 949 2144 959 .
2179 911 2280 961 Pro
2304 920 2446 978 parte
2487 951 2498 962 .
2550 951 2562 962 .
2603 951 2613 962 .

560 1007 747 1057 abbatis
780 1042 791 1055 .
826 1043 837 1054 .
872 1043 883 1054 .
910 1007 971 1054 de
996 1003 1336 1054 Abirbrothoc
1376 1041 1386 1052 .
1428 1040 1438 1051 .
1480 1041 1490 1052 .
1525 1002 1669 1051 nobis
1693 1019 1854 1067 nuper
1878 1003 2100 1053 exhibita
2118 1004 2304 1069 peticio
2329 1006 2616 1055 continebat

559 1100 690 1164 quod
726 1115 836 1147 cum
872 1136 882 1146 .
920 1135 931 1146 .
967 1136 978 1146 .
1004 1098 1137 1146 inter
1165 1133 1175 1146 .
1202 1133 1214 1145 .
1245 1134 1255 1145 .
1282 1095 1536 1160 episcopos
1575 1133 1586 1144 .
1624 1133 1635 1144 .
1677 1132 1687 1144 .
1726 1103 1776 1144 et
1810 1133 1821 1144 .
1866 1132 1878 1144 .
1918 1132 1930 1145 .
1973 1096 2245 1162 capitulum
2282 1097 2615 1148 Brechinense

670 1229 682 1241 .
725 1209 784 1240 ac
826 1191 1049 1240 abbatem
1090 1227 1101 1239 .
1140 1227 1152 1238 .
1191 1226 1202 1238 .
1239 1188 1526 1237 monasterii
1572 1186 1852 1235 huiusmodi
1886 1224 1897 1236 .
1937 1224 1949 1237 .
1988 1225 1999 1237 .
2037 1188 2184 1254 super
2226 1190 2288 1238 de
2326 1190 2579 1240 Panbride
2605 1219 2615 1228 ·

557 1283 790 1333 Moniche
817 1312 826 1321 ·
854 1282 1173 1348 Dunnechyn
1198 1310 1208 1320 ·
1235 1281 1585 1348 Kyncoldrum
1612 1310 1622 1320 ·
1651 1279 1876 1329 Caterlin
1903 1307 1914 1319 ·
1941 1287 1990 1329 et
2034 1280 2355 1331 Marrintoun
2397 1283 2615 1332 ecclesiis

556 1376 773 1440 predi8cc
798 1374 1003 1424 diocesis
1037 1413 1047 1423 .
1084 1412 1095 1423 .
1130 1412 1141 1423 .
1178 1374 1290 1424 lites
1331 1411 1343 1422 .
1385 1411 1396 1422 .
1437 1411 1448 1422 .
1489 1371 1683 1422 fuissent
1707 1380 1878 1422 exorte
1903 1380 1952 1422 et
1975 1373 2126 1439 longo
2152 1382 2375 1440 tempore
2415 1412 2426 1424 .
2466 1413 2477 1424 .
2518 1413 2529 1424 .
2562 1376 2616 1424 in

557 1470 783 1518 Romana
806 1468 945 1517 curia
969 1467 1151 1533 agitate
1176 1466 1379 1516 tandem
1402 1473 1571 1531 partes
1609 1502 1620 1514 .
1660 1502 1671 1514 .
1713 1502 1724 1513 .
1762 1464 1984 1515 inierunt
2025 1503 2036 1514 .
2076 1503 2087 1515 .
2128 1503 2140 1515 .
2178 1467 2497 1516 concordiam
2524 1506 2535 1517 .
2562 1506 2573 1517 .
2605 1506 2617 1516 .

560 1561 727 1620 Quare
751 1578 842 1626 pro
865 1568 1006 1625 parte
1046 1597 1056 1609 .
1096 1598 1107 1608 .
1148 1597 1159 1608 .
1197 1559 1389 1609 abbatis
1426 1567 1476 1608 et
1512 1565 1787 1608 conuentus
1824 1557 2147 1608 afferencium
2185 1559 2319 1623 quod
2349 1560 2618 1609 concordia

556 1653 660 1718 ipsa
682 1652 790 1717 post
814 1652 1059 1716 quandam
1085 1651 1540 1700 arbitramentalem
1563 1650 1863 1700 sentenciam
1888 1668 1979 1716 per
2014 1689 2024 1699 .
2055 1688 2066 1699 .
2100 1688 2112 1700 .
2141 1650 2475 1700 Guillermum
2496 1653 2617 1717 epis-

560 1762 735 1809 copum
761 1743 1111 1794 Sanctiandree
1134 1744 1263 1793 inter
1302 1782 1312 1792 .
1352 1782 1363 1792 .
1404 1781 1416 1792 .
1453 1751 1620 1809 partes
1644 1745 1796 1794 latam
1822 1753 1871 1794 et
1894 1763 1984 1810 per
2006 1762 2089 1794 eas
2115 1745 2444 1810 emologatam
2470 1763 2616 1810 quam

559 1854 649 1885 nos
672 1837 819 1886 hodie
857 1854 945 1902 per
971 1837 1090 1886 alias
1126 1835 1315 1885 nostras
1349 1837 1544 1887 litteras
1582 1838 1983 1887 confirmauimus
2018 1854 2109 1903 per
2146 1845 2346 1887 centum
2382 1855 2537 1886 annos
2570 1846 2619 1886 et

561 1929 692 1978 ultra
717 1928 876 1977 extitit
911 1928 1267 1978 inuiolabiliter
1293 1930 1555 1981 obseruata
1588 1932 1732 1980 nobis
1757 1931 1851 1980 fuit
1888 1970 1896 1980 .
1930 1970 1940 1980 .
1978 1970 1988 1980 .
2025 1931 2353 1996 supplicatum
2379 1938 2433 1980 ut
2458 1931 2619 1980 eidem

562 2022 827 2071 concordie
868 2059 877 2070 .
922 2061 930 2069 .
975 2061 983 2070 .
1020 2022 1172 2070 robur
1198 2022 1468 2087 apostolice
1495 2024 1892 2073 confirmacionis
1928 2023 2146 2073 adiicere
2183 2023 2401 2088 aliasque
2431 2023 2483 2071 in
2508 2041 2618 2088 pre-

561 2113 707 2162 miffis
733 2153 741 2162 .
769 2153 778 2162 .
804 2152 814 2162 .
839 2114 1103 2178 prouidere
1141 2153 1150 2163 .
1188 2154 1197 2163 .
1232 2154 1241 2163 .
1275 2115 1597 2180 dignaremur
1622 2145 1631 2155 ·
1658 2117 1766 2166 Nos
1790 2117 1945 2183 igitur
1970 2155 1980 2165 .
2007 2155 2017 2166 .
2044 2155 2054 2166 .
2076 2116 2357 2166 huiusmodi
2381 2116 2622 2181 supplica-

562 2206 777 2254 tionibus
801 2205 1029 2254 inclinati
1067 2207 1386 2256 concordiam
1411 2246 1420 2256 .
1448 2247 1457 2257 .
1485 2247 1494 2257 .
1522 2210 1873 2258 confirmamus
1899 2248 1909 2258 .
1937 2248 1946 2258 .
1974 2248 1984 2258 .
2013 2208 2185 2258 Tenor
2211 2225 2329 2257 vero
2362 2208 2620 2258 literarum

564 2337 572 2346 .
598 2337 608 2347 .
636 2338 644 2346 .
671 2298 783 2346 talis
808 2297 877 2346 est
901 2327 911 2337 ·
940 2298 1185 2348 Omnibus
1214 2299 1397 2349 Christi
1423 2301 1651 2350 fidelibus
1690 2302 1754 2351 ad
1792 2318 2005 2366 quorum
2025 2300 2276 2365 *noticiam
2300 2300 2395 2350 hoc
2421 2300 2620 2365 presens

563 2390 797 2455 scriptum
821 2386 1107 2455 peruenerit
1133 2391 1349 2441 Albinus
1374 2393 1546 2442 diuina
1579 2392 1892 2458 permistione
1919 2393 2265 2442 Brechinenfis
2291 2391 2545 2457 episcopus
2571 2400 2620 2439 et

567 2482 852 2530 VVillermus
878 2483 1093 2531 decanus
1128 2501 1323 2533 necnon
1358 2493 1406 2534 et
1432 2485 1704 2551 capitulum
1740 2484 1958 2534 eiusdem
1993 2484 2091 2533 loci
2128 2483 2332 2532 salutem
2370 2522 2380 2532 .
2418 2522 2427 2532 .
2467 2519 2479 2531 .
2520 2482 2620 2531 No-

569 2573 697 2621 uerit
718 2574 1005 2623 vniuerfitas
1029 2575 1189 2624 vestra
1227 2578 1360 2640 quod
1388 2595 1498 2627 cum
1537 2586 1647 2627 orta
1688 2577 1804 2626 esset
1840 2576 2103 2626 contencio
2146 2575 2262 2641 [etc.
2290 2583 2344 2624 ut
2367 2575 2420 2623 in
2446 2574 2562 2623 Vol.
2590 2575 2620 2623 i.

569 2664 667 2712 No.
694 2664 814 2730 243]
855 2703 864 2713 .
900 2702 910 2712 .
945 2703 955 2714 .
992 2666 1100 2730 Ego
1125 2667 1337 2717 Albinus
1374 2670 1631 2736 episcopus
1668 2670 2015 2719 Brechinenfis
2051 2668 2298 2718 subscribo
2324 2698 2334 2708 -
2362 2667 2470 2734 Ego
2496 2667 2621 2717 Wil-

570 2757 751 2804 lermus
793 2757 1008 2805 decanus
1046 2759 1293 2808 subscribo
1332 2790 1342 2800 ·
1382 2762 1492 2829 Ego
1531 2764 1697 2812 Adam
1746 2762 2128 2812 archidiaconus
2169 2761 2420 2811 subscribo
2461 2790 2471 2800 ·
2511 2761 2621 2826 Ego

572 2846 790 2895 Thomas
813 2848 1067 2912 presentor
1090 2849 1333 2900 subscribo
1359 2881 1369 2892 ·
1396 2853 1505 2919 Ego
1530 2855 1779 2905 Robertus
1815 2854 2150 2905 thesaurarius
2182 2853 2430 2902 subscribo
2463 2882 2473 2892 ·
2512 2852 2621 2919 Ego

570 2938 876 3003 Reginaldus
915 2941 1180 2989 canonicus
1217 2942 1463 2993 subscribo
1500 2975 1510 2984 ·
1546 2946 1657 3012 Ego
1696 2940 1984 2996 Edeualdus
2027 2946 2296 2996 canonicus
2336 2945 2583 2995 subscribo
2609 2975 2620 2984 ·

570 3031 679 3095 Ego
708 3030 956 3079 Walterus
989 3032 1234 3082 subscribo
1261 3073 1269 3082 .
1297 3074 1305 3083 .
1335 3072 1345 3083 .
1372 3034 1560 3085 Datum
1587 3038 1776 3089 Tibure
1813 3057 1946 3089 anno
1980 3039 2350 3088 incarnacionis
2375 3038 2622 3087 dominice

571 3131 638 3174 m⁰
676 3130 811 3173 cccc⁰
846 3124 915 3172 lx⁰
952 3126 1147 3190 primo·
1190 3127 1323 3177 sexto
1363 3129 1601 3180 kalendas
1646 3130 1879 3181 O8wbris
1904 3159 1914 3169 ·
1939 3133 2256 3198 pontificatus
2294 3131 2449 3181 nostri
2490 3147 2620 3180 anno

573 3224 763 3282 quarto,
