2762 3834
435 812 530 861 492

586 324 683 374 390
1028 316 1450 368 REGISTRUM
1484 315 1582 363 DE
1620 313 2175 364 ABERBROTHOC.

586 523 868 593 Ass'edacio
910 540 1142 606 Kyrkton
1185 539 1246 586 de
1289 537 1493 585 Balfour
1532 535 1739 586 Oliuero
1779 537 1977 603 Ogilwy
2014 565 2024 576 ·
2070 536 2228 586 Felici
2264 536 2487 587 Fentone
2524 568 2533 577 ·
2572 548 2620 587 et

583 633 617 681 J
620 634 773 681 aoobo
800 631 996 696 Ogilwy
1018 630 1119 678 filio
1145 629 1429 677 eorundem.

586 853 595 862 .
636 853 645 862 .
688 851 698 862 .
734 814 908 863 Pateat
951 849 962 859 .
1003 849 1013 859 .
1054 849 1064 859 .
1107 828 1197 859 nos
1236 810 1512 874 Georgium
1550 846 1560 857 .
1601 845 1612 855 .
1651 845 1662 855 .
1701 808 1927 857 abbatem
1972 845 1983 856 .
2029 845 2039 856 .
2080 845 2091 857 .
2138 810 2199 857 de
2235 810 2458 858 Arbroth
2506 848 2515 857 .
2558 850 2566 859 .
2612 851 2620 858 .

581 922 669 968 pro
694 904 903 968 quadam
929 904 1115 951 summa
1138 901 1346 966 pecunie
1383 899 1524 949 nobis
1561 907 1783 964 tempore
1819 899 2140 949 confeEtionis
2170 901 2478 965 presencium
2516 941 2524 949 .
2564 940 2574 950 .
2610 940 2620 949 .

580 995 824 1059 persoluta
862 993 1085 1043 affedass'e
1135 1030 1145 1040 .
1190 1032 1199 1041 .
1246 1030 1256 1039 .
1305 991 1513 1041 Oliuero
1558 990 1772 1057 Ogylwy
1810 1019 1819 1028 ·
1855 991 2012 1040 Felici
2058 991 2283 1041 Fentone
2330 994 2496 1057 sponse
2542 994 2623 1043 sue

580 1090 812 1136 moderne
849 1116 859 1126 -
897 1096 945 1136 et
968 1086 1002 1135 J
1007 1086 1160 1134 acobo
1188 1084 1386 1151 Ogilwy
1410 1084 1513 1132 filio
1538 1084 1780 1132 diei-„orum
1819 1122 1828 1131 .
1869 1121 1880 1131 .
1920 1120 1931 1131 .
1976 1091 2132 1132 terras
2156 1084 2346 1132 nostras
2371 1086 2432 1133 de
2458 1085 2622 1151 Kyrk·

580 1191 661 1226 ton
689 1180 750 1226 de
784 1178 989 1226 Balfour
1014 1194 1225 1226 vnacum
1259 1175 1545 1225 molendino
1581 1176 1642 1223 de
1678 1174 1914 1240 Kyrkton
1951 1192 2062 1224 cum
2099 1176 2305 1225 decimis
2339 1176 2621 1241 garbalibus

581 1289 635 1318 ac
662 1271 797 1318 iustis
820 1269 1142 1334 pertinenciis
1167 1269 1378 1317 eiusdem
1405 1268 1676 1316 molendini
1713 1268 1928 1317 iacentes
1964 1268 2094 1317 infra
2118 1269 2374 1318 baroniam
2406 1270 2621 1318 nostram

579 1364 638 1411 de
664 1361 1007 1426 Kyncoldrum
1044 1360 1220 1424 quibus
1256 1361 1357 1424 ipse
1385 1359 1621 1409 Oliuerus
1657 1360 1959 1424 temporibus
1994 1361 2252 1410 retroactis
2287 1362 2536 1425 gaudebat
2571 1371 2620 1410 et

579 1454 811 1517 precipue
831 1462 1051 1518 tempore
1070 1452 1389 1501 confefflonis
1413 1451 1720 1516 presencium
1739 1469 1830 1516 pro
1853 1460 1956 1501 toto
1981 1461 2202 1517 tempore
2228 1453 2328 1502 vite
2353 1455 2620 1504 eorundem

574 1581 589 1595 .
625 1584 634 1593 .
670 1584 679 1595 .
717 1555 937 1610 tempore
963 1562 1079 1594 vero
1104 1545 1337 1593 introitus
1378 1582 1389 1592 .
1432 1581 1443 1593 .
1485 1582 1495 1592 .
1538 1544 1809 1610 incipiente
1834 1545 1897 1594 ad
1922 1545 2094 1594 festum
2121 1545 2467 1595 Penthecostes
2491 1547 2621 1596 diem

579 1639 690 1686 date
736 1637 1042 1701 presencium
1088 1636 1372 1685 immediate
1420 1636 1626 1700 sequens
1669 1674 1679 1683 .
1721 1674 1732 1684 .
1772 1676 1782 1686 .
1828 1635 2080 1686 Soluendo
2121 1675 2131 1685 .
2173 1675 2183 1685 .
2226 1676 2235 1685 .
2295 1639 2622 1704 quadraginta

579 1739 788 1792 quatuor
811 1728 963 1777 libras
1001 1765 1012 1776 .
1054 1765 1065 1776 .
1105 1765 1116 1775 .
1152 1734 1345 1776 monete
1383 1764 1393 1775 .
1432 1766 1441 1775 .
1480 1765 1491 1775 .
1527 1726 1700 1777 Scocie
1726 1728 1789 1777 ad
1824 1766 1833 1777 .
1872 1767 1881 1776 .
1920 1765 1931 1776 .
1967 1727 2089 1777 festa
2125 1766 2136 1776 .
2173 1766 2184 1776 .
2222 1765 2234 1776 .
2275 1729 2621 1779 Penthecostes

581 1831 628 1868 et
656 1819 821 1870 Sancti
846 1819 1054 1868 Martini
1089 1856 1100 1867 .
1144 1857 1155 1867 .
1199 1856 1210 1867 .
1249 1819 1380 1868 infra
1403 1819 1580 1884 viginti
1615 1819 1721 1868 dies
1755 1821 1863 1884 post
1898 1820 2167 1884 quemlibet
2202 1822 2467 1869 terminum
2506 1859 2516 1869 .
2557 1859 2567 1869 .
2608 1859 2619 1870 .

581 1929 690 1961 cum
726 1920 950 1976 rynmart
987 1911 1188 1976 weddyr
1224 1911 1493 1976 caponibus
1518 1928 1577 1960 ac
1602 1911 1827 1960 omnibus
1849 1911 2211 1974 husbandorum
2239 1913 2468 1961 oneribus
2506 1951 2517 1961 .
2557 1950 2567 1961 .
2607 1950 2618 1961 .

580 2004 815 2051 Preterea
851 2002 968 2050 ‹liffi
1010 2039 1020 2050 .
1061 2041 1070 2050 .
1115 2039 1126 2049 .
1174 2002 1505 2066 prouidebunt
1539 2020 1630 2067 pro
1673 2004 1965 2067 reeepcione
2007 2003 2195 2052 domini
2231 2004 2420 2053 abbatis
2456 2013 2505 2053 et
2538 2006 2618 2054 sue

579 2095 762 2144 familie
806 2094 1041 2159 quociens
1083 2094 1349 2159 contigerit
1390 2095 1546 2159 ipsum
1588 2133 1597 2142 .
1640 2133 1650 2142 .
1691 2134 1699 2142 .
1743 2095 1926 2144 dietum
1967 2095 2237 2144 dominium
2276 2133 2287 2144 .
2327 2133 2337 2144 .
2377 2134 2388 2144 .
2426 2095 2619 2146 vifitare

580 2188 630 2234 in
657 2187 770 2235 aula
798 2203 994 2235 camera
1029 2186 1242 2250 coquina
1276 2185 1477 2235 stabulis
1513 2205 1570 2236 ac
1607 2188 1714 2236 aliis
1750 2187 2026 2237 neceflariis
2063 2228 2073 2237 .
2113 2228 2122 2237 .
2163 2228 2172 2237 .
2210 2190 2619 2253 quemadmodum

582 2277 799 2326 Thomas
826 2277 1023 2343 Ogilwy
1061 2295 1171 2326 cum
1210 2278 1486 2327 huiusmodi
1525 2279 1670 2327 terris
1707 2280 1956 2344 gaudebat
1987 2309 1998 2319 ·
2038 2279 2148 2329 Nec
2186 2280 2354 2329 licebit
2388 2281 2617 2345 prediffis

582 2409 590 2417 .
633 2410 640 2418 .
684 2410 693 2418 .
727 2380 884 2419 terras
909 2378 957 2419 et
978 2371 1314 2420 molendinum
1352 2389 1463 2420 cum
1499 2371 1702 2421 decimis
1737 2410 1747 2421 .
1785 2410 1794 2420 .
1833 2411 1842 2420 .
1876 2371 2021 2420 alteri
2045 2371 2261 2421 afl'edare
2287 2373 2506 2421 cottariis
2540 2389 2617 2421 ex·

583 2462 736 2525 ceptis
760 2460 859 2510 fine
883 2462 1049 2510 nostra
1070 2462 1283 2511 licencia
1312 2501 1322 2511 .
1357 2503 1366 2512 .
1401 2502 1411 2511 .
1446 2463 1510 2512 Et
1531 2464 1564 2511 fi
1596 2504 1605 2512 .
1639 2503 1648 2512 .
1682 2503 1691 2511 .
1729 2463 1915 2512 fuerint
1963 2502 1973 2512 .
2016 2501 2026 2513 .
2069 2502 2079 2512 .
2124 2464 2252 2512 male
2286 2464 2616 2528 persoluentes

640 2591 649 2600 .
693 2592 701 2600 .
745 2561 829 2601 aut
851 2552 1067 2602 iniuriofi
1104 2553 1270 2603 licebit
1300 2555 1441 2603 nobis
1477 2591 1488 2603 .
1525 2593 1535 2602 .
1574 2592 1584 2603 .
1623 2555 1684 2603 de
1720 2593 1730 2603 .
1770 2593 1780 2603 .
1815 2591 1826 2602 .
1864 2555 2010 2604 terris
2035 2555 2319 2604 molendino
2343 2564 2391 2605 et
2416 2556 2616 2604 decimis

585 2683 593 2691 .
637 2681 646 2691 .
691 2679 701 2688 .
740 2642 997 2706 disponere
1038 2681 1048 2691 .
1091 2680 1102 2692 .
1145 2681 1156 2691 .
1202 2643 1427 2709 Sigillum
1468 2682 1478 2693 .
1517 2682 1527 2692 .
1566 2683 1577 2694 .
1621 2647 1824 2710 capituli
1863 2685 1872 2696 .
1916 2686 1925 2696 .
1965 2686 1975 2696 .
2019 2648 2323 2710 presentibus
2347 2646 2416 2696 est
2439 2664 2616 2712 appen-

585 2737 686 2782 sum
711 2734 810 2781 xvi⁰
834 2733 1013 2783 Marcii
1038 2752 1167 2784 anno
1192 2735 1398 2784 Domini
1422 2743 1489 2784 m⁰
1513 2737 1904 2803 quingentesimo
1928 2757 2073 2789 nono,
