2762 3834
642 374 1070 426 REGISTRUM
1102 375 1200 425 DE
1235 376 1785 433 ABERBROTHOC.
2130 387 2226 437 363

196 551 206 560 .
254 550 263 560 .
306 550 316 559 .
363 527 455 576 pro
480 509 622 558 firma
657 517 706 559 et
741 509 947 558 decimis
991 546 1003 558 .
1047 548 1057 557 .
1102 547 1113 558 .
1156 510 1217 559 de
1241 510 1562 562 Auchinhufe
1599 515 1707 563 vili
1742 515 1830 564 xiii
1864 534 1886 565 s
1919 517 1992 565 iiii
2026 519 2059 567 d
2104 558 2113 568 .
2158 559 2167 568 .
2215 557 2225 566 .

194 611 390 653 monete
431 642 441 653 .
485 641 495 652 .
538 641 550 653 .
593 601 768 652 Scocie
793 602 857 651 ad
879 602 1004 650 festa
1050 640 1061 651 .
1104 641 1114 651 .
1157 641 1167 651 .
1215 601 1566 655 Penthecostes
1601 613 1650 655 et
1687 606 1853 657 Sancti
1876 608 2084 659 Martini
2123 648 2134 660 .
2171 650 2180 660 .
2214 650 2226 660 .

194 704 243 746 et
264 713 355 761 pro
378 694 580 744 decimis
605 692 808 743 ecclefie
833 694 998 768 nostre
1034 694 1095 742 de
1126 693 1438 762 Bothhelnye
1475 734 1486 746 .
1523 737 1533 746 .
1575 737 1585 747 .
1623 699 1674 747 xl
1704 699 1740 748 li
1776 700 1903 750 dicte
1937 710 2131 752 monete
2166 706 2227 753 ad

195 827 207 838 .
240 825 252 837 .
284 825 296 837 .
329 787 452 836 festa
478 826 487 835 .
524 824 536 835 .
570 822 582 835 .
615 785 802 836 Pasche
828 792 878 834 et
903 784 1072 835 Sanssti
1095 785 1234 836 Petri
1256 788 1320 836 ad
1344 788 1541 838 vincula
1570 818 1581 828 ·
1614 798 1663 839 et
1686 807 1776 855 pro
1800 792 2003 842 decimis
2024 796 2227 844 baronie

192 881 253 930 de
292 879 509 930 Scheves
552 896 618 927 xx
655 878 693 926 li
725 878 789 927 ad
824 877 980 927 dictos
1015 878 1252 927 terminos
1293 910 1303 920 ·
1346 879 1426 929 De
1467 883 1762 947 quaquidem
1797 885 1981 935 summa
2015 886 2226 937 fatemur

187 991 280 1024 ,nos
309 990 401 1039 pro
436 971 787 1038 redempcione
823 988 954 1020 noue
994 971 1286 1036 prouifionis
1322 972 1487 1022 nostre
1527 976 1588 1025 de
1628 976 1766 1025 curia
1798 977 2021 1028 Romana
2051 988 2100 1030 et
2133 997 2225 1046 pro

190 1067 384 1117 subfidii
419 1066 575 1115 nostri
609 1065 858 1114 solucione
894 1059 1264 1129 archiepiscopo
1302 1063 1651 1116 Sanfflandree
1674 1068 1740 1117 vi⁰
1763 1069 1799 1117 li
1822 1070 1997 1119 vsualis
2030 1080 2225 1122 monete

191 1159 362 1210 Scocie
396 1177 487 1225 pre
521 1158 748 1207 manibus
785 1155 1020 1222 recepisse
1060 1157 1114 1205 in
1149 1156 1345 1222 plenam
1381 1157 1675 1208 solucionem
1709 1178 1887 1210 nouem
1922 1171 2162 1212 annorum
2197 1182 2227 1213 a

191 1252 402 1302 termino
425 1251 660 1301 introitus
682 1249 831 1315 ipfius
856 1249 970 1298 Ade
996 1256 1045 1298 et
1066 1249 1264 1298 suorum
1285 1249 1631 1314 affignatorum
1657 1259 1705 1301 et
1727 1253 2094 1304 subtenencium
2126 1294 2137 1305 .
2169 1294 2178 1304 .
2212 1296 2222 1306 .

191 1344 253 1394 In
287 1344 428 1393 cuius
462 1343 538 1392 rei
571 1341 905 1392 testimonium
942 1340 1154 1406 sigillum
1190 1356 1447 1391 commune
1484 1344 1684 1408 capituli
1721 1383 1729 1392 .
1767 1384 1776 1393 .
1813 1384 1823 1395 .
1859 1346 1930 1395 est
1963 1348 2221 1413 appensum

190 1437 350 1503 primo
376 1435 456 1485 dic
479 1432 657 1484 menfis
681 1432 804 1499 May
829 1450 961 1482 anno
985 1431 1193 1481 Domini
1216 1440 1283 1482 m⁰
1307 1433 1541 1499 quingen⁰
1563 1434 1712 1486 sexto,

193 1693 437 1780 Grangie
473 1714 535 1762 de
573 1713 816 1763 Connane
852 1713 1026 1760 οἃ6116
1059 1728 1175 1776 pars
1211 1709 1450 1760 affedatur
1487 1711 1678 1762 Thome
1705 1712 1946 1771 Quhitson
1977 1722 2025 1764 et
2054 1715 2226 1765 Ellene

191 1807 359 1874 sponse
385 1807 482 1855 sue.
1999 1805 2001 1807 ·

195 2026 207 2038 .
237 2027 246 2036 .
287 2026 297 2035 .
337 1988 515 2043 Pateat
550 2025 558 2035 .
589 2025 598 2034 .
633 2023 642 2032 .
678 2003 770 2034 nos
797 1984 1073 2050 Georgium
1109 2022 1118 2031 .
1154 2022 1163 2031 .
1204 2024 1212 2032 .
1250 1986 1475 2034 abbatem
1513 2022 1523 2033 .
1563 2022 1575 2033 .
1618 2024 1626 2033 .
1661 1987 1722 2035 de
1746 1987 2081 2038 Abirbrothoc
2115 2027 2126 2039 .
2166 2029 2176 2038 .
2216 2029 2226 2039 .

198 2080 421 2130 affedass'e
469 2119 479 2129 .
526 2118 538 2127 .
587 2119 597 2128 .
647 2078 841 2127 Thome
883 2077 1128 2136 Quhitson
1168 2085 1217 2126 et
1256 2077 1432 2126 Ellene
1479 2078 1646 2142 sponse
1694 2079 1773 2127 sue
1814 2081 2047 2130 moderne
2097 2120 2108 2131 .
2156 2123 2165 2132 .
2214 2123 2223 2132 .

197 2177 418 2223 octauam
441 2179 634 2238 partem
660 2171 776 2221 ville
801 2170 967 2219 nostre
992 2170 1213 2234 Grangie
1239 2170 1300 2218 de
1328 2169 1566 2219 Connane
1592 2187 1701 2218 cum
1726 2171 1927 2220 decimis
1949 2175 2227 2238 garbalibus

334 2305 346 2316 .
399 2265 755 2330 quamquidem
800 2272 993 2329 partem
1040 2262 1320 2312 Willelmus
1367 2261 1497 2309 Irnis
1544 2263 1785 2326 ocupabat
1830 2269 2049 2328 tempore
2099 2265 2181 2314 suo
2217 2294 2226 2303 ·

196 2357 444 2407 Soluendo
481 2394 492 2406 .
529 2394 541 2405 .
580 2393 592 2405 .
628 2373 693 2405 xx
729 2373 752 2404 s
793 2393 805 2404 .
848 2393 859 2404 .
898 2393 909 2404 .
953 2362 1150 2404 monete
1191 2392 1200 2401 .
1240 2392 1250 2402 .
1289 2391 1301 2401 .
1343 2352 1515 2403 Scocie
1541 2354 1603 2401 ad
1644 2390 1655 2401 .
1694 2392 1704 2402 .
1747 2389 1759 2401 .
1794 2354 1915 2403 festa
1951 2392 1961 2403 .
2001 2391 2012 2402 .
2053 2394 2063 2405 .
2103 2356 2225 2406 Pen-

195 2451 436 2502 thecostes
460 2457 509 2500 et
537 2449 702 2500 Sancti
728 2447 938 2498 Martini
976 2485 985 2496 .
1024 2486 1034 2496 .
1071 2486 1081 2497 .
1118 2454 1167 2496 et
1192 2449 1298 2495 octo
1321 2445 1476 2493 bollas
1499 2445 1636 2493 ordei
1659 2462 1833 2494 nouem
1859 2446 2011 2495 bollas
2036 2454 2084 2496 et
2106 2449 2226 2498 duas

194 2543 380 2592 firlotas
404 2542 591 2592 farrine
616 2558 727 2590 cum
756 2540 962 2589 dimidio
998 2539 1129 2588 bolle
1165 2539 1273 2587 albe
1308 2539 1466 2587 farine
1500 2539 1721 2587 mensure
1757 2538 1852 2586 fori
1890 2541 2130 2589 currentis
2165 2543 2227 2590 ad

197 2634 432 2685 terminos
467 2671 480 2683 .
522 2673 533 2683 .
566 2670 577 2683 .
615 2633 872 2682 consuetos
897 2648 1108 2680 vnacum
1132 2639 1357 2696 rynmart
1380 2631 1551 2680 wethir
1576 2638 1624 2679 et
1649 2631 1871 2679 omnibus
1895 2631 2002 2680 aliis
2026 2632 2227 2683 huiban·

197 2729 373 2778 dorum
411 2727 643 2777 oneribus
683 2764 695 2775 .
732 2762 745 2774 .
782 2763 792 2774 .
830 2725 896 2774 Et
931 2725 968 2773 fi
1004 2725 1259 2789 contingat
1296 2723 1542 2788 predictos
1580 2762 1589 2772 .
1630 2762 1639 2771 .
1682 2760 1693 2771 .
1740 2723 1866 2771 male
1900 2724 2226 2787 persoluentes

198 2859 208 2869 .
250 2859 261 2870 .
300 2860 310 2871 .
344 2821 451 2870 fore
476 2820 557 2870 vel
579 2819 840 2869 iniuriosos
875 2856 885 2867 .
923 2857 934 2867 .
958 2856 982 2867 >.
1025 2818 1193 2866 licebit
1213 2816 1354 2865 nobis
1390 2853 1401 2864 .
1439 2852 1450 2863 .
1486 2854 1497 2866 .
1531 2816 1591 2864 de
1623 2854 1632 2864 .
1670 2854 1681 2864 .
1718 2852 1730 2863 .
1767 2819 1937 2864 octaua
1960 2824 2097 2881 parte
2121 2834 2228 2866 cum

198 2912 401 2961 decimis
447 2950 458 2961 .
501 2949 513 2960 .
557 2949 568 2960 .
620 2910 880 2975 disponere
920 2946 931 2957 .
970 2947 981 2958 .
1019 2946 1030 2956 .
1071 2908 1223 2972 Apud
1263 2947 1274 2956 .
1313 2945 1324 2956 .
1365 2944 1376 2955 .
1424 2906 1691 2971 capitulum
1714 2907 1871 2971 primo
1895 2907 2068 2956 menfis
2090 2907 2126 2956 J
2130 2908 2226 2956 unii

200 3020 328 3052 anno
351 3003 559 3053 Domini
582 3008 650 3050 m⁰
673 2999 1064 3067 quingentefimo
1089 2999 1240 3048 sexto.
