2762 3834
649 337 1075 389 REGISTRUM
1108 338 1205 388 DE
1241 339 1801 392 ABERBROTHOC.
2150 351 2243 395 221

206 539 489 613 Affedacio
515 568 689 626 quarte
713 561 868 626 partis
893 561 954 610 de
978 561 1333 629 Westirpercy.

33 733 35 775 ὲ
68 749 159 800 259
208 721 484 796 Uniuerfis
524 751 691 809 pateat
729 780 739 791 .
780 781 791 792 .
831 781 842 792 .
879 760 969 791 nos
1009 742 1179 791 Dauid
1223 781 1233 792 .
1280 782 1291 792 .
1337 782 1348 793 .
1392 746 1617 795 abbatem
1656 787 1665 796 .
1709 787 1719 797 .
1764 784 1774 795 .
1814 749 1874 797 de
1911 747 2247 797 Abirbrothoc

206 875 215 885 .
241 875 251 885 .
278 875 286 884 .
313 835 536 890 afl'edaffe
561 875 571 885 .
597 875 607 885 .
633 875 642 885 .
669 835 960 884 Alexandro
987 834 1181 883 Thome
1217 842 1266 884 et
1290 835 1579 886 Alexandro
1606 839 1798 888 Thome
1834 840 1935 888 filio
1959 842 2043 889 suo
2069 840 2248 890 seniori

204 968 213 978 .
251 967 260 977 .
296 967 306 977 .
343 936 569 992 quartam
603 934 796 993 partem
829 926 945 976 ville
980 925 1144 975 nostre
1180 927 1242 975 de
1266 927 1597 996 Westirparsy
1630 971 1639 980 .
1678 971 1687 980 .
1725 971 1734 981 .
1773 949 1883 980 cum
1909 933 2114 981 decimis
2138 950 2247 997 gar·

203 1020 393 1068 balibus
428 1060 438 1069 .
476 1059 486 1069 .
527 1059 538 1069 .
576 1037 667 1084 pro
692 1026 794 1068 toto
820 1026 1041 1083 tempore
1067 1018 1167 1067 vite
1203 1059 1213 1069 .
1251 1059 1262 1070 .
1293 1059 1302 1068 .
1343 1022 1554 1070 termino
1579 1041 1696 1072 vero
1725 1024 1954 1074 introitus
1989 1065 1998 1074 .
2034 1065 2043 1074 .
2079 1065 2088 1075 .
2124 1025 2247 1075 inci·

203 1112 369 1177 piente
390 1112 443 1160 in
476 1110 595 1159 festo
620 1110 968 1161 Pentechostes
1005 1111 1170 1159 datam
1206 1113 1514 1176 presencium
1549 1114 1831 1165 immediate
1864 1117 2096 1180 sequente
2132 1156 2142 1166 .
2188 1157 2197 1166 .
2236 1157 2244 1165 .

206 1204 479 1252 Reddendo
522 1243 530 1252 .
565 1243 574 1252 .
620 1241 631 1251 .
676 1220 766 1268 pro
801 1203 945 1251 firma
971 1210 1019 1252 et
1044 1202 1237 1252 decima
1272 1244 1281 1254 .
1319 1244 1328 1254 .
1366 1245 1375 1254 .
1414 1213 1514 1254 tres
1536 1206 1687 1255 libras
1712 1215 1760 1256 et
1784 1216 1994 1271 quatuor
2018 1208 2246 1257 denarios

247 1335 256 1344 .
295 1334 303 1344 .
341 1302 536 1343 monete
573 1334 582 1343 .
619 1333 629 1344 .
667 1333 677 1344 .
717 1293 891 1344 Scocie
927 1334 937 1344 .
976 1334 985 1344 .
1024 1334 1033 1343 .
1071 1296 1135 1344 ad
1169 1296 1407 1344 terminos
1444 1335 1453 1345 .
1491 1336 1500 1345 .
1538 1336 1546 1345 .
1583 1297 1804 1346 soluendi
1844 1298 2098 1348 consuetos
2135 1316 2245 1348 cum

203 1403 296 1435 vno
321 1404 528 1436 veruece
550 1387 631 1436 sex
654 1387 922 1451 caponibus
945 1393 994 1435 et
1018 1387 1099 1434 sex
1125 1386 1232 1436 aliis
1256 1388 1404 1453 pullis
1424 1389 1603 1438 adultis
1627 1407 1736 1438 cum
1759 1398 1982 1456 rynmart
2004 1397 2052 1440 et
2074 1391 2247 1439 wethir

202 1487 249 1529 et
275 1518 286 1529 .
315 1517 326 1528 .
356 1518 367 1529 .
394 1481 503 1529 aliis
528 1481 759 1530 oneribus
782 1481 1149 1529 husbandorum
1175 1519 1185 1529 .
1213 1518 1225 1529 .
1251 1518 1262 1529 .
1288 1480 1397 1530 Nec
1421 1481 1591 1530 licebit
1614 1482 1848 1546 predictis
1874 1521 1882 1531 .
1909 1521 1918 1530 .
1945 1521 1954 1531 .
1979 1483 2247 1547 prediEtam

202 1580 424 1637 quartam
466 1579 659 1638 partem
700 1612 710 1622 .
753 1612 763 1622 .
807 1612 816 1622 .
860 1572 1008 1622 alicui
1053 1612 1061 1622 .
1112 1612 1121 1622 .
1171 1612 1180 1622 .
1224 1573 1494 1621 arrendare
1535 1612 1545 1622 .
1589 1612 1598 1622 .
1641 1612 1650 1622 .
1695 1573 1796 1621 fine
1838 1573 2004 1622 nostra
2039 1574 2249 1623 licencia

204 1705 212 1715 .
238 1706 248 1716 .
274 1706 284 1715 .
312 1666 510 1715 cotariis
536 1666 779 1715 duntaxat
809 1666 1029 1730 exceptis
1054 1694 1065 1705 ·
1090 1663 1329 1714 Preterea
1352 1663 1388 1712 fi
1411 1664 1620 1730 prediffi
1647 1704 1656 1713 .
1684 1704 1693 1713 .
1719 1704 1729 1713 .
1754 1665 1882 1713 male
1916 1665 2248 1730 persoluentes

204 1766 287 1808 aut
321 1760 462 1809 nobis
499 1799 507 1808 .
546 1799 556 1809 .
590 1799 599 1808 .
636 1759 856 1809 iniuriofi
882 1798 892 1809 .
923 1798 932 1808 .
968 1798 977 1807 .
1003 1759 1189 1808 fuerint
1222 1757 1390 1806 licebit
1425 1757 1567 1806 nobis
1593 1795 1603 1805 .
1630 1795 1640 1805 .
1667 1796 1676 1805 .
1704 1757 1765 1805 de
1790 1796 1799 1805 .
1826 1795 1835 1805 .
1863 1796 1872 1805 .
1899 1764 2076 1821 quarta
2108 1765 2249 1823 parte

204 1851 317 1900 ville
343 1891 352 1901 .
378 1889 387 1899 .
411 1890 420 1899 .
447 1852 706 1917 disponere
732 1891 742 1902 .
768 1889 778 1900 .
805 1890 816 1902 .
843 1850 996 1916 Apud
1019 1849 1370 1900 monasterium
1397 1887 1408 1899 .
1436 1886 1447 1898 .
1472 1887 1482 1898 .
1508 1849 1629 1897 xxiii
1654 1849 1734 1897 die
1757 1847 1930 1898 menfis
1954 1848 1990 1897 J
1992 1849 2096 1897 unii
2121 1866 2249 1898 anno

204 1943 408 1993 Domini
436 1948 580 1992 1485.

205 2196 487 2269 Affedacio
510 2217 778 2282 garbarum
803 2215 1116 2265 decimalium
1143 2215 1204 2263 de
1229 2214 1546 2264 Balmurmur
1570 2222 1618 2262 et
1647 2213 1858 2280 Skyrne.

203 2379 329 2452 Nos
353 2401 521 2451 Dauid
553 2401 703 2449 abbas
729 2438 740 2449 .
767 2438 778 2449 .
807 2437 818 2449 .
845 2400 906 2448 de
933 2399 1268 2448 Abirbrothoc
1297 2437 1307 2447 .
1337 2436 1347 2447 .
1376 2436 1388 2447 .
1414 2396 1681 2447 affedamus
1709 2435 1720 2445 .
1756 2435 1766 2445 .
1807 2435 1817 2445 .
1851 2397 1886 2445 J
1890 2397 2070 2445 ohanni
2094 2397 2245 2446 Alani

200 2493 427 2559 burgensi
452 2494 512 2542 de
536 2492 721 2542 Dunde
758 2499 807 2541 et
831 2491 1049 2541 Ricardo
1077 2491 1236 2542 Cante
1274 2498 1321 2539 et
1352 2490 1447 2538 suis
1472 2489 1718 2555 affignatis
1743 2489 1932 2538 diuifim
1958 2527 1968 2537 .
1997 2528 2007 2538 .
2032 2528 2042 2538 .
2069 2491 2244 2554 garbas

200 2586 459 2635 decimales
483 2585 710 2634 villarum
747 2584 1023 2633 nostrarum
1051 2585 1111 2633 de
1136 2583 1451 2632 Balmurmur
1477 2590 1525 2631 et
1553 2582 1741 2647 Scryne
1775 2619 1785 2629 .
1817 2619 1828 2630 .
1866 2620 1877 2630 .
1908 2599 1999 2646 pro
2024 2582 2244 2630 terminis

201 2678 414 2742 quinque
451 2694 693 2726 annorum
721 2714 731 2724 .
758 2716 768 2726 .
798 2714 808 2724 .
833 2677 903 2724 ita
928 2676 1060 2740 quod
1086 2715 1094 2724 .
1121 2713 1131 2724 .
1159 2715 1168 2724 .
1195 2673 1384 2723 diuifim
1408 2675 1658 2740 gaudeant
1683 2673 1887 2722 dimidia
1919 2680 2060 2737 parte
2084 2673 2242 2721 huius-

200 2769 331 2817 modi
347 2768 893 2817 decimarum·termino
912 2767 1145 2816 introitus
1162 2807 1171 2816 .
1192 2807 1201 2816 .
1220 2806 1229 2815 .
1246 2766 1516 2831 incipiente
1531 2765 1582 2814 in
1599 2765 1721 2814 festo
1741 2764 1903 2814 sanai
1919 2764 2056 2814 Petri
2073 2765 2241 2813 aduin-

202 2861 311 2909 cula
343 2861 511 2909 datam
546 2860 853 2925 presencium
889 2860 1171 2908 immediate
1208 2859 1439 2923 sequente
1462 2886 1472 2896 ·
1499 2856 1747 2906 Soluendo
1771 2893 1782 2904 .
1809 2895 1818 2905 .
1844 2894 1853 2904 .
1877 2856 2051 2920 viginti
2086 2855 2239 2905 bollas

202 2952 368 2999 mundi
386 2952 498 3016 puri
517 2959 565 3001 et
585 2951 696 3000 ficci
715 2950 946 2999 frumenti
975 2958 1024 2998 et
1048 2967 1227 2998 nouem
1252 2949 1443 2998 celdras
1468 2957 1516 2998 et
1533 2948 1787 2996 dimidiam
1808 2947 2022 2996 celdram
2044 2947 2169 2995 ordii
2190 2955 2237 2995 et

200 3042 382 3092 farrine
402 3044 465 3092 ad
482 3044 719 3092 terminos
739 3042 970 3091 viaualia
994 3042 1215 3090 soluendi
1241 3040 1496 3090 consuetos
1512 3068 1522 3078 ·
1538 3057 1630 3104 pro
1655 3039 1830 3103 quibus
1851 3056 2027 3088 nouem
2059 3038 2234 3087 celdris

201 3141 248 3182 et
289 3134 492 3183 dimidia
532 3134 700 3183 celdra
740 3133 867 3182 ordii
909 3141 955 3182 et
997 3133 1182 3182 farrine
1221 3131 1495 3196 recepimus
1535 3148 1624 3195 pre
1662 3131 1886 3179 manibus
1924 3148 1954 3179 a
1985 3130 2124 3180 dietis
2149 3167 2159 3177 .
2185 3168 2195 3177 .
2221 3168 2230 3177 .
