2762 3834
576 433 639 476 40
1019 418 1445 473 REGISTRUM
1480 415 1577 465 DE
1614 411 2178 463 ABERBROTHOC.

576 559 693 610 dieti
730 557 937 608 Roberti
972 561 1196 604 remanet
1234 552 1521 616 consignata
1558 576 1568 586 ·
1610 546 1743 612 apud
1765 545 2105 596 Abirbrothoc
2136 547 2307 596 vltimo
2341 548 2422 596 die
2457 548 2633 598 menfis

576 650 870 702 Decembris
894 665 1024 698 anno
1047 647 1215 713 gracie
1239 642 1494 694 millefimo
1519 638 1862 690 trecentesimo
1887 637 2220 703 nonagefimo.

578 910 886 994 Refignatio
912 934 1155 976 terrarum
1180 925 1241 974 de
1266 924 1415 990 Futy.

466 1117 525 1160 41
576 1088 779 1159 Pateat
822 1104 1060 1154 vniuerfis
1100 1121 1191 1169 per
1231 1103 1483 1168 presentes
1524 1119 1602 1151 me
1642 1102 1809 1152 Adam
1851 1104 1913 1153 de
1957 1103 2191 1154 Ledhovs
2234 1106 2529 1171 burgensem
2577 1106 2639 1154 de

580 1201 838 1250 Abbirden
892 1237 903 1247 .
959 1236 969 1246 .
1023 1235 1034 1247 .
1087 1195 1383 1247 constituisse
1423 1234 1434 1244 .
1489 1233 1500 1244 .
1553 1233 1564 1244 .
1615 1196 1995 1262 comburgenses
2042 1214 2178 1246 meos
2222 1197 2532 1247 Willelmum
2577 1199 2639 1247 de

581 1294 791 1344 Camera
815 1299 864 1341 et
887 1290 1231 1339 Alexandrum
1257 1289 1542 1338 Banerman
1567 1298 1918 1354 procuratores
1941 1309 2078 1341 meos
2115 1330 2126 1341 .
2174 1329 2185 1341 .
2232 1330 2243 1341 .
2283 1293 2639 1342 concedentem

579 1388 755 1435 eisdem
803 1422 814 1434 .
867 1424 878 1434 .
929 1422 940 1432 .
987 1382 1197 1448 speciale
1222 1382 1511 1431 mandatum
1536 1382 1599 1431 ad
1632 1383 1983 1449 resignandum
2029 1422 2041 1433 .
2091 1421 2103 1433 .
2154 1422 2165 1434 .
2209 1386 2262 1434 in
2293 1403 2468 1435 manus
2506 1423 2519 1435 .
2556 1423 2579 1434 ..
2629 1424 2640 1434 .

580 1479 782 1544 dompni
828 1477 1074 1528 Johannis
1126 1514 1137 1524 .
1194 1514 1203 1525 .
1261 1513 1271 1524 .
1316 1475 1506 1525 abbatis
1554 1476 1616 1525 de
1665 1476 2007 1527 Abirbrothoc
2056 1515 2068 1526 .
2122 1515 2134 1526 .
2187 1516 2198 1526 .
2248 1486 2434 1528 terram
2480 1495 2641 1528 meam

575 1575 823 1637 jacentem
859 1572 910 1620 in
949 1571 1059 1620 vico
1097 1570 1158 1619 de
1195 1569 1237 1618 F
1241 1577 1328 1636 uty
1363 1570 1497 1618 infra
1535 1570 1721 1618 dietum
1755 1570 1969 1636 burgum
2004 1570 2137 1620 inter
2175 1579 2361 1621 terram
2398 1571 2643 1620 Willelmi

580 1667 784 1714 Andree
821 1665 986 1713 versus
1020 1663 1222 1712 boream
1262 1681 1321 1711 ex
1357 1670 1499 1728 parte
1538 1679 1638 1711 vna
1676 1670 1726 1712 et
1760 1670 1945 1712 terram
1984 1681 2146 1713 meam
2183 1665 2439 1730 propriam
2476 1665 2642 1714 versus

584 1758 798 1806 austrum
824 1774 884 1805 ex
907 1762 1048 1820 parte
1074 1755 1232 1804 altera
1271 1783 1297 1810 ·,
1320 1755 1672 1820 quamquidem
1698 1763 1884 1804 terram
1919 1793 1930 1804 .
1967 1793 1978 1804 .
2016 1794 2026 1805 .
2059 1764 2206 1806 teneo
2231 1757 2293 1805 de
2326 1795 2338 1806 .
2373 1795 2384 1805 .
2422 1795 2432 1806 .
2465 1758 2643 1807 abbate

636 1888 645 1897 .
682 1887 692 1897 .
725 1849 777 1897 in
798 1848 958 1913 capite
984 1877 994 1887 ·
1022 1854 1171 1911 atque
1192 1848 1359 1896 omnia
1378 1855 1426 1897 et
1446 1839 1638 1913 singula
1657 1849 1720 1897 ad
1738 1849 2020 1898 faciendum
2045 1867 2141 1915 que
2161 1851 2226 1900 ad
2245 1851 2457 1899 officium
2482 1851 2644 1900 huius-

586 1942 718 1990 modi
743 1947 1119 2005 procuratorum
1161 1978 1171 1988 .
1212 1978 1223 1989 .
1264 1979 1274 1989 .
1315 1942 1376 1989 de
1395 1941 1504 1989 iure
1530 1941 1783 2006 pertinere
1803 1942 2127 1991 dinoscuntur
2166 1981 2177 1991 .
2217 1981 2227 1991 .
2269 1981 2280 1991 .
2318 1943 2380 1992 In
2406 1943 2546 1993 cuius
2570 1943 2645 1992 rei

588 2033 918 2082 testimonium
970 2032 1179 2098 sigillum
1238 2050 1402 2082 meum
1448 2034 1758 2099 presentibus
1806 2034 2009 2100 apposui
2058 2044 2107 2085 et
2154 2045 2360 2102 propter
2407 2036 2644 2086 maiorem

588 2125 808 2174 veritatis
843 2125 1079 2175 noticiam
1117 2125 1329 2191 figillum
1363 2126 1596 2193 Symonis
1630 2127 1789 2176 Lamb
1824 2145 1960 2177 nunc
1996 2129 2169 2178 balliui
2200 2129 2319 2178 dieti
2354 2130 2501 2196 burgi
2537 2147 2647 2195 pre-

589 2219 801 2267 sentibus
843 2259 851 2267 .
901 2257 911 2267 .
961 2257 972 2268 .
1015 2220 1287 2283 procuraui
1335 2221 1520 2286 apponi
1567 2222 1700 2286 apud
1750 2220 2013 2270 Abbirden
2063 2222 2291 2271 vicesimo
2341 2223 2421 2271 die
2470 2222 2647 2272 menfis

591 2311 780 2377 Aprilis
805 2328 934 2359 anno
959 2310 1165 2360 Domini
1190 2312 1446 2362 millefimo
1472 2313 1806 2363 tricent-elimo
1831 2313 2147 2380 nonagesimo
2173 2315 2348 2381 primo.

593 2574 899 2646 Conuencio
946 2596 1077 2644 inter
1129 2594 1481 2643 monasterium
1530 2602 1578 2643 et
1631 2596 1843 2660 burgum
1891 2596 1953 2644 de
2001 2595 2343 2644 Abirbrothoc
2392 2596 2452 2644 de
2501 2603 2649 2660 portu

592 2687 835 2735 faciendo,

483 2860 545 2904 42
596 2848 827 2921 Presens
875 2867 1142 2916 indentura
1183 2867 1387 2916 testatur
1435 2868 1569 2931 quod
1614 2884 1745 2916 anno
1787 2866 1994 2915 Domini
2042 2864 2297 2914 millefimo
2340 2869 2446 2915 ccc,o
2486 2863 2654 2913 xciiiito

598 2960 811 3009 secundo
843 2958 922 3007 die
962 2958 1137 3006 menfis
1171 2958 1360 3023 Aprilis
1399 2960 1531 3025 apud
1567 2959 1907 3009 Abirbrothoc
1947 2958 2042 3007 hec
2081 2957 2356 3006 conuencio
2394 2957 2523 3006 faeta
2559 2957 2653 3005 fuit

599 3054 731 3100 inter
768 3088 779 3099 .
825 3086 837 3099 .
891 3086 903 3098 .
944 3049 1229 3099 Johannem
1276 3050 1423 3116 Gedy
1467 3088 1478 3100 .
1528 3088 1540 3100 .
1592 3089 1602 3100 .
1649 3051 1878 3101 abbatem
1925 3086 1938 3099 .
1989 3087 2000 3098 .
2052 3086 2062 3097 .
2109 3049 2171 3098 de
2219 3048 2557 3100 Abirbrothoc
2604 3058 2654 3098 et

601 3143 815 3192 eiusdem
841 3141 937 3190 loci
963 3150 1263 3190 conuentum
1288 3159 1347 3191 ex
1371 3150 1512 3207 parte
1532 3161 1628 3193 vna
1650 3152 1699 3194 et
1720 3144 2100 3207 comburgenses
2125 3143 2244 3192 dieti
2267 3142 2414 3208 burgi
2440 3141 2653 3191 vtilitate

603 3234 850 3285 communi
885 3235 1086 3299 pensata
1110 3234 1336 3299 dampnis
1361 3235 1632 3285 innumeris
1659 3237 2011 3286 vexacionibus
2034 3235 2296 3300 multisque
2323 3236 2384 3285 ob
2410 3236 2653 3284 defeetum
