2586 3834
664 407 1091 458 REGISTRUM
1125 409 1225 457 DE
1261 409 1819 462 ABERBROTHOC.
2165 422 2261 470 399

215 540 510 589 tenementis
534 539 809 588 tenendriis
834 548 884 589 et
907 539 1350 590 liberetenencium
1377 543 1595 593 seruiciis
1619 544 1838 593 iacentes
1874 546 1924 592 in
1960 546 2166 594 baronia
2201 549 2260 594 de

215 631 495 680 Neulandis
536 631 668 679 infra
707 630 1108 680 vicecomitatum
1148 632 1209 680 de
1247 632 1560 700 Kyncardyn
1598 661 1609 672 ·
1647 635 1942 699 quequidem
1981 645 2112 685 terre
2152 675 2160 684 .
2202 674 2211 683 .
2252 677 2259 685 .

213 724 414 772 fuerunt
453 723 592 788 prius
632 722 936 771 hereditarie
976 761 986 771 .
1029 761 1039 772 .
1083 763 1092 772 .
1136 723 1172 771 J
1175 724 1383 772 ohannis
1423 724 1699 775 Wischeart
1746 727 1807 775 de
1854 726 2133 791 Pyttarrow
2168 753 2178 763 ·
2215 735 2264 775 et

213 816 531 880 quasquidem
577 852 589 864 .
632 853 644 864 .
691 853 702 863 .
743 815 876 864 idem
919 852 930 863 .
976 852 987 863 .
1031 851 1044 863 .
1087 816 1141 863 in
1177 814 1403 863 manibus
1438 816 1616 864 nostris
1662 855 1672 865 .
1716 856 1726 866 .
1769 856 1779 865 .
1827 834 1916 882 per
1958 857 1967 866 .
2006 857 2014 866 .
2059 858 2069 866 .
2113 818 2263 866 Alex-

213 909 426 956 andrum
449 906 683 956 Auchlek
706 910 949 956 redmrem
974 907 1036 955 de
1064 906 1376 972 Glenberwy.
1406 947 1415 956 .
1454 947 1463 956 .
1504 945 1515 955 .
1558 909 1827 974 refignauit
1870 949 1878 958 .
1923 950 1931 958 .
1974 950 1983 958 .
2026 927 2117 974 pro
2141 911 2189 959 se
2215 919 2263 959 et

215 1000 480 1049 heredibus
507 1000 602 1048 suis
647 1036 658 1047 .
705 1037 716 1047 .
762 1036 773 1048 .
820 999 1089 1048 Tenendas
1133 1037 1145 1048 .
1191 1037 1202 1047 .
1247 1036 1259 1047 .
1302 999 1536 1064 magistro
1566 1000 1758 1049 Jacobo
1796 1039 1807 1049 .
1847 1038 1857 1049 .
1898 1039 1910 1050 .
1946 1002 2000 1050 in
2035 1002 2179 1050 feodo
2215 1010 2264 1050 et

215 1091 490 1141 hereditate
514 1092 878 1155 imperpetuum
917 1130 927 1139 .
965 1129 976 1139 .
1013 1130 1024 1140 .
1062 1091 1313 1140 reseruato
1342 1101 1510 1140 tamen
1533 1091 1688 1140 libero
1714 1100 1994 1142 tenemento
2019 1100 2264 1142 terrarum

215 1185 278 1232 de
303 1183 521 1232 Balfeith
545 1190 595 1231 et
619 1183 830 1231 duarum
853 1183 1079 1247 parcium
1104 1190 1350 1232 terrarum
1376 1184 1437 1231 de
1460 1182 1846 1247 Pettingardnar
1884 1222 1894 1231 .
1938 1222 1948 1232 .
1991 1222 2001 1232 .
2041 1184 2076 1233 J
2079 1184 2262 1233 ohanni

216 1275 497 1324 Wischeart
519 1292 611 1339 pro
635 1281 741 1324 toto
766 1282 989 1339 tempore
1015 1275 1114 1324 vite
1140 1275 1221 1324 sue
1245 1303 1256 1314 ·
1284 1282 1333 1323 et
1357 1275 1627 1323 earundem
1666 1311 1677 1322 .
1717 1312 1728 1322 .
1769 1312 1779 1322 .
1816 1275 1851 1323 J
1854 1283 1997 1324 onete
2032 1275 2264 1341 Lyndsay

216 1368 299 1415 sue
340 1367 509 1431 sponse
550 1365 794 1431 legittima
834 1366 993 1414 tercia
1033 1383 1146 1415 cum
1188 1366 1456 1431 contigerit
1495 1393 1506 1404 ·
1555 1365 1806 1414 Faciendo
1849 1404 1860 1414 .
1901 1405 1911 1414 .
1951 1404 1961 1414 .
2005 1367 2264 1416 seruicium

218 1460 439 1508 debitum
482 1466 532 1507 et
574 1460 861 1507 consuetum
905 1465 1099 1507 tantum
1142 1495 1154 1506 .
1200 1497 1209 1507 .
1253 1497 1264 1507 .
1307 1458 1463 1523 Apud
1501 1495 1511 1505 .
1552 1496 1563 1506 .
1603 1495 1614 1506 .
1652 1459 2001 1507 monasterium
2039 1460 2265 1508 vicefimo

219 1557 393 1602 octauo
419 1553 500 1601 die
525 1553 700 1601 menfis
729 1551 958 1601 octobris
983 1569 1115 1600 anno
1140 1550 1348 1601 Domini
1372 1556 1442 1598 m⁰
1465 1550 1854 1615 quingentesimo
1880 1552 2070 1599 decimo
2100 1569 2265 1600 coram

222 1683 232 1692 .
274 1683 284 1693 .
325 1682 335 1692 .
373 1643 628 1693 Willelmo
671 1643 958 1709 Abirnethy
1001 1643 1237 1709 magistro
1277 1644 1338 1692 de
1382 1642 1555 1693 Salton
1594 1673 1604 1682 ·
1645 1643 1932 1692 Alexandro
1971 1644 2266 1709 Lewynston

220 1738 452 1803 magistro
494 1738 556 1786 de
597 1736 856 1785 Kalendar
898 1765 908 1775 ·
950 1736 1122 1785 Dauid
1159 1735 1364 1785 Berklai
1403 1737 1464 1784 de
1505 1735 1746 1801 Cullerny
1784 1773 1795 1784 .
1835 1774 1846 1784 .
1890 1773 1900 1783 .
1938 1735 2182 1801 magistris
2220 1744 2269 1785 et

218 1830 431 1879 dominis
467 1830 761 1879 Alexandro
798 1828 1031 1878 Auehlek
1067 1831 1259 1878 rectore
1305 1829 1366 1878 de
1404 1828 1740 1894 Glenberwyn
1778 1855 1788 1866 ·
1829 1828 1863 1877 J
1867 1830 2019 1877 acobo
2057 1828 2269 1894 Heryng

218 1922 522 1971 thesaurario
563 1922 778 1971 Rofl'enfi
822 1951 832 1961 ·
879 1921 1138 1971 Bernardo
1177 1920 1368 1985 Cargill
1405 1920 1592 1969 vicario
1635 1921 1696 1968 de
1738 1919 1892 1968 Banff
1925 1948 1934 1956 ·
1975 1928 2024 1968 et
2065 1919 2269 1968 Andrea

220 2012 418 2063 Sinclar
443 2014 630 2063 vicario
656 2014 718 2063 de
743 2013 918 2079 Lagan
943 2014 1140 2063 notario
1164 2013 1364 2078 publico
1390 2040 1399 2050 ·
1425 2031 1538 2062 cum
1567 2011 1771 2062 diuerfis
1796 2012 1919 2062 aliis.

120 2317 125 2323 ·
218 2265 540 2350 Preceptum
590 2286 676 2334 sub
723 2286 881 2351 figillo
929 2286 1178 2334 communi
1227 2287 1394 2335 datum
1454 2285 1648 2334 balliuis
1695 2286 1756 2334 de
1803 2285 1974 2333 saisina
2030 2286 2266 2333 &istarum

219 2388 482 2428 terrarum.

223 2542 494 2629 Georgius
532 2602 542 2612 .
586 2576 611 2612 .·
638 2601 649 2611 .
689 2565 840 2613 abbas
878 2603 887 2612 .
925 2603 934 2612 .
972 2603 982 2612 .
1024 2565 1085 2612 de
1130 2562 1440 2612 Abbirbroth
1481 2599 1492 2610 .
1539 2600 1548 2609 .
1596 2599 1606 2610 .
1653 2560 1871 2624 Georgio
1912 2558 2157 2607 Falconar
2203 2559 2263 2605 de

224 2654 518 2704 Hacartoun
555 2655 695 2721 [etc.]
734 2655 932 2704 balliuis
966 2655 1145 2703 nostris
1169 2658 1220 2703 in
1244 2656 1339 2704 hac
1361 2662 1504 2720 parte
1544 2692 1552 2701 .
1589 2692 1599 2701 .
1634 2691 1644 2701 .
1684 2653 1886 2701 salutem
1929 2681 1938 2690 ·
1982 2650 2114 2708 Quia
2151 2687 2161 2697 .
2202 2687 2211 2697 .
2252 2687 2262 2696 .

221 2746 539 2796 conceffimus
579 2747 881 2795 hereditarie
924 2783 936 2795 .
982 2784 992 2794 .
1035 2783 1047 2795 .
1090 2746 1324 2811 magistro
1365 2745 1557 2794 Jacobo
1596 2743 1877 2792 Wischeart
1924 2781 1934 2790 .
1985 2780 1993 2789 .
2047 2779 2057 2789 .
2107 2749 2262 2790 terras

219 2840 282 2886 de
307 2839 502 2887 Redhal
539 2870 549 2879 ·
588 2839 828 2888 Balfeitht
867 2867 878 2877 ·
918 2845 968 2888 et
991 2838 1396 2903 Pettyngardnar
1434 2867 1443 2876 ·
1486 2853 1598 2885 cum
1631 2834 1915 2883 molendino
1940 2835 2001 2882 de
2027 2833 2263 2882 Balfeitht

222 2947 331 2977 cum
370 2967 380 2976 .
422 2967 432 2978 .
475 2969 485 2977 .
523 2931 798 2979 tenendriis
836 2938 886 2979 et
920 2931 1077 2979 libere
1115 2930 1400 2979 tenencium
1440 2928 1662 2977 seruiciis
1697 2926 1964 2999 earundem
1997 2942 2091 2989 que
2125 2925 2259 2988 prius

220 3023 420 3069 fuerunt
458 3059 468 3069 .
509 3058 519 3068 .
560 3058 570 3068 .
610 3020 645 3069 J
648 3021 857 3070 ohannis
882 3020 1162 3070 Wischeart
1194 3021 1255 3068 de
1288 3020 1525 3082 Pyttarro
1559 3018 1714 3082 patris
1749 3018 1866 3066 dieti
1914 3054 1924 3064 .
1968 3054 1977 3064 .
2024 3053 2034 3064 .
2082 3014 2258 3064 Jacobi

219 3112 517 3160 hereditarie
543 3120 592 3161 et
617 3128 738 3175 quas
760 3112 892 3160 idem
917 3111 1175 3160 Johannes
1214 3148 1224 3158 .
1269 3148 1278 3157 .
1321 3146 1331 3156 .
1371 3127 1460 3174 per
1502 3148 1511 3157 .
1555 3148 1565 3158 .
1609 3147 1620 3157 .
1665 3109 2005 3156 Alexandrum
2029 3106 2256 3154 Auehlek

221 3241 229 3249 .
268 3240 276 3250 .
315 3242 323 3250 .
360 3203 412 3249 in
436 3203 661 3251 manibus
685 3202 862 3250 nostris
901 3240 912 3250 .
949 3238 959 3250 .
998 3238 1009 3248 .
1048 3200 1316 3264 refignauit
1349 3240 1358 3248 .
1397 3237 1406 3247 .
1447 3237 1457 3247 .
1497 3200 1633 3247 vobis
1669 3236 1679 3245 .
1717 3237 1726 3247 .
1767 3237 1777 3247 .
1816 3198 2113 3262 precipimus
2148 3233 2159 3243 .
2196 3233 2205 3241 .
2243 3232 2254 3241 .
