2762 3834
561 378 658 424 348
1010 369 1430 423 REGISTRUM
1464 368 1561 419 DE
1595 366 2153 418 ABERBROTHOC.

563 506 780 558 Thomas
814 507 997 572 gaudet
1031 532 1042 543 ·
1075 505 1324 554 reseruata
1358 502 1499 550 nobis
1532 500 1653 550 filua
1687 501 1818 549 infra
1851 501 2034 551 limites
2074 502 2315 550 diffluum
2358 507 2599 549 terrarum

562 598 851 648 confistente
889 626 899 637 ·
936 598 1135 662 pastura
1169 604 1333 647 tamen
1371 594 1587 643 eiusdem
1625 610 1735 641 cum
1772 592 1916 642 diffie
1955 630 1967 641 .
2005 630 2016 641 .
2054 630 2067 643 .
2106 600 2433 643 remanente·
2466 591 2602 640 cuius

563 691 676 740 filue
711 699 760 739 et
795 688 1061 737 custodiam
1097 687 1296 735 eiisdem
1339 725 1347 734 .
1390 725 1399 734 .
1440 724 1449 734 .
1491 702 1583 749 pro
1607 692 1712 733 toto
1737 684 1838 733 vite
1864 686 1945 734 sue
1970 693 2192 750 tempore
2217 684 2567 734 committimus
2591 710 2601 722 ·

560 798 649 847 pro
694 780 787 829 suis
829 778 1212 845 gratitudinibus
1257 777 1398 825 nobis
1442 776 1671 842 impenfis
1715 784 1765 825 et
1809 776 2055 840 fignanter
2100 793 2191 841 pro
2238 783 2376 825 certa
2421 776 2604 823 summa

560 872 798 936 peccunia
843 871 984 920 nobis
1033 878 1254 933 tempore
1302 868 1625 917 confestionis
1663 869 1974 933 presencium
2014 886 2103 935 per
2142 869 2322 919 di&um
2361 868 2605 917 Thomam

558 972 811 1029 gratanter
853 963 1008 1011 soluta
1048 1002 1057 1011 .
1097 1002 1105 1010 .
1143 1002 1151 1010 .
1194 961 1404 1010 termino
1447 978 1565 1010 vero
1612 961 1845 1011 introitus
1894 999 1905 1010 .
1953 999 1964 1010 .
2012 999 2021 1009 .
2069 962 2339 1027 incipiente
2386 962 2437 1010 in
2485 960 2606 1010 sesto

560 1056 721 1105 sanai
770 1054 976 1103 Martini
1023 1055 1187 1103 datam
1238 1053 1546 1119 presencium
1606 1053 1889 1103 immediate
1945 1055 2246 1119 precedente
2295 1083 2306 1094 ·
2357 1053 2607 1104 Soluendo

678 1187 686 1195 .
736 1164 825 1212 pro
862 1147 1004 1194 firma
1054 1184 1064 1193 .
1116 1183 1126 1194 .
1178 1185 1188 1194 .
1241 1148 1347 1194 oao
1386 1145 1537 1195 libras
1584 1146 1671 1195 xiii
1719 1146 1898 1196 solidos
1945 1156 1995 1196 et
2041 1147 2149 1196 iiii⁰¹
2188 1147 2420 1196 denarios
2469 1184 2479 1194 .
2532 1184 2542 1194 .

559 1247 752 1288 monete
800 1277 809 1286 .
861 1275 872 1286 .
924 1275 934 1286 .
986 1237 1160 1287 Scocie
1196 1238 1259 1286 ad
1302 1275 1313 1286 .
1360 1276 1370 1286 .
1416 1276 1427 1287 .
1473 1239 1709 1288 terminos
1746 1239 1933 1289 vsuales
1976 1277 1987 1289 .
2034 1277 2045 1289 .
2089 1279 2099 1289 .
2141 1257 2353 1290 vnacum
2382 1248 2608 1305 rynmart

560 1342 607 1381 et
645 1333 829 1381 weddir
866 1340 914 1380 et
950 1331 1459 1380 aliishusbandorum
1496 1333 1731 1381 oneribus
1779 1370 1790 1381 .
1835 1370 1847 1382 .
1893 1370 1904 1381 .
1954 1341 2003 1382 et
2037 1350 2129 1398 pro
2164 1332 2366 1382 decimis
2395 1332 2608 1398 garbali·

559 1426 647 1473 bus
688 1462 698 1472 .
743 1462 752 1472 .
796 1462 805 1471 .
850 1432 1061 1488 quatuor
1096 1423 1249 1473 libras
1291 1432 1487 1473 monete
1525 1425 1744 1489 predi&e
1784 1426 1848 1475 ad
1885 1426 2007 1475 festa
2041 1426 2418 1475 Purificacionis
2454 1425 2608 1475 Beate
2699 1443 2703 1450 ’

560 1518 720 1567 Marie
757 1526 806 1568 et
844 1518 1029 1567 Pasche
1073 1555 1085 1566 .
1129 1556 1141 1567 .
1181 1556 1193 1567 .
1234 1517 1345 1567 Nec
1387 1518 1556 1567 licebit
1597 1518 1689 1567 eiis
1729 1555 1740 1566 .
1784 1556 1795 1567 .
1837 1555 1847 1566 .
1893 1525 2051 1568 terras
2090 1536 2202 1568 cum
2239 1518 2444 1568 decimis
2487 1555 2499 1566 .
2540 1555 2550 1565 .
2595 1554 2606 1565 .

560 1611 703 1661 alteri
740 1651 749 1659 .
783 1651 791 1660 .
825 1652 834 1661 .
873 1611 1085 1660 affedare
1125 1652 1133 1660 .
1171 1652 1180 1660 .
1219 1651 1228 1660 .
1269 1610 1369 1660 fine
1393 1610 1561 1661 nostra
1582 1611 1796 1661 licencia
1827 1650 1838 1660 .
1873 1650 1884 1660 .
1916 1650 1926 1662 .
1963 1612 2183 1662 cottariis
2216 1649 2227 1660 .
2260 1651 2269 1661 .
2305 1649 2316 1660 .
2354 1611 2576 1676 exceptis
2597 1637 2607 1649 ·
2696 1663 2702 1677 -.

561 1703 802 1753 Volumus
842 1713 1007 1754 tamen
1054 1741 1064 1752 .
1111 1742 1119 1752 .
1163 1744 1173 1753 .
1220 1704 1352 1769 quod
1393 1704 1510 1753 diffi
1554 1743 1564 1753 .
1611 1742 1621 1752 .
1667 1743 1677 1752 .
1721 1704 1936 1754 habeant
1979 1741 1991 1753 .
2037 1741 2048 1752 .
2095 1741 2107 1753 .
2151 1704 2441 1770 potestatem
2479 1703 2609 1768 capi·
2695 1728 2714 1758 ῃ
2761 1709 2762 1712 ’

562 1797 676 1844 endi
724 1796 890 1844 omnia
934 1795 1199 1845 necefl'aria
1244 1796 1306 1846 de
1353 1796 1483 1846 dieta
1528 1796 1697 1846 nostra
1747 1797 1869 1848 filua
1914 1798 1980 1848 ad
2026 1799 2110 1848 sua
2154 1798 2359 1864 propria
2416 1797 2610 1846 edificia

561 1889 691 1937 infra
728 1889 881 1937 difflaas
924 1888 1112 1937 nostras
1150 1898 1307 1937 terras
1342 1890 1624 1954 reparanda
1663 1898 1714 1940 et
1752 1890 2031 1939 edificanda
2072 1929 2082 1939 .
2127 1927 2137 1938 .
2185 1930 2196 1940 .
2236 1891 2308 1939 ita
2342 1890 2475 1954 quod
2512 1905 2609 1936 non
2699 1875 2702 1927 }

562 1981 709 2029 liceat
746 1980 943 2030 eiisdem
987 2018 998 2029 .
1040 2019 1049 2028 .
1088 2019 1099 2029 .
1144 1981 1227 2030 alii
1268 1981 1473 2046 persone
1514 1981 1646 2030 infra
1684 1981 1763 2030 vel
1801 1991 1943 2032 extra
1982 1982 2201 2030 nostrum
2238 1981 2509 2030 dominium
2548 1981 2609 2029 de
2696 2040 2698 2042 V
2757 2035 2759 2037 ¹

563 2073 903 2139 Kyncoldrum
942 2073 1108 2138 aliqua
1135 2074 1196 2123 de
1222 2073 1351 2122 di&a
1386 2073 1552 2122 nostra
1588 2073 1709 2123 filua
1743 2091 2036 2139 quecunque
2072 2072 2165 2123 fint
2202 2073 2476 2123 concedere
2512 2073 2611 2121 fine
2695 2115 2699 2123 .

563 2164 728 2214 nostra
749 2165 960 2214 licencia
996 2194 1006 2205 ·
1045 2165 1377 2215 Concedimus
1402 2164 1558 2214 eciam
1604 2204 1615 2214 .
1662 2203 1673 2214 .
1716 2203 1727 2214 .
1771 2166 2059 2231 supradietis
2102 2204 2114 2214 .
2160 2203 2170 2213 .
2216 2203 2227 2213 .
2272 2164 2610 2214 au&oritatem

565 2257 779 2306 nostram
805 2258 1015 2307 cotarios
1034 2258 1165 2307 infra
1183 2258 1336 2307 di&as
1356 2268 1514 2308 terras
1533 2258 1820 2322 imponendi
1839 2268 1889 2307 et
1907 2259 2187 2323 expellendi
2214 2297 2222 2306 .
2248 2296 2259 2306 .
2285 2297 2294 2306 .
2321 2257 2610 2322 eosdemque
2696 2303 2697 2306 ,

568 2351 849 2416 corrigendi
899 2389 910 2400 .
962 2389 972 2399 .
1023 2391 1031 2400 .
1083 2352 1307 2401 eschaeta
1348 2351 1381 2399 fi
1423 2369 1522 2416 qua
1562 2352 1713 2400 fuerit
1760 2351 1901 2399 nobis
1945 2350 2193 2401 reseruata
2239 2379 2250 2389 ·
2300 2349 2536 2401 Preterea
2577 2350 2608 2397 fi

572 2443 687 2492 diai
730 2483 738 2491 .
780 2482 789 2491 .
832 2481 842 2490 .
886 2444 1006 2492 alias
1038 2445 1223 2493 faciant
1265 2483 1273 2492 .
1319 2482 1330 2492 .
1373 2484 1382 2493 .
1422 2444 1603 2493 diuisas
1626 2443 1678 2491 in
1704 2442 1848 2492 dietis
1880 2442 2037 2492 terris¹
2069 2479 2079 2489 .
2116 2480 2126 2490 .
2164 2481 2174 2491 .
2218 2459 2363 2506 quam
2390 2450 2610 2506 tempore
2692 2479 2694 2483 .

572 2535 887 2583 confefflonis
925 2536 1230 2599 presencium
1275 2574 1284 2583 .
1323 2574 1333 2584 .
1375 2574 1385 2584 .
1430 2544 1515 2585 aut
1548 2535 1677 2585 vltra
1714 2535 1907 2584 easdem
1946 2534 2195 2599 extirpare
2233 2534 2611 2599 presumpserint

620 2663 630 2673 .
664 2663 673 2672 .
710 2625 787 2673 vel
824 2625 855 2673 fi
891 2627 1104 2690 aliquam
1143 2637 1334 2692 partem
1370 2627 1485 2677 filue
1521 2628 1685 2676 nostre
1711 2627 1912 2676 cotariis
1936 2636 2021 2675 aut
2045 2626 2339 2691 quibussibet
2364 2627 2473 2675 aliis
2508 2666 2517 2675 .
2554 2664 2563 2674 .
2602 2665 2610 2674 .

572 2716 843 2765 concedere
876 2719 1280 2781 attemptauerint
1309 2719 1399 2767 nifi
1435 2719 1587 2768 solum
1621 2720 1718 2768 suis
1742 2718 1902 2769 vfibus
1925 2720 2140 2785 propriis
2164 2719 2430 2767 dummodo
2454 2718 2614 2768 huius-

569 2808 701 2857 modi
737 2810 843 2856 vsus
876 2825 974 2856 non
1009 2808 1100 2857 sint
1132 2810 1181 2856 in
1225 2848 1235 2857 .
1276 2848 1287 2858 .
1330 2849 1340 2858 .
1380 2811 1731 2860 detrimentum
1762 2811 1890 2860 diae
1923 2810 2038 2860 filue
2081 2843 2091 2853 ·
2135 2812 2217 2860 seu
2253 2809 2284 2857 fi
2319 2811 2460 2859 nobis
2499 2851 2508 2859 .
2552 2849 2562 2859 .
2601 2848 2612 2858 .

569 2899 788 2949 iniuriosi
828 2937 839 2947 .
886 2937 896 2947 .
938 2939 946 2947 .
987 2899 1169 2949 fuerint
1213 2911 1262 2950 et
1305 2902 1431 2951 male
1475 2903 1809 2967 persoluentes
1851 2903 2022 2953 licebit
2064 2902 2207 2952 nobis
2248 2942 2257 2951 .
2301 2943 2308 2951 .
2350 2943 2358 2952 .
2399 2903 2460 2952 de
2496 2940 2508 2950 .

569 2991 715 3040 terris
740 2999 790 3040 et
814 2991 1016 3039 decimis
1042 2992 1104 3039 ad
1136 3029 1147 3040 .
1179 3031 1189 3039 .
1219 3030 1229 3040 .
1261 2992 1454 3042 libitum
1488 3031 1499 3042 .
1530 3033 1540 3043 .
1574 3034 1584 3044 .
1614 2996 1873 3061 disponere
1902 3036 1912 3045 .
1943 3035 1953 3046 .
1982 3035 1990 3044 .
2023 2997 2221 3062 Apud.
2254 3036 2263 3045 .
2297 3036 2305 3045 .
2344 2996 2610 3061 capitulum

570 3083 690 3131 xvii‘
710 3083 788 3131 dic
813 3082 987 3131 mensis
1011 3082 1304 3132 Decembris
1325 3101 1456 3133 anno
1474 3085 1680 3136 Domini
1702 3087 1956 3137 millefimo
1976 3087 2364 3154 quingentesimo
2384 3088 2608 3138 secundo.
