2742 3848
503 362 602 412 546
1142 360 1440 412 CARTAE
1480 360 1950 411 ORIGINALES.

502 498 564 545 de
592 496 860 547 Thornton
885 525 895 535 ·
921 496 1274 546 Alexandrum
1299 497 1362 545 de
1391 494 1696 544 Crawmund
1724 525 1734 535 ·
1761 494 2110 544 Alexandrum
2138 496 2200 544 de
2229 495 2585 548 Stratheuchin

503 591 765 641 Andream
792 590 1019 657 Wynton
1074 617 1084 627 ·
1132 589 1417 638 Walterum
1446 586 1632 651 Strang
1681 617 1691 626 ·
1744 586 2023 647 Robertutn
2060 587 2227 638 Ravin
2274 619 2283 629 ·
2338 589 2584 642 Thomam

503 684 721 750 Bercley
741 713 751 724 ·
777 683 1055 733 Patricium
1076 681 1138 729 de
1158 680 1281 730 Blar
1302 709 1311 719 ·
1333 687 1383 729 et
1401 679 1437 728 J
1440 680 1651 729 acobum
1671 680 1733 729 de
1755 679 1921 747 Boyes
1943 712 1953 723 ·
1974 682 2059 746 qui
2080 682 2239 747 jurati
2259 683 2434 733 dicunt
2453 687 2586 748 quod

503 779 756 843 quondam
775 776 1067 826 Bernardus
1087 775 1148 823 de
1169 773 1320 840 Roffy
1341 790 1466 822 auus
1490 772 1665 822 Dauid
1684 773 1746 823 de
1767 773 1918 840 Roffy
1934 774 2110 825 latoris
2130 776 2443 841 presencium
2465 778 2587 826 obiit

504 871 708 921 vestitus
734 878 783 920 et
808 869 996 919 saifitus
1021 876 1076 918 ut
1101 869 1164 918 de
1189 868 1338 917 feodo
1365 868 1430 917 ad
1453 883 1629 932 pacem
1656 875 1705 917 et
1729 868 1880 918 fidem
1907 868 2098 919 domini
2123 871 2258 935 regis
2296 871 2359 919 de
2395 872 2587 921 duabus

501 964 726 1029 part-ibus
752 971 1001 1011 terrarum
1028 962 1091 1011 de
1117 960 1345 1011 Inneane
1371 978 1486 1010 cum
1510 961 1840 1026 pertinenciis
1866 970 1917 1011 et
1941 963 2076 1027 quod
2113 962 2273 1013 dictus
2310 963 2484 1014 Dauid
2517 966 2587 1015 est

500 1056 775 1121 legittimus
794 1063 843 1104 et
857 1054 1192 1120 propinquior
1207 1054 1354 1105 heres
1375 1053 1595 1104 eiusdem
1613 1054 1868 1119 quondam
1890 1054 2140 1105 Bernardi
2159 1057 2241 1106 aui
2262 1057 2334 1106 sui
2357 1058 2419 1107 de
2446 1059 2587 1107 diais

502 1150 649 1199 terris
687 1166 800 1198 cum
837 1147 1169 1213 pertinenciis
1207 1155 1258 1198 et
1294 1148 1430 1213 quod
1456 1148 1528 1198 est
1551 1148 1801 1214 legittime
1827 1150 1974 1199 etatis
2001 1180 2011 1189 ·
2040 1158 2090 1199 et
2123 1151 2254 1200 (11816
2289 1160 2423 1201 terre
2452 1171 2587 1202 nunc

501 1243 669 1292 valent
694 1260 786 1308 per
820 1259 1009 1292 annum
1049 1242 1273 1307 quinque
1310 1242 1493 1293 marcis
1532 1251 1582 1292 et
1618 1251 1846 1308 tempore
1889 1243 2027 1308 pacis
2070 1243 2305 1294 valebant
2336 1246 2389 1294 xl
2419 1264 2440 1294 s
2484 1276 2493 1285 ·
2539 1255 2588 1296 et

500 1345 736 1387 tenentur
783 1336 837 1385 in
887 1335 1050 1401 capite
1095 1336 1162 1385 >de
1211 1335 1416 1385 domino
1462 1335 1631 1386 nostro
1677 1353 1799 1402 rege
1847 1354 1939 1402 per
1984 1337 2251 1387 seruicium
2297 1338 2587 1391 feodefirme

500 1432 712 1480 duarum
749 1429 999 1479 bollarum
1033 1428 1166 1479 ordii
1206 1430 1466 1479 annuatim
1503 1429 1854 1482 soluendarum
1890 1429 2261 1481 constabulario
2287 1433 2349 1480 de
2375 1432 2587 1482 Munros

499 1532 549 1574 et
572 1542 708 1575 nunc
734 1524 798 1573 ad
822 1523 1084 1574 introitum
1112 1523 1251 1572 suum
1276 1523 1330 1572 in
1357 1523 1498 1572 diais
1524 1523 1673 1573 terris
1700 1523 2006 1589 duplicando
2032 1525 2215 1573 diaam
2254 1526 2445 1575 firmam
2488 1557 2498 1566 ·
2540 1536 2588 1576 et

502 1619 637 1683 quod
669 1618 801 1667 diae
838 1625 971 1667 terre
1007 1616 1196 1666 suntin
1221 1616 1452 1666 manibus
1493 1616 1683 1666 domini
1719 1617 1853 1683 regis
1889 1635 1981 1684 per
2016 1626 2229 1668 mortem
2268 1619 2488 1670 Mariote
2525 1623 2586 1671 de

500 1711 649 1778 Roffy
689 1711 861 1776 sponse
904 1711 1158 1775 quondam
1199 1709 1318 1758 dic'ti
1361 1710 1612 1760 Bernardi
1656 1712 1738 1761 aui
1782 1712 1901 1762 dieti
1941 1712 2111 1763 Dauid
2153 1722 2202 1763 et
2245 1715 2502 1765 existentis
2534 1717 2586 1766 in

499 1803 669 1855 11111ἃο
695 1805 843 1855 feodo
869 1806 930 1855 (16
958 1805 1144 1854 eisdem
1169 1804 1319 1854 terris
1343 1821 1435 1869 per
1460 1803 1681 1870 spacium
1709 1806 1922 1856 duorum
1957 1825 2204 1857 annorum
2232 1809 2311 1857 vel
2337 1809 2472 1859 circa
2496 1827 2588 1875 pro

501 1899 647 1950 causa
662 1899 771 1949 veri
794 1899 999 1948 heredis
1018 1900 1100 1963 jus
1126 1898 1268 1958 suum
1291 1916 1395 1948 non
1432 1900 1779 1964 prosequentis
1808 1926 1819 1937 ·
1856 1900 2090 1968 [Actum]
2121 1910 2170 1951 et
2197 1902 2417 1958 clausum
2442 1903 2587 1952 dietis

500 1995 584 2044 die
608 2002 658 2044 et
682 1994 794 2043 loco
818 1994 904 2042 sub
931 1991 1090 2058 figillo
1120 1992 1241 2041 dieti
1267 1992 1577 2042 vicecomitis
1605 2002 1654 2042 et
1680 1993 1766 2043 sub
1791 1992 1963 2060 figillis
1990 1996 2305 2060 quorundam
2333 1997 2422 2061 qui
2459 1996 2587 2046 (11616

499 2086 817 2154 inquificioni
842 2088 1124 2137 intererant
1149 2086 1397 2135 faciende.
