2762 3834
64 1946 155 1996 139

660 334 1088 386 REGISTRUM
1124 334 1221 385 DE
1258 333 1819 386 ABERBROTHOC.
2174 341 2261 385 121

207 469 423 518 multura
450 506 459 517 .
491 507 500 517 .
531 507 540 518 .
569 487 658 535 per
684 469 868 519 affisam
898 509 907 519 .
938 508 948 518 .
978 508 987 518 .
1016 470 1145 519 dieto
1170 470 1456 518 molendino
1481 469 1650 519 deberi
1687 477 1943 534 comperta
1965 468 2076 534 plus
2102 469 2268 518 valent

206 577 353 624 quam
378 560 564 610 summa
585 562 796 626 pecunie
820 580 912 627 pro
937 580 1036 627 qua
1070 562 1290 627 superius
1327 562 1390 610 ad
1426 561 1767 628 feodofirmam
1806 561 2086 611 afl'edantur
2110 561 2268 610 dietus

205 652 424 703 Jacobus
458 654 706 720 obligatur
746 692 754 702 .
797 692 807 703 .
848 692 858 703 .
896 655 948 703 in
985 654 1216 720 homagio
1254 654 1460 704 servicio
1501 692 1510 702 .
1552 692 1562 703 .
1602 693 1612 703 .
1648 661 1697 704 et
1731 654 1916 704 auxilio
1955 692 1966 704 .
2007 692 2017 703 .
2058 693 2068 702 .
2102 656 2268 705 abbati

208 753 256 793 et
282 747 551 796 conuentui
579 784 589 795 .
631 784 642 796 .
681 784 692 795 .
725 747 1089 812 imperpetuum
1116 754 1231 797 ante
1257 763 1427 795 omnes
1458 783 1468 793 .
1505 783 1516 794 .
1559 783 1568 794 .
1607 746 1838 811 homagio
1864 754 1913 796 et
1938 747 2145 796 seruicio
2174 785 2185 796 .
2216 785 2225 795 .
2256 787 2265 796 .

208 838 337 903 regis
364 838 542 887 saluis·
569 838 628 887 In
663 839 803 888 cuius
836 839 908 887 rei
935 838 1269 888 testimonium
1302 840 1433 904 parti
1480 877 1490 888 .
1538 877 1547 887 .
1595 875 1605 887 .
1643 839 1910 889 indenture
1948 857 2101 905 penes
2143 878 2154 889 .
2198 879 2208 889 .
2256 879 2265 889 .

207 930 434 979 abbatem
474 966 484 977 .
524 967 534 977 .
574 967 582 977 .
623 931 905 978 remansuro
942 930 1152 994 {igillum
1190 930 1308 979 (1ίὸὶὶ
1333 930 1513 980 Jacobi
1536 948 1634 979 vna
1658 948 1769 979 cum
1796 931 1954 997 sigillo
1994 970 2003 980 .
2042 970 2052 980 .
2090 970 2100 982 .
2144 932 2267 981 Wil-

207 1021 338 1069 lelmi
382 1022 443 1070 de
481 1020 801 1087 Wchtirlony
841 1022 902 1070 (10
940 1022 1090 1088 Kclly
1125 1023 1361 1072 auunculi
1402 1023 1517 1072 diffisi
1557 1023 1734 1073 Jacobi
1774 1061 1784 1072 .
1821 1061 1832 1073 .
1875 1062 1884 1072 .
1927 1042 2094 1073 coram
2140 1063 2150 1074 .
2198 1063 2208 1074 .
2256 1064 2265 1074 .

208 1114 498 1163 Alexandro
541 1114 603 1163 de
647 1112 1018 1180 Ouchtirlouny
1060 1115 1162 1164 filio
1206 1123 1255 1164 et
1294 1124 1566 1180 apparente
1604 1116 1787 1166 herede
1830 1117 1946 1165 diffl
1988 1117 2266 1167 Willelmi·

206 1208 424 1257 Patricio
453 1207 648 1257 Gardin
687 1207 748 1256 de
773 1207 947 1256 eodem
974 1235 983 1245 ·
1011 1208 1182 1257 Dauid
1208 1208 1396 1256 Herice
1427 1209 1488 1257 de
1514 1208 1657 1274 Dery
1684 1236 1694 1247 ·
1718 1209 1952 1274 magistro
1977 1210 2267 1260 Alexandro

206 1299 504 1349 Thorntoun
531 1299 727 1348 notario
755 1336 766 1348 .
797 1336 806 1347 .
837 1336 847 1348 .
874 1307 923 1348 et
947 1300 1181 1365 magistro
1209 1300 1407 1350 Thema
1430 1301 1705 1368 Dekysoun
1742 1303 1793 1351 in
1832 1303 2045 1353 decretis
2070 1304 2267 1354 bachal-

205 1392 329 1440 lario
378 1393 488 1440 sunt
535 1391 750 1457 appensa
799 1418 808 1428 ·
857 1397 907 1439 et
952 1392 1084 1456 parti
1247 1430 1257 1440 .
1306 1410 1459 1457 penes
1510 1431 1518 1440 .
1573 1432 1583 1441 .
1635 1434 1644 1443 .
1691 1394 1935 1444 Jacobum
1984 1399 2267 1446 remansuro

205 1483 414 1548 sigillum
445 1522 455 1532 .
487 1521 495 1531 .
525 1522 531 1530 .
563 1483 849 1533 monasterii
880 1523 888 1532 .
920 1522 929 1532 .
961 1522 971 1533 .
999 1483 1069 1533 est
1095 1486 1361 1550 appensum
1390 1527 1397 1535 .
1423 1527 1431 1535 .
1456 1527 1464 1535 .

207 1738 496 1810 Affedacio
522 1759 792 1809 tenementi
820 1760 870 1808 in
898 1759 944 1808 le
971 1758 1198 1823 Almory.

208 1921 473 1995 Omnibus
507 1982 515 1991 .
554 1981 562 1991 .
601 1981 610 1992 .
649 1942 963 1992 Malcomus.
999 1979 1009 1990 .
1044 1942 1231 1991 ,abbas
1270 1980 1279 1989 .
1315 1979 1325 1990 .
1368 1978 1377 1988 .
1416 1941 1477 1990 de
1504 1941 1882 1991 Abbirbrothoc
1922 1981 1930 1991 .
1970 1982 1978 1990 .
2018 1982 2026 1991 .
2066 1942 2267 1992 salutem

210 2077 217 2084 .
256 2075 264 2084 .
304 2076 311 2084 .
358 2035 617 2085 Noueritis
653 2053 743 2084 nos
779 2075 787 2083 .
829 2075 838 2084 .
895 2074 904 2084 .
943 2034 1219 2085 conceffiss'e
1257 2073 1266 2083 .
1306 2074 1315 2083 .
1361 2071 1370 2082 .
1405 2032 1612 2082 Andrce
1639 2033 1784 2099 Kyrk
1820 2041 1869 2083 et
1893 2034 2076 2085 Jonete
2101 2037 2269 2101 sponse

208 2129 290 2177 suc
334 2167 342 2177 .
381 2168 389 2177 .
430 2166 439 2176 .
477 2134 814 2177 tenementum
853 2166 861 2177 .
905 2166 915 2176 .
960 2167 968 2176 .
1013 2128 1064 2176 in
1102 2127 1211 2176 vico
1255 2127 1317 2175 de
1358 2126 1405 2175 le
1442 2125 1655 2192 Almory
1698 2126 1749 2175 in
1793 2127 2166 2177 Abbirbrothoc
2210 2147 2269 2177 ex

210 2227 350 2284 parte
375 2219 671 2270 occidentali
697 2220 911 2269 eiusdem
944 2220 1075 2268 inter
1102 2227 1285 2269 terram
1310 2218 1345 2267 J
1349 2218 1559 2267 ohannis
1584 2217 1815 2267 Feldefer
1841 2236 1899 2267 ex
1925 2227 2066 2284 parte
2090 2220 2269 2269 boriali

211 2312 425 2361 eiusdem
469 2352 477 2361 .
516 2351 525 2361 .
565 2352 573 2361 .
612 2323 660 2362 et
683 2312 942 2362 introitum
968 2313 1032 2361 ad
1056 2312 1297 2377 capellam
1326 2310 1493 2361 Samffi
1518 2310 1783 2360 Michaelis
1809 2329 1867 2360 ex
1901 2319 2042 2377 parte
2068 2312 2269 2362 australi

212 2404 425 2454 eiusdem
465 2444 473 2453 .
513 2445 521 2453 .
561 2445 569 2453 .
608 2405 942 2470 quodquidem
980 2412 1319 2454 tenementum
1362 2443 1371 2453 .
1416 2442 1427 2453 .
1471 2443 1480 2453 .
1525 2404 1619 2453 fuit
1655 2405 1843 2453 domini
1878 2405 2058 2455 Jacobi
2086 2405 2269 2456 Caruel

212 2496 468 2560 presbiteri
508 2497 597 2546 filii
634 2497 884 2561 quondam
928 2504 976 2546 et
1007 2496 1205 2546 heredis
1240 2496 1433 2546 Thome
1476 2495 1661 2546 Caruel
1698 2496 1954 2563 burgensis
1990 2498 2051 2547 de
2088 2499 2270 2548 Abbir-

212 2587 419 2637 brothoc
445 2596 495 2638 et
519 2590 652 2654 quod
689 2628 698 2639 .
737 2628 747 2638 .
785 2628 795 2638 .
831 2589 1053 2639 «Iacobus
1090 2628 1099 2638 .
1132 2630 1140 2639 .
1176 2629 1185 2639 .
1218 2590 1270 2639 in
1296 2590 1517 2639 fauorem
1546 2590 1850 2640 matrimonii
1876 2593 2115 2642 contracti
2139 2593 2269 2642 inter

214 2679 458 2742 prefatum
484 2681 741 2731 Andream
766 2688 815 2730 et
838 2681 874 2731 J
877 2688 1075 2731 onetam
1101 2682 1316 2731 sororem
1349 2722 1358 2732 .
1400 2723 1407 2731 .
1446 2721 1456 2731 .
1489 2682 1525 2732 J
1528 2684 1669 2732 aeobi
1694 2684 1836 2733 nobis
1863 2724 1872 2734 .
1899 2724 1908 2733 .
1936 2723 1945 2734 .
1973 2685 2267 2750 refignauit-

217 2769 511 2819 Tenendum
551 2810 559 2820 .
592 2810 602 2821 .
636 2811 645 2822 .
677 2773 730 2821 in
755 2773 900 2822 feodo
925 2781 974 2823 et
998 2774 1276 2824 hereditate
1312 2776 1661 2842 inperpetuum
1700 2816 1710 2825 .
1751 2816 1761 2826 .
1800 2816 1810 2826 .
1848 2777 2125 2828 Reddendo
2162 2818 2170 2827 .
2210 2818 2217 2827 .
2255 2815 2266 2825 .

216 2863 459 2912 monacho
484 2863 811 2914 elimofinario
849 2904 858 2915 .
896 2903 906 2915 .
943 2906 953 2915 .
991 2867 1210 2932 quinque
1235 2868 1416 2917 solidos
1440 2869 1594 2918 annui
1623 2869 1846 2919 redditus
1870 2869 2048 2919 vsualis
2073 2879 2268 2919 monete

216 2954 357 3021 regni
387 2953 561 3004 Scocie
590 2954 697 3021 [ad]
723 2957 842 3005 anni
866 2958 1104 3007 terminos
1128 2959 1317 3009 vsuales
1355 2999 1363 3009 .
1401 2999 1410 3009 .
1448 2999 1457 3009 .
1496 2961 1648 3026 Apud
1671 2961 2022 3011 monasterium
2050 2961 2266 3010 nostrum

217 3085 225 3094 .
261 3085 270 3095 .
306 3085 314 3095 .
352 3046 525 3111 quinto
551 3046 631 3095 die
664 3047 839 3096 menfis
875 3047 1057 3098 Marcii
1094 3067 1225 3099 anno
1250 3050 1457 3101 Domini
1494 3052 1748 3101 millefimo
1785 3052 2266 3118 quadringentesimo

216 3130 510 3204 sexagefimo
534 3137 707 3203 primo.

1235 3249 1266 3285 Q
