2762 3834
433 2937 496 2982 38

551 398 616 448 36
997 394 1424 447 REGISTRUM
1458 393 1556 443 DE
1592 388 2155 440 ABERBROTHOC.

551 530 803 580 ecclesiam
828 531 880 579 iu
905 538 1144 594 quantum
1182 566 1192 577 .
1233 564 1244 576 .
1285 565 1296 576 .
1331 525 1575 592 possumus
1607 531 1934 572 manutenere
1974 523 2198 572 volumus
2223 530 2272 572 et
2295 524 2570 572 reformare
2594 550 2606 562 ·

548 622 791 672 Volumus
828 622 982 687 igitur
1020 658 1031 670 .
1072 658 1084 669 .
1122 658 1135 670 .
1172 628 1221 669 et
1260 656 1271 667 .
1311 655 1321 666 .
1362 656 1374 667 .
1413 618 1636 665 iubemus
1675 614 1911 680 quosdam
1950 615 2219 664 monachos
2257 616 2320 665 ad
2360 616 2460 665 alia
2495 617 2608 665 loca

550 715 777 780 religiosa
830 714 1092 763 transmitti
1146 712 1395 776 quousque
1450 708 1730 774 supradi&a
1783 706 1992 756 ecclesia
2044 707 2300 756 meliorari
2348 708 2511 756 valeat
2544 708 2608 756 «εἰ

549 806 807 855 reformari
847 805 899 852 in
943 805 1083 854 chori
1127 807 1316 852 testum
1354 803 1406 850 in
1448 818 1578 850 naue
1621 809 1671 850 et
1714 818 1863 851 cruce
1913 830 1924 841 ·
1972 818 2067 850 nec
2115 801 2342 850 volumus
2389 801 2605 865 aliquem

548 896 841 945 monachum
876 912 1087 944 renuere
1112 903 1196 943 aut
1221 893 1565 943 contradicere
1590 894 1724 958 quod
1748 894 1811 943 ab
1836 894 2016 943 abbate
2040 894 2126 942 suo
2162 892 2337 942 iussum
2372 893 2524 942 fuerit
2559 903 2610 942 et

548 989 828 1037 ordinatum
860 988 946 1035 sub
980 1004 1110 1051 pena
1146 985 1676 1035 excommunicationis
1713 994 1762 1035 et
1798 985 2212 1035 incarcerationis
2250 1012 2261 1024 ·
2302 984 2609 1035 Ordinamus

547 1081 701 1129 eciam
726 1080 849 1128 duos
873 1079 1139 1127 monachos
1165 1096 1276 1128 cum
1303 1079 1495 1127 duobus
1531 1078 1793 1143 armigeris
1825 1078 1919 1128 effe
1955 1078 2244 1128 colle&ores
2275 1077 2524 1128 leuatores
2561 1086 2610 1127 et

546 1180 825 1236 receptores
844 1178 1090 1220 terrarum
1110 1179 1160 1220 et
1179 1170 1493 1220 ecclesiarum
1516 1171 1637 1219 dieti
1660 1171 1949 1221 monasterii
1969 1188 2119 1220 vnum
2139 1171 2192 1220 in
2213 1172 2437 1236 partibus
2458 1171 2608 1220 ultra·

545 1263 790 1312 montanis
816 1271 865 1312 et
890 1263 1039 1312 alium
1065 1264 1116 1311 in
1141 1263 1364 1328 partibus
1389 1264 1451 1312 de
1478 1265 1687 1330 Mernys
1720 1291 1730 1301 ·
1763 1265 1941 1330 Angus
1973 1292 1983 1302 ·
2014 1264 2116 1331 Fyf
2141 1294 2152 1305 ·
2184 1271 2234 1314 et
2257 1266 2320 1314 de
2346 1263 2609 1313 Strathern

545 1358 689 1422 plene
715 1365 763 1406 et
788 1356 981 1421 integre
1006 1356 1134 1422 ipsos
1158 1357 1390 1405 denarios
1423 1356 1590 1406 dando
1615 1357 1784 1407 abbati
1817 1357 1903 1406 suo
1939 1374 2030 1422 per
2065 1357 2385 1407 indenturam
2422 1365 2472 1406 et
2506 1357 2609 1422 ipse

546 1451 693 1498 abbas
718 1466 807 1514 per
831 1449 1147 1498 indenturam
1172 1449 1406 1514 magistro
1431 1451 1596 1515 operis
1621 1449 1852 1499 ordinato
1877 1449 1962 1514 qui
1992 1449 2224 1514 magister
2260 1450 2424 1513 operis
2458 1450 2608 1498 faciet

547 1542 781 1607 expensas
819 1542 880 1591 de
918 1542 1031 1607 ipfis
1069 1542 1286 1592 denariis
1323 1560 1415 1608 per
1441 1543 1595 1592 visum
1620 1551 1670 1592 et
1704 1542 1961 1592 confilium
1996 1543 2068 1591 sui
2104 1542 2296 1593 abbatis
2331 1543 2608 1608 reddetque

547 1636 797 1684 racionem
823 1644 873 1684 et
898 1647 1177 1700 compotum
1203 1636 1372 1685 abbati
1408 1643 1458 1685 et
1495 1637 1768 1686 conuentui
1806 1637 1868 1685 de
1907 1635 2123 1701 receptis
2163 1664 2174 1675 ·
2213 1635 2282 1685 Et
2321 1636 2608 1685 ordinamus

547 1728 680 1792 quod
704 1728 853 1777 abbas
877 1727 1143 1794 restringat
1181 1729 1418 1794 expensas
1455 1746 1550 1778 nec
1585 1730 1801 1794 hospites
1843 1729 2075 1778 admittat
2111 1728 2196 1777 sed
2231 1727 2516 1794 singillatim
2559 1737 2608 1777 et

547 1822 732 1869 secrete
774 1837 1019 1870 cameram
1061 1822 1194 1869 suam
1237 1830 1406 1871 teneat
1447 1850 1458 1861 ·
1500 1830 1550 1871 et
1588 1823 1809 1871 sufficere
1848 1822 2076 1871 volumus
2118 1821 2323 1871 cuilibet
2359 1822 2606 1870 monacho

547 1930 636 1977 per
661 1930 845 1962 annum
869 1931 960 1978 pro
980 1914 1110 1963 νίἃυ.
1135 1922 1184 1963 et
1210 1914 1388 1965 vestitu
1407 1916 1683 1966 duodecem
1702 1932 1897 1964 mareas
1915 1915 2177 1980 percipere
2201 1944 2212 1954 ·
2240 1915 2362 1964 Alia
2378 1915 2610 1964 facienda

547 2005 713 2054 nostro
751 2007 999 2055 mediante
1039 2006 1240 2057 confilio
1278 2009 1504 2058 volumus
1543 2009 1772 2058 abbatem
1797 2009 1850 2057 in
1877 2008 2106 2057 omnibus
2130 2008 2329 2073 operari
2354 2015 2403 2056 et
2428 2008 2492 2057 ad
2515 2008 2608 2056 hec

548 2098 713 2146 omnia
765 2099 1060 2163 complenda
1106 2108 1155 2149 et
1201 2101 1506 2163 perficienda
1553 2102 1809 2151 dominum
1856 2102 2202 2151 Alexandrum
2251 2103 2311 2150 de
2359 2101 2608 2166 Lindesay

546 2189 796 2238 dominum
845 2191 907 2238 de
955 2191 1168 2241 Glenesk
1211 2202 1260 2242 et
1302 2194 1558 2243 dominum
1605 2194 1891 2244 Johannem
1938 2195 2001 2243 de
2048 2193 2227 2260 Lyovn
2276 2194 2603 2243 camerarium

549 2281 720 2330 Scocie
747 2283 1049 2332 consiliarios
1075 2284 1368 2350 affignamus
1389 2294 1439 2336 et
1457 2287 1711 2350 adiutores
1729 2286 1968 2352 speciales
1989 2315 2000 2326 ·
2026 2286 2089 2335 In
2109 2286 2250 2336 cuius
2269 2286 2607 2335 ordinacionis

546 2375 877 2425 testimonium
899 2377 988 2425 has
1013 2378 1204 2428 litteras
1228 2380 1338 2428 fieri
1361 2381 1570 2430 fecimus
1592 2386 1827 2445 patenter
1851 2379 1983 2444 apud
2006 2378 2431 2428 Inchemurthoch
2451 2378 2607 2427 tercio

550 2468 628 2516 die
653 2468 829 2518 mensis
853 2469 887 2518 J
891 2470 996 2519 unii
1019 2488 1148 2520 anno
1174 2473 1344 2538 gracie
1367 2472 1624 2523 millefimo
1651 2478 1757 2523 ecc⁰
1783 2471 2096 2538 ofitogefimo.

549 2716 830 2788 Affedacio
856 2741 1128 2790 communis
1151 2741 1357 2806 pistrine
1383 2745 1443 2793 de
1468 2745 1826 2796 Abirbrothoc.

546 2898 810 2971 Omnibus
847 2956 857 2968 .
895 2958 905 2968 .
942 2958 954 2969 .
988 2921 1244 2972 Johannes
1282 2962 1292 2973 .
1330 2962 1340 2973 .
1378 2962 1389 2973 .
1424 2926 1574 2976 abbas
1610 2965 1620 2976 .
1657 2965 1668 2977 .
1709 2965 1719 2976 .
1758 2928 1820 2976 de
1845 2927 2184 2977 Abirbrothoc
2219 2964 2231 2976 .
2269 2964 2279 2976 .
2318 2966 2329 2976 .
2362 2928 2567 2977 salutem
2594 2958 2605 2968 ·

551 3012 764 3062 Nouerit
783 3012 1071 3063 vniuerfitas
1091 3014 1253 3064 vestra
1276 3034 1366 3065 nos
1391 3018 1615 3069 affedafle
1653 3056 1664 3068 .
1705 3057 1717 3068 .
1756 3057 1768 3069 .
1802 3020 2025 3069 Roberto
2051 3020 2113 3068 de
2137 3018 2351 3068 Dunbar
2375 3020 2605 3085 burgensi

548 3105 665 3154 ville
691 3105 752 3153 de
774 3105 1110 3156 Abirbrothoc
1134 3107 1391 3172 pistrinam
1415 3111 1633 3160 nostram
1657 3113 1807 3178 burgi
1830 3113 1892 3162 de
1918 3112 2260 3162 Abirbrothoc
2287 3149 2299 3161 .
2327 3150 2339 3161 .
2369 3150 2380 3161 .
2410 3112 2606 3162 Tenen-

550 3198 662 3247 dam
679 3197 764 3246 fibi
785 3206 833 3246 et
848 3197 1112 3247 heredibus
1129 3198 1223 3248 suis
1250 3238 1261 3249 .
1289 3237 1300 3250 .
1331 3238 1341 3250 .
1370 3218 1481 3251 cum
1506 3205 1732 3254 omnibus
1761 3243 1772 3254 .
1801 3243 1814 3255 .
1842 3243 1854 3255 .
1880 3205 2206 3271 pertinenciis
2233 3243 2246 3255 .
2274 3243 2286 3256 .
2315 3243 2326 3255 .
2356 3205 2605 3256 Soluendo
