2762 3834
0 1860 104 1938 ÷182

610 350 1034 401 REGISTRUM
1068 351 1165 401 DE
1202 353 1757 407 ABERBROTHOC.
2110 362 2199 411 161

165 523 172 530 .
212 522 220 530 .
259 522 267 530 .
306 497 394 546 per
419 480 634 543 aliquam
673 520 682 529 .
721 521 729 529 .
768 522 776 530 .
818 485 1040 546 parcium
1065 494 1238 535 contra
1261 487 1390 536 idem
1416 489 1567 537 breue
1593 490 1674 537 seu
1698 491 1929 554 personas
1953 491 2003 539 in
2029 494 2200 541 eodem

268 612 278 621 .
321 573 648 621 nominandas
683 573 765 620 seu
801 574 965 622 locum
1001 584 1193 641 tempus
1231 579 1308 626 vel
1343 579 1473 628 diem
1512 580 1695 630 directe
1720 582 1799 630 vel
1833 583 2071 632 indirecte
2092 601 2202 649 pro—

161 665 391 729 ponenda
416 693 425 702 -
453 663 518 711 Et
554 662 587 709 fi
625 679 719 725 que
756 664 940 713 fuerint
974 667 1219 730 propofite
1253 670 1435 719 nullius
1471 672 1662 720 roboris
1699 673 1790 722 fint
1823 714 1831 722 .
1868 714 1876 723 .
1915 715 1923 723 .
1957 677 2039 724 sed
2070 678 2201 739 quod

161 756 289 804 dicto
322 756 402 803 die
430 755 609 803 virtute
644 753 825 817 prefati
859 755 1025 803 breuis
1057 742 1147 820 per
1182 760 1391 809 barones
1427 770 1475 811 et
1506 779 1736 827 proceres
1770 767 1929 829 patrie
1956 784 2046 830 per
2069 767 2200 815 iusti-

163 848 370 896 ciarium
394 846 657 911 elegendos
683 845 948 908 vnicuique
984 848 1221 897 reddatur
1253 854 1385 915 quod
1420 854 1598 903 iustum
1635 857 1722 905 eiis
1750 858 1903 906 uisum
1926 859 2076 908 fuerit
2101 860 2198 908 fine

163 939 415 1003 questione
452 978 460 986 .
499 977 507 986 .
546 977 554 986 .
591 937 658 986 Et
683 938 745 985 ad
771 937 864 985 hoc
889 938 1244 988 obseruandum
1282 942 1633 994 inuiolabiliter
1660 965 1755 996 vna
1777 966 1891 1013 pars
1916 950 2059 999 alteri
2082 951 2199 1000 hinc

161 1032 276 1080 inde
300 1032 446 1079 fidem
471 1030 685 1094 prestitit
710 1029 896 1077 dextris
922 1029 1131 1078 extensis
1156 1058 1165 1067 ·
1194 1031 1350 1096 Super
1377 1036 1552 1099 quibus
1589 1077 1597 1085 .
1632 1078 1641 1086 .
1679 1079 1688 1087 .
1726 1041 1874 1089 abbas
1910 1081 1919 1089 .
1955 1081 1963 1090 .
2002 1082 2010 1090 .
2047 1043 2198 1107 peciit

161 1165 170 1173 .
207 1166 214 1172 .
251 1164 259 1172 .
293 1123 620 1171 instrumenta
643 1151 653 1161 ·
678 1122 805 1170 Acta
840 1129 981 1170 erant
1015 1122 1108 1170 hec
1142 1123 1194 1170 in
1219 1123 1359 1171 dictis
1384 1126 1527 1174 terris
1554 1128 1909 1179 debatabilibus
1942 1172 1950 1180 .
1986 1172 1994 1180 .
2030 1171 2038 1181 .
2075 1134 2199 1183 hora

162 1217 295 1280 quafi
340 1216 601 1264 vndecima
647 1222 760 1263 ante
807 1214 1075 1262 merediem
1121 1215 1426 1278 presentibus
1468 1257 1476 1265 .
1521 1257 1529 1266 .
1573 1259 1581 1267 .
1630 1220 1860 1286 Georgeo
1907 1225 2104 1273 domino
2152 1227 2197 1274 le

164 1310 406 1358 Gordoun
432 1337 442 1347 ·
468 1307 722 1356 Willelmo
759 1306 960 1354 domino
991 1306 1037 1353 16
1062 1292 1248 1355 Forbes
1274 1335 1283 1344 ·
1310 1308 1598 1358 Alexandro
1630 1313 1827 1360 domino
1864 1316 1923 1363 de
1949 1316 2160 1382 Pitssego
2186 1347 2195 1356 ·

162 1403 451 1451 Alexandro
470 1401 658 1449 Forbes
684 1401 899 1464 dompno
926 1400 987 1447 de
1009 1399 1253 1447 Tochoun
1277 1427 1286 1437 ·
1310 1407 1358 1447 et
1380 1399 1574 1449 Thoma
1596 1401 1854 1466 Hogstoun
1881 1446 1889 1454 .
1917 1447 1924 1455 .
1954 1447 1961 1455 .

226 1494 482 1542 Johannes
510 1492 717 1558 Guthyn
757 1532 764 1540 .
804 1532 812 1540 .
849 1532 856 1539 .
892 1490 1147 1538 notarius,
1176 1530 1183 1538 .
1212 1530 1220 1538 .

158 1673 331 1746 Carta
355 1695 665 1758 quarundam
691 1700 935 1742 terrarum
958 1693 1089 1742 infra
1111 1692 1367 1741 baroniam
1390 1694 1450 1741 de
1477 1693 1691 1742 Tarwas

156 1837 433 1910 Uniuerfis
470 1900 478 1908 .
517 1901 525 1909 .
564 1901 573 1909 .
610 1869 777 1924 pateat
808 1901 816 1909 .
855 1901 863 1908 .
899 1900 908 1909 .
944 1878 1033 1908 nos
1070 1859 1373 1908 Malcomum
1407 1899 1415 1907 .
1453 1899 1461 1907 .
1502 1897 1512 1907 .
1550 1860 1774 1908 abbatem
1811 1900 1819 1908 .
1858 1900 1866 1908 .
1903 1900 1911 1908 .
1955 1862 2014 1909 de
2051 1862 2196 1911 Abir-

153 1952 365 2000 brothok
399 1992 407 2000 .
445 1992 454 2000 .
493 1992 501 2001 .
539 1951 812 2001 conceffifl'e
848 1992 855 2000 .
896 1992 904 2000 .
944 1992 952 2000 .
990 1952 1156 1999 nostro
1182 1952 1428 2016 armigero
1449 1951 1701 2000 Willelmo
1724 1953 1785 2000 de
1806 1952 1977 2018 Vldny
1999 1955 2195 2002 domino

155 2043 368 2092 eiusdem
396 2081 406 2091 .
435 2082 445 2092 .
475 2081 486 2092 .
514 2051 670 2092 terras
694 2044 882 2092 nostras
915 2082 925 2092 .
959 2081 969 2092 .
1004 2081 1014 2092 .
1044 2044 1264 2092 iacentes
1284 2044 1417 2091 infra
1441 2044 1834 2092 vicecomitatum
1858 2046 1917 2093 de
1937 2045 2194 2094 Abbirden

154 2135 204 2182 in
241 2136 449 2183 baronia
486 2136 547 2184 de
585 2135 779 2183 Taruas
816 2135 949 2183 infra
988 2135 1298 2199 regalitatem
1336 2134 1551 2182 nostram
1592 2172 1601 2181 .
1642 2171 1652 2181 .
1693 2171 1702 2181 .
1738 2135 1867 2182 inter
1902 2135 1948 2182 16
1985 2153 2102 2184 carn
2134 2138 2194 2185 de

155 2226 496 2292 Kylmorchan
523 2245 582 2275 ex
606 2234 749 2291 parte
775 2227 1074 2275 occidentali
1093 2234 1142 2275 et
1158 2226 1374 2292 Nigrum
1400 2227 1599 2275 Vadum
1615 2246 1673 2276 ex
1695 2236 1834 2292 parte
1861 2230 2086 2279 orientali
2110 2258 2119 2267 ·
2146 2238 2194 2278 et

155 2335 183 2365 a
205 2318 252 2366 16
277 2336 396 2367 carn
423 2319 483 2366 de
510 2318 835 2366 Kilmorchan
862 2336 924 2366 ex
958 2318 1093 2366 linea
1122 2321 1257 2366 recta
1292 2319 1612 2367 extendentes
1639 2319 1782 2382 vsque
1808 2321 1870 2367 ad
1893 2321 2106 2369 riuulum
2132 2323 2191 2369 de

155 2408 317 2458 Brone
344 2410 510 2459 uersus
532 2409 746 2458 austrum
773 2439 782 2448 -
811 2417 860 2458 et
895 2411 956 2458 ab
996 2411 1167 2458 eodem
1206 2411 1253 2459 le
1295 2428 1414 2459 carn
1453 2428 1542 2475 per
1582 2411 1762 2459 lineam
1803 2415 1984 2460 rectam
2028 2421 2187 2461 exten-

156 2502 323 2550 dentes
349 2502 494 2566 vsque
518 2504 580 2551 ad
603 2503 649 2551 le
670 2503 926 2551 matricem
944 2503 1056 2551 lech
1077 2504 1240 2550 versus
1265 2504 1465 2550 boream
1491 2531 1500 2540 ·
1530 2501 1794 2550 Tenendas
1831 2541 1841 2550 .
1881 2541 1890 2550 .
1931 2541 1942 2551 .
1971 2504 2023 2551 in
2047 2505 2190 2552 feodo

157 2601 204 2642 et
239 2595 512 2644 hereditate
554 2596 901 2659 inperpetuum
939 2633 948 2643 .
987 2633 997 2643 .
1035 2632 1045 2642 .
1077 2595 1208 2643 salua
1245 2594 1387 2642 nobis
1420 2631 1430 2642 .
1460 2631 1471 2642 .
1501 2630 1512 2642 .
1538 2594 1795 2658 regalitate
1824 2595 1989 2642 nostra
2020 2625 2030 2635 -
2064 2596 2191 2645 Red-

155 2685 314 2734 dendo
342 2723 354 2734 .
382 2723 392 2732 .
423 2723 433 2734 .
460 2694 671 2750 quatuor
697 2686 926 2734 denarios
952 2685 1129 2734 vsualis
1164 2692 1360 2747 monete
1389 2683 1561 2734 Scocie
1586 2686 1649 2733 ad
1673 2686 1794 2733 duos
1819 2687 1935 2734 anni
1960 2688 2192 2735 terminos

158 2811 168 2821 .
200 2812 210 2822 .
246 2812 257 2824 .
287 2777 485 2824 nomine
511 2777 619 2825 albe
640 2777 780 2825 firme
804 2776 950 2840 super
974 2776 1181 2823 fundum
1206 2784 1450 2825 terrarum
1476 2776 1509 2823 fi
1534 2784 1731 2839 petatur
1753 2806 1762 2815 ·
1789 2778 2191 2827 faciendoeciam

156 2873 252 2914 tres
275 2867 424 2915 sectas
449 2868 512 2916 ad
547 2876 646 2916 tres
681 2868 871 2915 nostras
907 2867 1069 2914 curias
1102 2866 1337 2930 capitales
1379 2867 1631 2914 annuatim
1670 2868 1906 2915 tenendas
1931 2870 2060 2931 apud
2084 2869 2189 2917 Kil-

155 2957 390 3006 morchan
427 2959 508 3006 uel
549 2958 667 3006 alibi
707 2957 839 3004 infra
879 2957 1058 3005 di&am
1098 2959 1354 3006 baroniam
1389 2959 1449 3006 de
1476 2958 1669 3007 Taruas
1704 2967 1894 3007 tantum
1922 2996 1932 3008 .
1961 2997 1971 3007 .
2001 2998 2011 3008 .
2041 2961 2190 3024 Apud

155 3048 496 3097 monasterium
526 3085 536 3096 .
566 3085 577 3096 .
606 3085 617 3096 .
644 3047 871 3096 vicesimo
907 3048 1120 3095 secundo
1157 3049 1237 3097 die
1275 3048 1450 3097 menfis
1490 3048 1790 3113 Septembris
1826 3067 1954 3098 anno
1985 3050 2188 3099 Domini

155 3137 404 3187 millefimo
430 3137 909 3203 quadringentesimo
934 3138 1226 3202 sexagesimo
1250 3156 1396 3186 nono.

1135 3245 1167 3275 x
