2762 3834
597 352 1024 405 REGISTRUM
1055 357 1153 407 DE
1188 358 1746 410 ABERBROTHOC.
1966 389 1969 392 1
2097 369 2194 413 255

153 552 448 626 Commiffio
473 574 525 622 in
550 574 729 624 itinere
753 577 1021 628 iusticiarie
1046 587 1094 629 et
1120 583 1404 634 camerarie.

154 732 428 806 Uniuerfis
452 763 620 820 pateat
656 794 666 805 .
705 794 716 806 .
750 796 759 806 .
796 776 884 807 nos
909 760 1079 809 Dauid
1117 799 1128 810 .
1161 801 1171 811 .
1207 801 1217 812 .
1255 765 1479 814 abbatem
1515 803 1526 814 .
1562 803 1573 814 .
1609 803 1621 814 .
1659 767 1719 814 de
1744 767 2082 817 Abirbrothoc

155 846 446 895 constituisse
484 888 494 899 .
536 885 546 896 .
591 886 600 896 .
642 849 930 914 magistrum
971 851 1252 903 Johannem
1290 856 1467 922 Lyoun
1506 858 1758 906 dominum
1794 860 1855 907 de
1894 859 2190 926 Glammys·

152 939 394 989 Jacobum
432 940 618 1007 Ogilvy
654 943 715 990 de
753 943 871 992 Erle
907 945 1113 994 militem
1150 974 1161 984 ·
1197 947 1479 997 Johannem
1517 949 1699 1015 Ogilvy
1740 952 1800 999 de
1837 951 2150 1002 ›Bawndowff
2179 981 2190 992 ·

155 1032 395 1081 Thomam
443 1032 484 1081 F
487 1034 785 1100 ot-hryngam
824 1036 1100 1102 devPowry
1141 1065 1151 1074 ·
1193 1039 1470 1088 Walterum
1511 1040 1710 1105 Ogilwy
1743 1043 1804 1090 de
1844 1042 2143 1109 Auchlevyn
2182 1071 2192 1081 ·

151 1124 430 1174 Johannem
471 1125 691 1191 Bonkyll
723 1154 733 1164 ·
764 1126 800 1175 J
803 1127 1047 1175 ohannem
1086 1128 1357 1194 Quhythed
1385 1157 1395 1168 ·
1430 1132 1693 1196 burgenses
1726 1134 1787 1181 de
1819 1134 2147 1199 Edynburcht
2180 1162 2192 1174 ·

152 1216 488 1265 Alexandrum
531 1218 766 1267 Chalmer
805 1247 815 1257 ·
857 1219 1104 1267 Thomam
1138 1219 1258 1269 Pret
1292 1249 1302 1259 ·
1343 1222 1586 1270 Thomam
1610 1223 1748 1289 Fyiff
1780 1251 1791 1261 ·
1833 1226 2095 1290 burgenses
2130 1227 2191 1275 de

151 1309 451 1374 Abberdeyn
476 1338 485 1347 ·
512 1309 786 1358 Robertum
819 1310 1011 1359 Mersar
1036 1340 1046 1350 ·
1074 1311 1330 1361 Andream
1366 1312 1590 1362 Chartris
1616 1343 1626 1353 ·
1650 1315 1915 1381 burgenses
1946 1318 2007 1365 de
2036 1318 2155 1367 Pert
2179 1347 2189 1356 ·

151 1401 490 1450 Alexandrum
520 1402 708 1469 Ogilvy
734 1431 744 1441 ·
768 1403 939 1452 Dauid
976 1404 1317 1469 Fothryngam
1342 1433 1352 1442 ·
1379 1404 1722 1453 Alexandrum
1753 1406 1870 1455 Bois
1894 1434 1905 1445 ·
1927 1409 2192 1473 burgenses

152 1493 210 1541 de
223 1492 406 1542 Dunde
422 1493 479 1541 -J
482 1494 726 1543 ohannem
748 1493 984 1544 Stratoun
1006 1523 1015 1532 ·
1035 1494 1376 1543 Alexandrum
1396 1494 1526 1544 Cant
1544 1524 1554 1535 ·
1574 1497 1834 1561 burgenses
1855 1499 1915 1546 de
1936 1499 2162 1549 Montros
2180 1530 2190 1539 ·

150 1585 427 1634 Johannem
461 1585 685 1635 Currour
718 1614 729 1625 ·
761 1586 1044 1635 Johannem
1075 1586 1318 1636 Colesoun
1355 1615 1365 1625 ·
1403 1587 1664 1652 burgenses
1701 1590 1760 1637 de
1793 1589 1965 1638 Banffe
2002 1615 2011 1625 ·
2044 1592 2191 1641 Alex-

153 1678 359 1726 andrum
395 1678 524 1727 Reid
554 1679 844 1744 burgensem
871 1680 931 1727 de
956 1679 1199 1727 Innernes
1235 1708 1245 1718 ·
1279 1678 1558 1728 Walterum
1589 1680 1850 1744 Lychtoun
1887 1683 1948 1729 de
1986 1681 2190 1732 Owsanc

150 1769 389 1818 iuniorem
415 1799 424 1809 ·
451 1771 739 1836 magistrum
764 1770 1047 1836 Georgeum
1072 1770 1312 1836 Styrlyng
1336 1771 1397 1819 de
1424 1771 1587 1820 Breke
1613 1800 1622 1810 ·
1651 1771 1952 1821 Malcomum
1973 1773 2157 1840 Ogilvy
2182 1806 2192 1815 ·

152 1860 428 1910 Johannem
452 1862 796 1928 Fothryngam
821 1890 831 1899 ·
856 1862 1200 1911 Alexandrum
1228 1863 1426 1929 Ogilwy
1452 1892 1462 1902 ·
1488 1863 1789 1913 Duncanum
1820 1865 2083 1931 Lychtoun
2109 1894 2118 1904 ·
2145 1876 2192 1917 et

151 1953 428 2003 Johannem
463 1954 645 2003 Brown
687 1995 697 2004 .
744 1994 753 2004 .
794 1995 803 2004 .
838 1955 1029 2003 nostros
1072 1994 1081 2004 .
1121 1994 1130 2003 .
1167 1995 1178 2005 .
1219 1965 1567 2020 procuratores
1605 1956 1812 2006 findicos
1850 1959 2193 2009 commissarios

151 2044 438 2094 iusticiarios
472 2047 771 2095 camerarios
806 2047 1017 2095 balliuos
1060 2087 1068 2095 .
1110 2087 1118 2096 .
1161 2087 1170 2096 .
1211 2048 1630 2112 negociorumque
1666 2049 1941 2098 nostrorum
1976 2051 2192 2116 gestores

224 2174 235 2185 .
261 2138 323 2186 ad
347 2139 730 2203 comparendum
754 2156 846 2203 pro
877 2139 1019 2188 nobis
1044 2179 1052 2188 .
1081 2179 1090 2188 .
1118 2178 1127 2189 .
1154 2157 1319 2188 coram
1346 2179 1355 2188 .
1383 2177 1395 2189 .
1424 2177 1435 2189 .
1461 2140 1742 2188 iusticiariis
1780 2178 1791 2188 .
1826 2177 1838 2189 .
1874 2179 1903 2189 ,γ
1922 2143 2052 2207 regis
2084 2180 2096 2192 .
2131 2179 2142 2191 .
2178 2181 2188 2191 .

152 2228 230 2277 seu
255 2229 699 2279 locumtenentibus
731 2270 739 2279 .
767 2269 776 2278 .
805 2270 813 2279 .
846 2231 897 2278 in
922 2232 1147 2295 proximo
1172 2232 1350 2281 itinere
1377 2231 1643 2280 iusticiarie
1668 2234 1882 2281 tenendo
1919 2272 1928 2281 .
1965 2273 1975 2282 .
2012 2273 2022 2284 .
2059 2236 2187 2299 apud

143 2320 266 2370 -Pert
290 2321 514 2371 vicesimo
539 2323 699 2387 primo
734 2324 834 2376 diex
849 2324 1041 2388 menfis·
1059 2324 1282 2388 proxime
1317 2323 1470 2372 futuri
1507 2363 1515 2371 .
1558 2362 1569 2372 .
1613 2363 1622 2371 .
1660 2331 1707 2372 et
1743 2324 1794 2372 in
1831 2325 2054 2373 omnibus
2080 2326 2187 2374 aliis

149 2412 402 2462 itineribus
448 2414 716 2463 iusticiarie
763 2422 811 2463 et
859 2417 1131 2474 camerarie
1183 2455 1192 2464 .
1250 2455 1259 2464 .
1314 2454 1323 2464 .
1375 2411 1505 2480 regis
1553 2424 1602 2464 et
1651 2416 1800 2464 curiis
1844 2413 2186 2466 vicecomitum

150 2504 347 2553 vbilibet
383 2505 515 2553 infra
549 2524 757 2571 regnum
797 2505 970 2556 Scocie
1008 2508 1234 2555 tenendis
1267 2526 1325 2556 ac
1361 2508 1517 2556 eciam
1541 2508 1594 2555 in
1620 2508 1727 2556 aliis
1750 2508 1898 2557 curiis
1921 2510 2186 2558 barronum

148 2593 296 2644 libere
348 2598 621 2646 tenentium
670 2598 751 2646 seu
796 2594 1067 2663 burgorum
1118 2638 1127 2647 .
1182 2638 1191 2647 .
1251 2639 1260 2648 .
1313 2618 1478 2648 coram
1526 2600 1895 2664 quibuscunque
1941 2601 2185 2650 iudicibus

148 2686 438 2737 secularibus
479 2728 489 2738 .
528 2730 537 2738 .
576 2729 584 2739 .
629 2698 678 2738 et
701 2690 885 2739 ibidem
925 2729 934 2738 .
974 2729 984 2739 .
1026 2729 1034 2739 .
1075 2692 1272 2754 quando
1298 2686 1419 2756 opus
1444 2692 1592 2740 fuerit
1628 2730 1638 2740 .
1679 2731 1689 2740 .
1733 2731 1742 2740 .
1784 2692 1938 2740 libere
1963 2700 2184 2742 tenentes

148 2780 332 2830 nostros
368 2783 590 2831 homines
626 2791 784 2832 terras
832 2783 1024 2832 nostras
1063 2783 1146 2832 seu
1183 2783 1498 2848 regalitatum
1537 2783 1812 2832 nostrarum
1852 2783 2182 2833 inhabitantes

149 2871 423 2938 nostrosque
448 2883 671 2924 tenentes
719 2915 728 2923 .
775 2913 787 2924 .
837 2912 847 2922 .
897 2876 959 2923 ad
983 2875 1163 2924 itinera
1186 2875 1352 2923 nostra
1399 2914 1409 2923 .
1457 2914 1466 2923 .
1516 2914 1525 2923 .
1575 2882 1624 2923 et
1671 2915 1679 2923 .
1729 2914 1738 2923 .
1788 2915 1796 2923 .
1842 2876 1962 2924 alias
1993 2876 2181 2925 nostras

150 2963 305 3012 curias
337 3004 346 3014 .
381 3003 390 3013 .
427 3004 437 3014 .
473 2966 848 3031 replegiandum
890 3005 899 3014 .
938 3004 947 3014 .
989 3005 997 3014 .
1040 2967 1191 3030 Apud
1226 2967 1630 3016 Abbirbrothoch
1667 2968 1858 3015 decimo
1894 2968 2064 3031 quinto
2101 2969 2179 3017 die

149 3056 316 3103 menfis
345 3056 531 3121 Aprilis
553 3075 683 3106 anno
709 3057 915 3105 Domini
944 3057 1084 3111 1487.
