2762 3834
43 771 96 824 71

596 362 1021 414 REGISTRUM
1053 364 1150 414 DE
1187 367 1742 420 ABERBROTHOC.
1944 384 1946 387 ’
2086 382 2186 431 229

150 566 431 637 Affedacio
458 583 770 632 ecclesiarum
796 585 857 632 de
886 583 1058 650 Cowly
1083 597 1131 635 et
1156 587 1451 655 Kynnerny.

150 750 278 822 Nos
315 770 487 818 Dauid
528 807 539 818 .
579 807 590 818 .
629 806 640 818 .
685 771 834 819 abbas
883 807 894 818 .
939 807 950 818 .
997 807 1008 818 .
1058 771 1118 819 de
1158 770 1493 820 Abirbrothoc
1546 809 1556 820 .
1614 810 1626 820 .
1664 811 1675 822 .
1728 775 1994 824 affedamus
2044 814 2054 823 .
2108 814 2118 824 .
2172 814 2182 823 .

153 862 438 911 Alexandro
477 860 721 910 Gordoun
746 861 807 908 de
833 860 1058 925 Megmer
1083 868 1132 908 et
1156 860 1251 908 suis
1284 860 1527 926 affignatis
1550 863 1621 912 ita
1644 866 1776 928 quod
1818 903 1829 913 .
1874 903 1884 914 .
1931 903 1942 914 .
1983 867 2043 914 de
2072 885 2183 915 con-

149 954 285 1003 sensu
309 952 474 1002 nostro
500 953 824 1001 admittantur
859 990 870 1001 .
906 990 917 1000 .
952 990 963 1000 .
994 953 1172 1017 garbas
1198 952 1460 1001 decimales
1485 931 1794 1004 ecclesiarum
1819 957 2095 1006 nostrarum
2121 959 2182 1006 de

152 1044 323 1110 Cowly
355 1054 404 1093 et
436 1044 719 1109 Kynnarny
756 1061 848 1107 pro
886 1042 1112 1092 terminis
1149 1043 1376 1090 vndecim
1414 1061 1652 1093 annorum
1698 1084 1708 1094 .
1752 1084 1762 1095 .
1805 1085 1816 1095 .
1859 1049 2068 1096 termino
2109 1049 2180 1097 in-

149 1137 322 1186 troitus
363 1173 374 1184 .
415 1172 425 1184 .
466 1173 476 1183 .
515 1135 786 1199 incipiente
809 1134 861 1182 in
887 1133 1008 1182 festo
1037 1132 1203 1182 sanai
1226 1133 1364 1182 Petri
1389 1136 1652 1184 aduincula
1676 1138 1840 1185 datam
1875 1140 2180 1202 presencium

147 1228 426 1277 immediate
450 1226 681 1290 sequente
723 1263 734 1275 .
777 1263 788 1274 .
828 1263 840 1273 .
884 1225 1134 1275 Soluendo
1173 1262 1183 1272 .
1224 1261 1234 1271 .
1277 1262 1287 1271 .
1329 1223 1560 1273 summam
1586 1226 1762 1291 viginti
1785 1228 2020 1277 librarum
2062 1267 2072 1277 .
2113 1267 2123 1277 .

47 1341 55 1343 s
145 1326 339 1367 monete
378 1355 389 1366 .
431 1355 441 1367 .
482 1355 492 1366 .
534 1316 706 1366 Scocie
731 1318 794 1365 ad
832 1354 842 1364 .
883 1354 893 1364 .
933 1354 944 1365 .
982 1316 1104 1364 festa
1142 1352 1153 1363 .
1188 1353 1198 1363 .
1234 1353 1244 1363 .
1282 1314 1467 1364 Pasche
1494 1324 1542 1365 et
1569 1315 1734 1366 Santi-,i
1757 1317 1894 1367 Petri
1918 1320 2180 1368 aduincula

198 1448 209 1458 .
248 1448 259 1458 .
298 1410 435 1458 cuius
461 1409 661 1472 quidem
696 1409 879 1457 summe
923 1443 934 1455 .
982 1445 993 1456 .
1040 1446 1050 1455 .
1093 1408 1305 1456 fatemur
1328 1424 1418 1455 nos
1441 1407 1662 1472 recipisse
1686 1426 1775 1472 pre
1799 1410 2022 1459 manibus
2061 1449 2071 1458 .
2113 1449 2124 1459 .
2166 1449 2176 1459 .

143 1503 375 1550 summam
401 1499 731 1564 quadraginta
753 1500 990 1548 librarum
1029 1536 1039 1546 .
1074 1536 1086 1547 .
1120 1537 1130 1548 .
1166 1500 1219 1548 in
1252 1537 1262 1547 .
1297 1536 1307 1547 .
1343 1536 1353 1546 .
1386 1499 1684 1547 solucionem
1709 1500 1916 1548 duorum
1939 1518 2179 1550 annorum

145 1632 155 1642 .
194 1632 203 1641 .
240 1631 251 1641 .
287 1592 352 1641 Et
400 1591 603 1640 vlterius
651 1590 686 1639 fi
723 1629 733 1639 .
772 1630 781 1639 .
820 1629 829 1639 .
866 1591 916 1638 in
965 1590 1214 1639 solucione
1251 1628 1262 1639 .
1300 1628 1310 1638 .
1337 1627 1359 1640 ,.
1397 1591 1461 1639 ad
1508 1590 1743 1639 terminos
1785 1630 1795 1639 .
1833 1629 1842 1639 .
1881 1629 1890 1639 .
1928 1593 2004 1640 vel
2049 1594 2179 1642 infra

144 1686 424 1750 quindecim
463 1684 567 1732 dies
611 1721 621 1731 .
666 1721 677 1731 .
721 1721 731 1730 .
774 1683 997 1732 deficerit
1038 1721 1048 1732 .
1090 1720 1101 1731 .
1140 1720 1150 1730 .
1192 1682 1362 1731 licebit
1398 1681 1540 1731 nobis
1576 1719 1587 1729 .
1623 1720 1634 1730 .
1675 1719 1686 1730 .
1724 1683 1784 1731 de
1823 1720 1832 1730 .
1870 1721 1880 1731 .
1920 1719 1930 1730 .
1967 1684 2179 1733 ecclefiis

185 1813 196 1824 .
233 1813 244 1825 .
281 1777 345 1824 ad
384 1813 394 1823 .
432 1813 442 1822 .
483 1811 494 1822 .
530 1775 721 1823 libitum
763 1812 773 1822 .
811 1813 821 1822 .
861 1812 871 1821 .
908 1774 1168 1838 disponere
1207 1810 1218 1821 .
1263 1812 1272 1821 .
1313 1813 1322 1822 .
1362 1773 1513 1837 Apud
1556 1810 1566 1819 .
1606 1811 1615 1821 .
1653 1810 1663 1819 .
1707 1773 1972 1837 capitulum
2009 1774 2177 1823 vltimo

143 1867 219 1916 die
242 1866 417 1915 menfis
445 1866 745 1931 Septembris
771 1883 901 1914 anno
926 1865 1131 1914 Domini
1161 1869 1300 1914 1485.

141 2112 480 2185 Presentacio
505 2132 706 2180 ecclefie
730 2131 791 2179 de
817 2130 1118 2195 Kylymwre.

141 2302 581 2376 Reuerendiffimo
618 2360 628 2369 .
667 2359 677 2370 .
717 2358 727 2369 .
763 2320 964 2369 domino
988 2314 1242 2365 Willelmo
1280 2351 1290 2360 .
1328 2352 1337 2362 .
1377 2351 1387 2360 .
1424 2311 1787 2376 archiepiscopo
1823 2310 2170 2360 Sanfitiandree

143 2454 154 2466 .
187 2453 198 2464 .
235 2455 245 2465 .
282 2416 450 2464 Dauid
485 2453 494 2463 .
535 2451 546 2462 .
583 2451 593 2461 .
630 2413 778 2461 abbas
813 2449 823 2459 .
862 2448 871 2458 .
905 2448 915 2458 .
948 2410 1010 2457 de
1034 2404 1368 2456 Abirbrothoc
1407 2441 1418 2452 .
1456 2441 1466 2451 .
1505 2441 1514 2450 .
1552 2403 1863 2452 reuerencias
1887 2416 1935 2452 et
1958 2403 2169 2451 honores

140 2545 152 2559 .
186 2546 197 2558 .
234 2545 245 2556 .
278 2508 364 2556 Ad
397 2505 634 2555 vicariam
668 2512 962 2568 perpetuam
998 2495 1199 2548 ecclefie
1235 2495 1558 2560 parrochialis
1594 2495 1654 2543 de
1688 2494 1975 2559 Kylymwre
2011 2495 2168 2542 vestre
2245 2521 2254 2532 =

140 2598 337 2647 diocefis
375 2638 384 2647 .
425 2635 436 2645 .
473 2636 483 2646 .
522 2613 611 2660 per
636 2595 823 2643 obitum
861 2631 871 2641 .
910 2631 921 2640 .
958 2629 969 2640 .
1005 2588 1224 2653 magistri
1248 2586 1493 2635 Johannis
1522 2585 1731 2650 Gardyn
1768 2622 1777 2632 .
1816 2622 1827 2633 .
1863 2622 1874 2632 .
1915 2592 2169 2634 vacantem

143 2726 155 2738 .
199 2727 209 2738 .
252 2726 263 2738 .
304 2690 556 2738 dominum
585 2687 621 2736 J
625 2686 869 2735 ohannem
899 2682 1164 2748 Lychtoun
1188 2678 1510 2743 presbiterum
1535 2677 1691 2726 vestre
1715 2677 2000 2741 paternitati
2043 2713 2054 2724 .
2099 2714 2109 2723 .
2154 2714 2166 2724 .

141 2781 469 2844 presentamus
522 2816 534 2828 .
586 2815 597 2828 .
650 2815 662 2825 .
712 2783 944 2841 rogantes
975 2772 1205 2837 quatinus
1230 2770 1411 2818 di&um
1463 2805 1473 2816 .
1526 2806 1536 2816 .
1589 2806 1599 2816 .
1647 2767 1975 2832 presentatum
2027 2805 2038 2815 .
2090 2804 2099 2814 .
2152 2804 2163 2813 .

141 2872 406 2921 admittatis
447 2907 458 2919 .
497 2907 508 2917 .
549 2906 560 2917 .
598 2868 751 2932 Apud
786 2904 797 2915 .
835 2902 847 2914 .
883 2901 894 2912 .
925 2863 1144 2912 nostrum
1162 2861 1508 2909 monasterium
1548 2898 1559 2909 .
1598 2898 1608 2907 .
1649 2897 1659 2906 .
1696 2867 1870 2919 quarto
1890 2860 1968 2907 die
1993 2859 2165 2907 mensis

142 2960 434 3013 Nouembris
455 2976 585 3010 anno
609 2957 817 3008 Domini
840 2961 907 3004 m⁰
932 2960 1065 3004 cccc⁰
1084 2955 1217 3002 lxxx⁰
1240 2953 1426 3017 quinto.
