<?xml version="1.0" encoding="UTF-8"?>
<!DOCTYPE html PUBLIC "-//W3C//DTD XHTML 1.0 Transitional//EN"
    "http://www.w3.org/TR/xhtml1/DTD/xhtml1-transitional.dtd">
<html xmlns="http://www.w3.org/1999/xhtml" xml:lang="en" lang="en">
 <head>
  <title>
</title>
<meta http-equiv="Content-Type" content="text/html;charset=utf-8" />
  <meta name='ocr-system' content='tesseract 3.04.00' />
  <meta name='ocr-capabilities' content='ocr_page ocr_carea ocr_par ocr_line ocrx_word'/>
</head>
<body>
  <div class='ocr_page' id='page_1' title='image "./libersthomedea8602arbruoft_0414.png"; bbox 0 0 2762 3834; ppageno 0'>
   <div class='ocr_carea' id='block_1_1' title="bbox 412 805 505 857">
    <p class='ocr_par' dir='ltr' id='par_1_1' title="bbox 412 805 505 857">
     <span class='ocr_line' id='line_1_1' title="bbox 412 805 505 857; baseline 0.054 -6"><span class='ocrx_word' id='word_1_1' title='bbox 412 805 505 857; x_wconf 82' lang='lat'><strong>387</strong></span> 
     </span>
    </p>
   </div>
   <div class='ocr_carea' id='block_1_2' title="bbox 555 362 2151 466">
    <p class='ocr_par' dir='ltr' id='par_1_2' title="bbox 555 362 2151 466">
     <span class='ocr_line' id='line_1_2' title="bbox 555 362 2151 466; baseline -0.01 -21"><span class='ocrx_word' id='word_1_2' title='bbox 555 399 658 466; x_wconf 33' lang='lat'>314·</span> <span class='ocrx_word' id='word_1_3' title='bbox 1003 383 1433 442; x_wconf 77' lang='lat' dir='ltr'>REGISTRUM.</span> <span class='ocrx_word' id='word_1_4' title='bbox 1461 383 1559 434; x_wconf 81' lang='lat' dir='ltr'><strong>DE</strong></span> <span class='ocrx_word' id='word_1_5' title='bbox 1594 362 2151 431; x_wconf 79' lang='lat' dir='ltr'>ABERBROTHOC.</span> 
     </span>
    </p>
   </div>
   <div class='ocr_carea' id='block_1_3' title="bbox 556 598 2136 672">
    <p class='ocr_par' dir='ltr' id='par_1_3' title="bbox 556 598 2136 672">
     <span class='ocr_line' id='line_1_3' title="bbox 556 598 2136 672; baseline -0.011 -2"><span class='ocrx_word' id='word_1_6' title='bbox 556 598 856 671; x_wconf 80' lang='lat' dir='ltr'><strong>Commiffio</strong></span> <span class='ocrx_word' id='word_1_7' title='bbox 881 615 1067 664; x_wconf 90' lang='lat' dir='ltr'><strong>domini</strong></span> <span class='ocrx_word' id='word_1_8' title='bbox 1091 614 1126 662; x_wconf 86' lang='lat' dir='ltr'><strong>J</strong></span> <span class='ocrx_word' id='word_1_9' title='bbox 1130 611 1338 661; x_wconf 85' lang='lat' dir='ltr'><strong>ohannis</strong></span> <span class='ocrx_word' id='word_1_10' title='bbox 1361 608 1523 672; x_wconf 91' lang='lat' dir='ltr'><strong>Fethy</strong></span> <span class='ocrx_word' id='word_1_11' title='bbox 1548 606 1610 655; x_wconf 86' lang='lat' dir='ltr'><strong>ad</strong></span> <span class='ocrx_word' id='word_1_12' title='bbox 1637 605 1827 654; x_wconf 85' lang='lat' dir='ltr'><strong>curiam</strong></span> <span class='ocrx_word' id='word_1_13' title='bbox 1849 603 2136 654; x_wconf 81' lang='lat' dir='ltr'><strong>Romanam.</strong></span> 
     </span>
    </p>
   </div>
   <div class='ocr_carea' id='block_1_4' title="bbox 555 790 2626 1410">
    <p class='ocr_par' dir='ltr' id='par_1_4' title="bbox 563 790 2546 850">
     <span class='ocr_line' id='line_1_4' title="bbox 563 790 2546 850; baseline -0.007 0"><span class='ocrx_word' id='word_1_14' title='bbox 563 839 573 850; x_wconf 94' lang='lat'><strong>.</strong></span> <span class='ocrx_word' id='word_1_15' title='bbox 614 838 624 848; x_wconf 93' lang='lat'><strong>.</strong></span> <span class='ocrx_word' id='word_1_16' title='bbox 663 837 674 849; x_wconf 91' lang='lat'><strong>.</strong></span> <span class='ocrx_word' id='word_1_17' title='bbox 714 800 889 849; x_wconf 83' lang='lat' dir='ltr'><strong>Pateat</strong></span> <span class='ocrx_word' id='word_1_18' title='bbox 926 835 938 846; x_wconf 89' lang='lat'><strong>.</strong></span> <span class='ocrx_word' id='word_1_19' title='bbox 977 835 988 846; x_wconf 92' lang='lat'><strong><em>.</em></strong></span> <span class='ocrx_word' id='word_1_20' title='bbox 1027 833 1039 845; x_wconf 91' lang='lat'>.</span> <span class='ocrx_word' id='word_1_21' title='bbox 1076 812 1166 844; x_wconf 87' lang='lat' dir='ltr'><strong>nos</strong></span> <span class='ocrx_word' id='word_1_22' title='bbox 1208 793 1378 842; x_wconf 88' lang='lat' dir='ltr'><strong>Dauid</strong></span> <span class='ocrx_word' id='word_1_23' title='bbox 1423 830 1433 840; x_wconf 94' lang='lat'><strong>.</strong></span> <span class='ocrx_word' id='word_1_24' title='bbox 1474 828 1487 841; x_wconf 89' lang='lat'><strong>.</strong></span> <span class='ocrx_word' id='word_1_25' title='bbox 1528 828 1539 840; x_wconf 91' lang='lat'><strong>.</strong></span> <span class='ocrx_word' id='word_1_26' title='bbox 1579 791 1807 840; x_wconf 83' lang='lat' dir='ltr'>abbatem</span> <span class='ocrx_word' id='word_1_27' title='bbox 1848 827 1861 839; x_wconf 88' lang='lat'><strong>.</strong></span> <span class='ocrx_word' id='word_1_28' title='bbox 1902 827 1915 839; x_wconf 91' lang='lat'><strong>.</strong></span> <span class='ocrx_word' id='word_1_29' title='bbox 1954 828 1967 839; x_wconf 90' lang='lat'><strong>.</strong></span> <span class='ocrx_word' id='word_1_30' title='bbox 2005 791 2068 840; x_wconf 88' lang='lat' dir='ltr'><strong>de</strong></span> <span class='ocrx_word' id='word_1_31' title='bbox 2108 790 2447 840; x_wconf 88' lang='lat' dir='ltr'><strong>Abirbrothoc</strong></span> <span class='ocrx_word' id='word_1_32' title='bbox 2485 827 2497 838; x_wconf 90' lang='lat'><strong>.</strong></span> <span class='ocrx_word' id='word_1_33' title='bbox 2534 827 2546 837; x_wconf 88' lang='lat'><strong>.</strong></span> 
     </span>
    </p>

    <p class='ocr_par' dir='ltr' id='par_1_5' title="bbox 555 882 2626 1410">
     <span class='ocr_line' id='line_1_5' title="bbox 559 882 2600 949; baseline -0.005 -8"><span class='ocrx_word' id='word_1_34' title='bbox 559 889 850 942; x_wconf 73' lang='lat' dir='ltr'><strong>constituisse</strong></span> <span class='ocrx_word' id='word_1_35' title='bbox 887 926 899 938; x_wconf 95' lang='lat'><strong>.</strong></span> <span class='ocrx_word' id='word_1_36' title='bbox 938 925 949 937; x_wconf 92' lang='lat'><strong>.</strong></span> <span class='ocrx_word' id='word_1_37' title='bbox 988 925 1000 937; x_wconf 91' lang='lat'><em>.</em></span> <span class='ocrx_word' id='word_1_38' title='bbox 1038 886 1292 936; x_wconf 92' lang='lat' dir='ltr'><strong>dominum</strong></span> <span class='ocrx_word' id='word_1_39' title='bbox 1324 884 1615 936; x_wconf 85' lang='lat' dir='ltr'><strong>Johannem-</strong></span> <span class='ocrx_word' id='word_1_40' title='bbox 1644 882 1808 949; x_wconf 88' lang='lat' dir='ltr'><strong>Fethy</strong></span> <span class='ocrx_word' id='word_1_41' title='bbox 1828 899 2094 933; x_wconf 88' lang='lat' dir='ltr'><strong>monacum</strong></span> <span class='ocrx_word' id='word_1_42' title='bbox 2127 883 2283 933; x_wconf 87' lang='lat' dir='ltr'><strong>nostri</strong></span> <span class='ocrx_word' id='word_1_43' title='bbox 2317 882 2600 933; x_wconf 86' lang='lat' dir='ltr'><strong>monasterii</strong></span> 
     </span>
     <span class='ocr_line' id='line_1_6' title="bbox 558 974 2601 1048; baseline -0.005 -15"><span class='ocrx_word' id='word_1_44' title='bbox 558 983 772 1048; x_wconf 74' lang='lat' dir='ltr'>expresse</span> <span class='ocrx_word' id='word_1_45' title='bbox 818 980 1079 1046; x_wconf 75' lang='lat' dir='ltr'><strong>professum</strong></span> <span class='ocrx_word' id='word_1_46' title='bbox 1120 986 1170 1029; x_wconf 92' lang='lat' dir='ltr'><strong>et</strong></span> <span class='ocrx_word' id='word_1_47' title='bbox 1214 978 1518 1027; x_wconf 81' lang='lat' dir='ltr'><strong>sacerdotem</strong></span> <span class='ocrx_word' id='word_1_48' title='bbox 1566 974 1789 1024; x_wconf 86' lang='lat' dir='ltr'><strong>nostrum</strong></span> <span class='ocrx_word' id='word_1_49' title='bbox 1825 1011 1837 1023; x_wconf 89' lang='lat'><strong>.</strong></span> <span class='ocrx_word' id='word_1_50' title='bbox 1878 1011 1890 1023; x_wconf 89' lang='lat'><strong>.</strong></span> <span class='ocrx_word' id='word_1_51' title='bbox 1927 1011 1940 1024; x_wconf 91' lang='lat'><strong>.</strong></span> <span class='ocrx_word' id='word_1_52' title='bbox 1975 984 2350 1040; x_wconf 86' lang='lat' dir='ltr'><strong>procuratorem</strong></span> <span class='ocrx_word' id='word_1_53' title='bbox 2387 1012 2398 1023; x_wconf 90' lang='lat'><strong>.</strong></span> <span class='ocrx_word' id='word_1_54' title='bbox 2438 1013 2448 1023; x_wconf 92' lang='lat'><em>.</em></span> <span class='ocrx_word' id='word_1_55' title='bbox 2489 1010 2501 1022; x_wconf 89' lang='lat'><strong>.</strong></span> <span class='ocrx_word' id='word_1_56' title='bbox 2537 974 2601 1022; x_wconf 83' lang='lat' dir='ltr'><strong>ad</strong></span> 
     </span>
     <span class='ocr_line' id='line_1_7' title="bbox 558 1064 2626 1141; baseline -0.006 -16"><span class='ocrx_word' id='word_1_57' title='bbox 558 1075 872 1141; x_wconf 85' lang='lat' dir='ltr'><strong>obligandum</strong></span> <span class='ocrx_word' id='word_1_58' title='bbox 896 1089 986 1121; x_wconf 87' lang='lat' dir='ltr'><strong>nos</strong></span> <span class='ocrx_word' id='word_1_59' title='bbox 1036 1109 1047 1121; x_wconf 89' lang='lat'><em>.</em></span> <span class='ocrx_word' id='word_1_60' title='bbox 1103 1108 1114 1119; x_wconf 92' lang='lat'><strong>.</strong></span> <span class='ocrx_word' id='word_1_61' title='bbox 1172 1108 1183 1120; x_wconf 91' lang='lat'><strong>.</strong></span> <span class='ocrx_word' id='word_1_62' title='bbox 1234 1086 1325 1135; x_wconf 86' lang='lat' dir='ltr'><strong>per</strong></span> <span class='ocrx_word' id='word_1_63' title='bbox 1374 1106 1386 1118; x_wconf 94' lang='lat'><em>.</em></span> <span class='ocrx_word' id='word_1_64' title='bbox 1443 1105 1455 1118; x_wconf 94' lang='lat'><strong>.</strong></span> <span class='ocrx_word' id='word_1_65' title='bbox 1505 1064 1520 1117; x_wconf 73' lang='grc'><strong>.’</strong></span> <span class='ocrx_word' id='word_1_66' title='bbox 1568 1067 1735 1116; x_wconf 85' lang='lat' dir='ltr'><strong>omnia</strong></span> <span class='ocrx_word' id='word_1_67' title='bbox 1757 1067 1890 1116; x_wconf 87' lang='lat' dir='ltr'><strong>bona</strong></span> <span class='ocrx_word' id='word_1_68' title='bbox 1912 1067 2080 1116; x_wconf 86' lang='lat' dir='ltr'><strong>nostra</strong></span> <span class='ocrx_word' id='word_1_69' title='bbox 2128 1104 2141 1117; x_wconf 90' lang='lat'><strong>.</strong></span> <span class='ocrx_word' id='word_1_70' title='bbox 2194 1105 2207 1117; x_wconf 89' lang='lat'><strong>.</strong></span> <span class='ocrx_word' id='word_1_71' title='bbox 2258 1105 2270 1116; x_wconf 94' lang='lat'><strong>.</strong></span> <span class='ocrx_word' id='word_1_72' title='bbox 2319 1067 2373 1116; x_wconf 90' lang='lat' dir='ltr'><strong>in</strong></span> <span class='ocrx_word' id='word_1_73' title='bbox 2404 1082 2626 1133; x_wconf 72' lang='lat' dir='ltr'><strong>camera</strong></span> 
     </span>
     <span class='ocr_line' id='line_1_8' title="bbox 558 1156 2601 1233; baseline -0.006 -17"><span class='ocrx_word' id='word_1_74' title='bbox 558 1158 823 1233; x_wconf 85' lang='lat' dir='ltr'><strong>apostolica</strong></span> <span class='ocrx_word' id='word_1_75' title='bbox 845 1172 930 1213; x_wconf 86' lang='lat' dir='ltr'><strong>aut</strong></span> <span class='ocrx_word' id='word_1_76' title='bbox 953 1164 1005 1212; x_wconf 93' lang='lat' dir='ltr'><strong>in</strong></span> <span class='ocrx_word' id='word_1_77' title='bbox 1032 1161 1332 1212; x_wconf 87' lang='lat' dir='ltr'><strong>cancellaria</strong></span> <span class='ocrx_word' id='word_1_78' title='bbox 1364 1156 1701 1212; x_wconf 70' lang='lat' dir='ltr'><strong>eiusdem-faut</strong></span> <span class='ocrx_word' id='word_1_79' title='bbox 1722 1158 1773 1206; x_wconf 78' lang='lat' dir='ltr'><strong>ln</strong></span> <span class='ocrx_word' id='word_1_80' title='bbox 1797 1158 2169 1223; x_wconf 83' lang='lat' dir='ltr'><strong>quibuscunque</strong></span> <span class='ocrx_word' id='word_1_81' title='bbox 2205 1158 2342 1208; x_wconf 87' lang='lat' dir='ltr'><strong>curie</strong></span> <span class='ocrx_word' id='word_1_82' title='bbox 2376 1157 2601 1207; x_wconf 84' lang='lat' dir='ltr'><strong>Romane</strong></span> 
     </span>
     <span class='ocr_line' id='line_1_9' title="bbox 558 1249 2601 1320; baseline -0.006 -12"><span class='ocrx_word' id='word_1_83' title='bbox 558 1258 725 1308; x_wconf 86' lang='lat' dir='ltr'><strong>officiis</strong></span> <span class='ocrx_word' id='word_1_84' title='bbox 763 1264 848 1306; x_wconf 86' lang='lat' dir='ltr'><strong>aut</strong></span> <span class='ocrx_word' id='word_1_85' title='bbox 885 1256 1255 1320; x_wconf 85' lang='lat' dir='ltr'><strong>quibuscunque</strong></span> <span class='ocrx_word' id='word_1_86' title='bbox 1292 1260 1624 1302; x_wconf 85' lang='lat' dir='ltr'><strong>mercatorum</strong></span> <span class='ocrx_word' id='word_1_87' title='bbox 1660 1250 1899 1301; x_wconf 87' lang='lat' dir='ltr'><strong>Flandrie</strong></span> <span class='ocrx_word' id='word_1_88' title='bbox 1935 1259 2021 1301; x_wconf 85' lang='lat' dir='ltr'><strong>aut</strong></span> <span class='ocrx_word' id='word_1_89' title='bbox 2054 1251 2212 1301; x_wconf 89' lang='lat' dir='ltr'><strong>Rome</strong></span> <span class='ocrx_word' id='word_1_90' title='bbox 2247 1251 2455 1301; x_wconf 84' lang='lat' dir='ltr'><strong>vbilibet</strong></span> <span class='ocrx_word' id='word_1_91' title='bbox 2489 1249 2601 1298; x_wconf 87' lang='lat' dir='ltr'><strong>aliis</strong></span> 
     </span>
     <span class='ocr_line' id='line_1_10' title="bbox 555 1342 2603 1410; baseline -0.005 -11"><span class='ocrx_word' id='word_1_92' title='bbox 555 1349 759 1400; x_wconf 83' lang='lat' dir='ltr'><strong>banchis</strong></span> <span class='ocrx_word' id='word_1_93' title='bbox 783 1349 865 1397; x_wconf 90' lang='lat' dir='ltr'><strong>seu</strong></span> <span class='ocrx_word' id='word_1_94' title='bbox 888 1346 1146 1397; x_wconf 88' lang='lat' dir='ltr'><strong>banchatis</strong></span> <span class='ocrx_word' id='word_1_95' title='bbox 1170 1353 1220 1394; x_wconf 93' lang='lat' dir='ltr'><strong>et</strong></span> <span class='ocrx_word' id='word_1_96' title='bbox 1242 1342 1522 1410; x_wconf 84' lang='lat' dir='ltr'><strong>specialiter</strong></span> <span class='ocrx_word' id='word_1_97' title='bbox 1541 1344 1595 1393; x_wconf 93' lang='lat' dir='ltr'><strong>in</strong></span> <span class='ocrx_word' id='word_1_98' title='bbox 1618 1343 1813 1393; x_wconf 89' lang='lat' dir='ltr'><strong>bancho</strong></span> <span class='ocrx_word' id='word_1_99' title='bbox 1851 1343 2076 1395; x_wconf 89' lang='lat' dir='ltr'><strong>Cornelii</strong></span> <span class='ocrx_word' id='word_1_100' title='bbox 2111 1345 2172 1393; x_wconf 91' lang='lat' dir='ltr'><strong>de</strong></span> <span class='ocrx_word' id='word_1_101' title='bbox 2208 1343 2332 1393; x_wconf 86' lang='lat' dir='ltr'><strong>Alta</strong></span> <span class='ocrx_word' id='word_1_102' title='bbox 2354 1342 2482 1391; x_wconf 90' lang='lat' dir='ltr'><strong>Vice</strong></span> <span class='ocrx_word' id='word_1_103' title='bbox 2518 1349 2603 1390; x_wconf 88' lang='lat' dir='ltr'><strong>aut</strong></span> 
     </span>
    </p>
   </div>
   <div class='ocr_carea' id='block_1_5' title="bbox 556 1435 2680 1505">
    <p class='ocr_par' dir='ltr' id='par_1_6' title="bbox 556 1435 2680 1505">
     <span class='ocr_line' id='line_1_11' title="bbox 556 1435 2680 1505; baseline -0.005 -14"><span class='ocrx_word' id='word_1_104' title='bbox 556 1444 607 1491; x_wconf 90' lang='lat' dir='ltr'><strong>in</strong></span> <span class='ocrx_word' id='word_1_105' title='bbox 633 1441 828 1490; x_wconf 87' lang='lat' dir='ltr'><strong>bancho</strong></span> <span class='ocrx_word' id='word_1_106' title='bbox 853 1439 905 1489; x_wconf 83' lang='lat' dir='ltr'>N</span> <span class='ocrx_word' id='word_1_107' title='bbox 907 1437 1105 1505; x_wconf 83' lang='lat' dir='ltr'><strong>ycholai</strong></span> <span class='ocrx_word' id='word_1_108' title='bbox 1126 1436 1328 1502; x_wconf 89' lang='lat' dir='ltr'><strong>Pagane</strong></span> <span class='ocrx_word' id='word_1_109' title='bbox 1363 1436 1498 1501; x_wconf 92' lang='lat' dir='ltr'><strong>quod</strong></span> <span class='ocrx_word' id='word_1_110' title='bbox 1533 1435 1718 1485; x_wconf 86' lang='lat' dir='ltr'><strong>dicitur</strong></span> <span class='ocrx_word' id='word_1_111' title='bbox 1741 1435 2081 1486; x_wconf 88' lang='lat' dir='ltr'><strong>Mostronense</strong></span> <span class='ocrx_word' id='word_1_112' title='bbox 2105 1435 2344 1500; x_wconf 87' lang='lat' dir='ltr'><strong>usquead</strong></span> <span class='ocrx_word' id='word_1_113' title='bbox 2367 1436 2601 1483; x_wconf 85' lang='lat' dir='ltr'><strong>summam</strong></span> <span class='ocrx_word' id='word_1_114' title='bbox 2672 1479 2680 1487; x_wconf 85' lang='grc'><em>,</em></span> 
     </span>
    </p>
   </div>
   <div class='ocr_carea' id='block_1_6' title="bbox 557 1526 2605 3244">
    <p class='ocr_par' dir='ltr' id='par_1_7' title="bbox 557 1526 2605 3244">
     <span class='ocr_line' id='line_1_12' title="bbox 558 1526 2603 1599; baseline -0.004 -16"><span class='ocrx_word' id='word_1_115' title='bbox 558 1534 948 1599; x_wconf 68' lang='lat' dir='ltr'><strong>offingentorum</strong></span> <span class='ocrx_word' id='word_1_116' title='bbox 985 1532 1277 1580; x_wconf 83' lang='lat' dir='ltr'><strong>ducatorum</strong></span> <span class='ocrx_word' id='word_1_117' title='bbox 1300 1527 1410 1578; x_wconf 90' lang='lat' dir='ltr'><strong>auri</strong></span> <span class='ocrx_word' id='word_1_118' title='bbox 1434 1528 1496 1577; x_wconf 89' lang='lat' dir='ltr'><strong>de</strong></span> <span class='ocrx_word' id='word_1_119' title='bbox 1522 1544 1720 1577; x_wconf 89' lang='lat' dir='ltr'><strong>camera</strong></span> <span class='ocrx_word' id='word_1_120' title='bbox 1751 1528 1870 1577; x_wconf 92' lang='lat' dir='ltr'><strong>boni</strong></span> <span class='ocrx_word' id='word_1_121' title='bbox 1895 1536 1946 1577; x_wconf 89' lang='lat' dir='ltr'><strong>et</strong></span> <span class='ocrx_word' id='word_1_122' title='bbox 1967 1528 2081 1576; x_wconf 86' lang='lat' dir='ltr'><strong>iusti</strong></span> <span class='ocrx_word' id='word_1_123' title='bbox 2103 1527 2338 1592; x_wconf 91' lang='lat' dir='ltr'><strong>ponderis</strong></span> <span class='ocrx_word' id='word_1_124' title='bbox 2362 1534 2448 1575; x_wconf 85' lang='lat' dir='ltr'><strong>aut</strong></span> <span class='ocrx_word' id='word_1_125' title='bbox 2470 1526 2603 1574; x_wconf 86' lang='lat' dir='ltr'><strong>infra</strong></span> 
     </span>
     <span class='ocr_line' id='line_1_13' title="bbox 557 1619 2603 1690; baseline -0.003 -17"><span class='ocrx_word' id='word_1_126' title='bbox 557 1643 647 1690; x_wconf 88' lang='lat' dir='ltr'><strong>pro</strong></span> <span class='ocrx_word' id='word_1_127' title='bbox 669 1624 890 1689; x_wconf 84' lang='lat' dir='ltr'><strong>negociis</strong></span> <span class='ocrx_word' id='word_1_128' title='bbox 913 1639 1003 1671; x_wconf 90' lang='lat' dir='ltr'><strong>nos</strong></span> <span class='ocrx_word' id='word_1_129' title='bbox 1041 1660 1051 1671; x_wconf 92' lang='lat'><em>.</em></span> <span class='ocrx_word' id='word_1_130' title='bbox 1092 1660 1103 1671; x_wconf 91' lang='lat'><strong>.</strong></span> <span class='ocrx_word' id='word_1_131' title='bbox 1141 1658 1154 1671; x_wconf 90' lang='lat'>.</span> <span class='ocrx_word' id='word_1_132' title='bbox 1191 1621 1510 1686; x_wconf 76' lang='lat' dir='ltr'><strong>tangentibus</strong></span> <span class='ocrx_word' id='word_1_133' title='bbox 1553 1657 1565 1669; x_wconf 90' lang='lat'><strong><em>.</em></strong></span> <span class='ocrx_word' id='word_1_134' title='bbox 1606 1656 1618 1669; x_wconf 91' lang='lat'><strong>.</strong></span> <span class='ocrx_word' id='word_1_135' title='bbox 1659 1657 1672 1670; x_wconf 89' lang='lat'><strong>.</strong></span> <span class='ocrx_word' id='word_1_136' title='bbox 1714 1621 1814 1670; x_wconf 89' lang='lat' dir='ltr'><strong>fiue</strong></span> <span class='ocrx_word' id='word_1_137' title='bbox 1837 1637 1929 1685; x_wconf 91' lang='lat' dir='ltr'><strong>pro</strong></span> <span class='ocrx_word' id='word_1_138' title='bbox 1955 1619 2236 1670; x_wconf 81' lang='lat' dir='ltr'><strong>defensione</strong></span> <span class='ocrx_word' id='word_1_139' title='bbox 2271 1658 2283 1668; x_wconf 89' lang='lat'><strong>.</strong></span> <span class='ocrx_word' id='word_1_140' title='bbox 2319 1657 2330 1668; x_wconf 92' lang='lat'>.</span> <span class='ocrx_word' id='word_1_141' title='bbox 2369 1656 2381 1667; x_wconf 88' lang='lat'><strong>.</strong></span> <span class='ocrx_word' id='word_1_142' title='bbox 2414 1619 2603 1667; x_wconf 88' lang='lat' dir='ltr'><strong>monas-</strong></span> 
     </span>
     <span class='ocr_line' id='line_1_14' title="bbox 557 1710 2600 1780; baseline -0.004 -14"><span class='ocrx_word' id='word_1_143' title='bbox 557 1717 670 1766; x_wconf 87' lang='lat' dir='ltr'><strong>terii</strong></span> <span class='ocrx_word' id='word_1_144' title='bbox 707 1754 718 1765; x_wconf 89' lang='lat'><strong>.</strong></span> <span class='ocrx_word' id='word_1_145' title='bbox 757 1754 769 1764; x_wconf 90' lang='lat'><strong>.</strong></span> <span class='ocrx_word' id='word_1_146' title='bbox 809 1753 819 1764; x_wconf 93' lang='lat'>.</span> <span class='ocrx_word' id='word_1_147' title='bbox 851 1714 1165 1780; x_wconf 87' lang='lat' dir='ltr'><strong>negociisque</strong></span> <span class='ocrx_word' id='word_1_148' title='bbox 1201 1712 1380 1762; x_wconf 90' lang='lat' dir='ltr'><strong>nostris</strong></span> <span class='ocrx_word' id='word_1_149' title='bbox 1416 1712 1467 1761; x_wconf 90' lang='lat' dir='ltr'><strong>in</strong></span> <span class='ocrx_word' id='word_1_150' title='bbox 1500 1711 1728 1761; x_wconf 87' lang='lat' dir='ltr'><strong>Romana</strong></span> <span class='ocrx_word' id='word_1_151' title='bbox 1762 1712 1902 1762; x_wconf 89' lang='lat' dir='ltr'><strong>curia</strong></span> <span class='ocrx_word' id='word_1_152' title='bbox 1935 1713 2232 1778; x_wconf 86' lang='lat' dir='ltr'><strong>peragendis</strong></span> <span class='ocrx_word' id='word_1_153' title='bbox 2271 1739 2282 1750; x_wconf 90' lang='lat'><strong>·</strong></span> <span class='ocrx_word' id='word_1_154' title='bbox 2318 1727 2515 1760; x_wconf 91' lang='lat' dir='ltr'><strong>necnon</strong></span> <span class='ocrx_word' id='word_1_155' title='bbox 2549 1710 2600 1757; x_wconf 90' lang='lat' dir='ltr'><strong>in</strong></span> 
     </span>
     <span class='ocr_line' id='line_1_15' title="bbox 560 1802 2603 1872; baseline -0.003 -15"><span class='ocrx_word' id='word_1_156' title='bbox 560 1825 754 1857; x_wconf 88' lang='lat' dir='ltr'><strong>camera</strong></span> <span class='ocrx_word' id='word_1_157' title='bbox 778 1806 1044 1872; x_wconf 86' lang='lat' dir='ltr'><strong>apostolica</strong></span> <span class='ocrx_word' id='word_1_158' title='bbox 1077 1823 1168 1871; x_wconf 93' lang='lat' dir='ltr'><strong>pro</strong></span> <span class='ocrx_word' id='word_1_159' title='bbox 1204 1802 1575 1870; x_wconf 87' lang='lat' dir='ltr'><strong>quibuscunque</strong></span> <span class='ocrx_word' id='word_1_160' title='bbox 1611 1804 1808 1853; x_wconf 85' lang='lat' dir='ltr'><strong>annatis</strong></span> <span class='ocrx_word' id='word_1_161' title='bbox 1845 1804 1944 1854; x_wconf 88' lang='lat' dir='ltr'><strong>fiue</strong></span> <span class='ocrx_word' id='word_1_162' title='bbox 1982 1804 2158 1854; x_wconf 86' lang='lat' dir='ltr'><strong>mediis</strong></span> <span class='ocrx_word' id='word_1_163' title='bbox 2192 1804 2430 1853; x_wconf 63' lang='lat' dir='ltr'><strong>frustibus</strong></span> <span class='ocrx_word' id='word_1_164' title='bbox 2466 1819 2603 1851; x_wconf 90' lang='lat' dir='ltr'><strong>occa-</strong></span> 
     </span>
     <span class='ocr_line' id='line_1_16' title="bbox 560 1895 2605 1963; baseline -0.002 -15"><span class='ocrx_word' id='word_1_165' title='bbox 560 1901 689 1948; x_wconf 90' lang='lat' dir='ltr'><strong>fione</strong></span> <span class='ocrx_word' id='word_1_166' title='bbox 729 1898 882 1947; x_wconf 88' lang='lat' dir='ltr'><strong>nostri</strong></span> <span class='ocrx_word' id='word_1_167' title='bbox 916 1897 1199 1946; x_wconf 89' lang='lat' dir='ltr'><strong>monasterii</strong></span> <span class='ocrx_word' id='word_1_168' title='bbox 1235 1897 1606 1963; x_wconf 89' lang='lat' dir='ltr'><strong>quomodolibet</strong></span> <span class='ocrx_word' id='word_1_169' title='bbox 1642 1896 1889 1946; x_wconf 88' lang='lat' dir='ltr'><strong>soluendis</strong></span> <span class='ocrx_word' id='word_1_170' title='bbox 1925 1897 2245 1962; x_wconf 85' lang='lat' dir='ltr'><strong>obligandum</strong></span> <span class='ocrx_word' id='word_1_171' title='bbox 2294 1928 2304 1938; x_wconf 89' lang='lat'>-</span> <span class='ocrx_word' id='word_1_172' title='bbox 2351 1913 2410 1945; x_wconf 87' lang='lat' dir='ltr'><strong>ac</strong></span> <span class='ocrx_word' id='word_1_173' title='bbox 2448 1895 2605 1944; x_wconf 90' lang='lat' dir='ltr'><strong>eciam</strong></span> 
     </span>
     <span class='ocr_line' id='line_1_17' title="bbox 561 1988 2604 2060; baseline -0.003 -19"><span class='ocrx_word' id='word_1_174' title='bbox 561 2009 670 2041; x_wconf 91' lang='lat' dir='ltr'><strong>cum</strong></span> <span class='ocrx_word' id='word_1_175' title='bbox 696 1991 839 2040; x_wconf 63' lang='lat' dir='ltr'><strong>dietis</strong></span> <span class='ocrx_word' id='word_1_176' title='bbox 863 2007 1058 2039; x_wconf 88' lang='lat' dir='ltr'><strong>camera</strong></span> <span class='ocrx_word' id='word_1_177' title='bbox 1082 1990 1351 2055; x_wconf 87' lang='lat' dir='ltr'><strong>apostolica</strong></span> <span class='ocrx_word' id='word_1_178' title='bbox 1371 1990 1579 2060; x_wconf 56' lang='lat' dir='ltr'><strong>banchi)</strong></span> <span class='ocrx_word' id='word_1_179' title='bbox 1604 1989 1703 2038; x_wconf 92' lang='lat' dir='ltr'><strong>fiue</strong></span> <span class='ocrx_word' id='word_1_180' title='bbox 1726 1988 2085 2039; x_wconf 86' lang='lat' dir='ltr'><strong>mercatoribus</strong></span> <span class='ocrx_word' id='word_1_181' title='bbox 2115 1998 2200 2039; x_wconf 91' lang='lat' dir='ltr'><strong>aut</strong></span> <span class='ocrx_word' id='word_1_182' title='bbox 2236 1989 2604 2054; x_wconf 91' lang='lat' dir='ltr'><strong>quibuscunque</strong></span> 
     </span>
     <span class='ocr_line' id='line_1_18' title="bbox 558 2080 2604 2147; baseline -0.003 -14"><span class='ocrx_word' id='word_1_183' title='bbox 558 2084 611 2133; x_wconf 90' lang='lat' dir='ltr'><strong>in</strong></span> <span class='ocrx_word' id='word_1_184' title='bbox 637 2083 862 2132; x_wconf 85' lang='lat' dir='ltr'><strong>Romana</strong></span> <span class='ocrx_word' id='word_1_185' title='bbox 886 2082 1022 2131; x_wconf 90' lang='lat' dir='ltr'><strong>curia</strong></span> <span class='ocrx_word' id='word_1_186' title='bbox 1057 2082 1306 2132; x_wconf 89' lang='lat' dir='ltr'><strong>officiariis</strong></span> <span class='ocrx_word' id='word_1_187' title='bbox 1337 2099 1429 2147; x_wconf 91' lang='lat' dir='ltr'><strong>pro</strong></span> <span class='ocrx_word' id='word_1_188' title='bbox 1465 2081 1756 2147; x_wconf 53' lang='lat' dir='ltr'><strong>supradictis</strong></span> <span class='ocrx_word' id='word_1_189' title='bbox 1789 2081 2143 2146; x_wconf 86' lang='lat' dir='ltr'><strong>peccuniarum</strong></span> <span class='ocrx_word' id='word_1_190' title='bbox 2179 2080 2278 2130; x_wconf 87' lang='lat' dir='ltr'><strong>fiue</strong></span> <span class='ocrx_word' id='word_1_191' title='bbox 2314 2082 2604 2130; x_wconf 88' lang='lat' dir='ltr'><strong>ducatorum</strong></span> 
     </span>
     <span class='ocr_line' id='line_1_19' title="bbox 560 2173 2603 2239; baseline -0.001 -17"><span class='ocrx_word' id='word_1_192' title='bbox 560 2175 755 2223; x_wconf 90' lang='lat' dir='ltr'><strong>summis</strong></span> <span class='ocrx_word' id='word_1_193' title='bbox 784 2174 989 2223; x_wconf 87' lang='lat' dir='ltr'><strong>&#39;annatis</strong></span> <span class='ocrx_word' id='word_1_194' title='bbox 1030 2181 1114 2223; x_wconf 90' lang='lat' dir='ltr'><strong>aut</strong></span> <span class='ocrx_word' id='word_1_195' title='bbox 1155 2174 1331 2222; x_wconf 90' lang='lat' dir='ltr'><strong>mediis</strong></span> <span class='ocrx_word' id='word_1_196' title='bbox 1371 2173 1610 2222; x_wconf 69' lang='lat' dir='ltr'><strong>fruffibus</strong></span> <span class='ocrx_word' id='word_1_197' title='bbox 1651 2174 1827 2238; x_wconf 85' lang='lat' dir='ltr'><strong>quauis</strong></span> <span class='ocrx_word' id='word_1_198' title='bbox 1867 2174 2120 2224; x_wconf 74' lang='lat' dir='ltr'><strong>occasione</strong></span> <span class='ocrx_word' id='word_1_199' title='bbox 2153 2173 2453 2239; x_wconf 87' lang='lat' dir='ltr'><strong>recipiendis</strong></span> <span class='ocrx_word' id='word_1_200' title='bbox 2490 2209 2502 2221; x_wconf 88' lang='lat'><strong>.</strong></span> <span class='ocrx_word' id='word_1_201' title='bbox 2541 2209 2553 2220; x_wconf 91' lang='lat'><em>.</em></span> <span class='ocrx_word' id='word_1_202' title='bbox 2592 2208 2603 2219; x_wconf 91' lang='lat'><strong>.</strong></span> 
     </span>
     <span class='ocr_line' id='line_1_20' title="bbox 562 2264 2602 2331; baseline -0.002 -16"><span class='ocrx_word' id='word_1_203' title='bbox 562 2267 961 2315; x_wconf 87' lang='lat' dir='ltr'><strong>concordandum</strong></span> <span class='ocrx_word' id='word_1_204' title='bbox 1003 2304 1013 2314; x_wconf 93' lang='lat'><strong>.</strong></span> <span class='ocrx_word' id='word_1_205' title='bbox 1065 2303 1076 2313; x_wconf 90' lang='lat'><strong>.</strong></span> <span class='ocrx_word' id='word_1_206' title='bbox 1127 2303 1138 2314; x_wconf 87' lang='lat'><em>.</em></span> <span class='ocrx_word' id='word_1_207' title='bbox 1185 2274 1234 2314; x_wconf 92' lang='lat' dir='ltr'><strong>et</strong></span> <span class='ocrx_word' id='word_1_208' title='bbox 1258 2264 1527 2314; x_wconf 87' lang='lat' dir='ltr'><strong>terminum</strong></span> <span class='ocrx_word' id='word_1_209' title='bbox 1550 2265 1813 2314; x_wconf 89' lang='lat' dir='ltr'><strong>solucionis</strong></span> <span class='ocrx_word' id='word_1_210' title='bbox 1837 2266 1899 2314; x_wconf 92' lang='lat' dir='ltr'><strong>de</strong></span> <span class='ocrx_word' id='word_1_211' title='bbox 1922 2267 2136 2331; x_wconf 89' lang='lat' dir='ltr'><strong>receptis</strong></span> <span class='ocrx_word' id='word_1_212' title='bbox 2159 2274 2331 2315; x_wconf 87' lang='lat' dir='ltr'><strong>mutuo</strong></span> <span class='ocrx_word' id='word_1_213' title='bbox 2364 2282 2455 2330; x_wconf 90' lang='lat' dir='ltr'><strong>per</strong></span> <span class='ocrx_word' id='word_1_214' title='bbox 2491 2280 2602 2312; x_wconf 92' lang='lat' dir='ltr'><strong>eum</strong></span> 
     </span>
     <span class='ocr_line' id='line_1_21' title="bbox 563 2357 2604 2424; baseline -0.001 -18"><span class='ocrx_word' id='word_1_215' title='bbox 563 2376 592 2406; x_wconf 92' lang='lat' dir='ltr'><strong>a</strong></span> <span class='ocrx_word' id='word_1_216' title='bbox 616 2358 982 2422; x_wconf 89' lang='lat' dir='ltr'><strong>quibuscunque</strong></span> <span class='ocrx_word' id='word_1_217' title='bbox 1018 2357 1346 2406; x_wconf 87' lang='lat' dir='ltr'><strong>creditoribus</strong></span> <span class='ocrx_word' id='word_1_218' title='bbox 1381 2358 1479 2412; x_wconf 89' lang='lat' dir='ltr'><strong>fiue</strong></span> <span class='ocrx_word' id='word_1_219' title='bbox 1515 2374 1547 2406; x_wconf 83' lang='lat' dir='ltr'><strong>a</strong></span> <span class='ocrx_word' id='word_1_220' title='bbox 1580 2374 1790 2412; x_wconf 66' lang='lat' dir='ltr'><strong>camera¹</strong></span> <span class='ocrx_word' id='word_1_221' title='bbox 1810 2357 2079 2424; x_wconf 86' lang='lat' dir='ltr'><strong>apostolica</strong></span> <span class='ocrx_word' id='word_1_222' title='bbox 2112 2365 2198 2407; x_wconf 90' lang='lat' dir='ltr'><strong>aut</strong></span> <span class='ocrx_word' id='word_1_223' title='bbox 2233 2357 2604 2422; x_wconf 89' lang='lat' dir='ltr'><strong>quibuscunque</strong></span> 
     </span>
     <span class='ocr_line' id='line_1_22' title="bbox 564 2448 2604 2514; baseline -0.001 -16"><span class='ocrx_word' id='word_1_224' title='bbox 564 2450 699 2498; x_wconf 90' lang='lat' dir='ltr'><strong>curie</strong></span> <span class='ocrx_word' id='word_1_225' title='bbox 724 2449 944 2497; x_wconf 90' lang='lat' dir='ltr'><strong>Romane</strong></span> <span class='ocrx_word' id='word_1_226' title='bbox 970 2448 1214 2497; x_wconf 88' lang='lat' dir='ltr'><strong>officiariis</strong></span> <span class='ocrx_word' id='word_1_227' title='bbox 1257 2485 1269 2496; x_wconf 86' lang='lat'><strong>.</strong></span> <span class='ocrx_word' id='word_1_228' title='bbox 1313 2486 1324 2497; x_wconf 91' lang='lat'><strong><em>.</em></strong></span> <span class='ocrx_word' id='word_1_229' title='bbox 1344 2466 1348 2471; x_wconf 87' lang='lat'><em>·</em></span> <span class='ocrx_word' id='word_1_230' title='bbox 1368 2485 1380 2496; x_wconf 90' lang='lat'><strong>.</strong></span> <span class='ocrx_word' id='word_1_231' title='bbox 1422 2448 1769 2514; x_wconf 72' lang='lat' dir='ltr'><strong>assignandum</strong></span> <span class='ocrx_word' id='word_1_232' title='bbox 1786 2479 1797 2491; x_wconf 91' lang='lat'><strong>·</strong></span> <span class='ocrx_word' id='word_1_233' title='bbox 1822 2467 1880 2499; x_wconf 88' lang='lat' dir='ltr'><strong>ac</strong></span> <span class='ocrx_word' id='word_1_234' title='bbox 1905 2449 2211 2514; x_wconf 88' lang='lat' dir='ltr'><strong>quietancias</strong></span> <span class='ocrx_word' id='word_1_235' title='bbox 2235 2450 2297 2498; x_wconf 92' lang='lat' dir='ltr'><strong>de</strong></span> <span class='ocrx_word' id='word_1_236' title='bbox 2320 2456 2491 2497; x_wconf 92' lang='lat' dir='ltr'><strong>mutuo</strong></span> <span class='ocrx_word' id='word_1_237' title='bbox 2514 2465 2604 2512; x_wconf 89' lang='lat' dir='ltr'><strong>per</strong></span> 
     </span>
     <span class='ocr_line' id='line_1_23' title="bbox 565 2538 2604 2606; baseline 0 -19"><span class='ocrx_word' id='word_1_238' title='bbox 565 2557 676 2587; x_wconf 92' lang='lat' dir='ltr'><strong>eum</strong></span> <span class='ocrx_word' id='word_1_239' title='bbox 710 2548 935 2602; x_wconf 87' lang='lat' dir='ltr'><strong>receptas</strong></span> <span class='ocrx_word' id='word_1_240' title='bbox 970 2538 1064 2587; x_wconf 89' lang='lat' dir='ltr'><strong>suis</strong></span> <span class='ocrx_word' id='word_1_241' title='bbox 1100 2539 1429 2588; x_wconf 89' lang='lat' dir='ltr'><strong>creditoribus</strong></span> <span class='ocrx_word' id='word_1_242' title='bbox 1463 2539 1832 2606; x_wconf 87' lang='lat' dir='ltr'><strong>quibuscunque</strong></span> <span class='ocrx_word' id='word_1_243' title='bbox 1867 2559 1963 2606; x_wconf 91' lang='lat' dir='ltr'><strong>que</strong></span> <span class='ocrx_word' id='word_1_244' title='bbox 1997 2550 2135 2592; x_wconf 90' lang='lat' dir='ltr'><strong>tante</strong></span> <span class='ocrx_word' id='word_1_245' title='bbox 2177 2541 2438 2591; x_wconf 90' lang='lat' dir='ltr'><strong>credencie</strong></span> <span class='ocrx_word' id='word_1_246' title='bbox 2473 2539 2604 2604; x_wconf 88' lang='lat' dir='ltr'><strong>apud</strong></span> 
     </span>
     <span class='ocr_line' id='line_1_24' title="bbox 564 2627 2604 2694; baseline 0 -16"><span class='ocrx_word' id='word_1_247' title='bbox 564 2646 655 2678; x_wconf 91' lang='lat' dir='ltr'><strong>nos</strong></span> <span class='ocrx_word' id='word_1_248' title='bbox 678 2629 959 2692; x_wconf 89' lang='lat' dir='ltr'><strong>nostrosque</strong></span> <span class='ocrx_word' id='word_1_249' title='bbox 989 2627 1277 2678; x_wconf 79' lang='lat' dir='ltr'><strong>successores</strong></span> <span class='ocrx_word' id='word_1_250' title='bbox 1313 2638 1459 2679; x_wconf 87' lang='lat' dir='ltr'><strong>erunt</strong></span> <span class='ocrx_word' id='word_1_251' title='bbox 1495 2648 1553 2680; x_wconf 90' lang='lat' dir='ltr'><strong>ac</strong></span> <span class='ocrx_word' id='word_1_252' title='bbox 1589 2631 1625 2681; x_wconf 84' lang='lat' dir='ltr'><strong>fi</strong></span> <span class='ocrx_word' id='word_1_253' title='bbox 1659 2633 1930 2682; x_wconf 89' lang='lat' dir='ltr'><strong>munimine</strong></span> <span class='ocrx_word' id='word_1_254' title='bbox 1964 2632 2119 2682; x_wconf 85' lang='lat' dir='ltr'><strong>nostri</strong></span> <span class='ocrx_word' id='word_1_255' title='bbox 2154 2632 2426 2682; x_wconf 91' lang='lat' dir='ltr'><strong>communis</strong></span> <span class='ocrx_word' id='word_1_256' title='bbox 2462 2631 2604 2694; x_wconf 83' lang='lat' dir='ltr'><strong>figilli</strong></span> 
     </span>
     <span class='ocr_line' id='line_1_25' title="bbox 565 2719 2604 2789; baseline 0.001 -22"><span class='ocrx_word' id='word_1_257' title='bbox 565 2721 795 2770; x_wconf 86' lang='lat' dir='ltr'><strong>roborate</strong></span> <span class='ocrx_word' id='word_1_258' title='bbox 822 2719 985 2767; x_wconf 85' lang='lat' dir='ltr'><strong>forent</strong></span> <span class='ocrx_word' id='word_1_259' title='bbox 1020 2720 1236 2768; x_wconf 89' lang='lat' dir='ltr'><strong>dandum</strong></span> <span class='ocrx_word' id='word_1_260' title='bbox 1276 2758 1287 2768; x_wconf 88' lang='lat'><strong>.</strong></span> <span class='ocrx_word' id='word_1_261' title='bbox 1329 2757 1340 2768; x_wconf 94' lang='lat'>.</span> <span class='ocrx_word' id='word_1_262' title='bbox 1378 2757 1391 2769; x_wconf 89' lang='lat'><strong>.</strong></span> <span class='ocrx_word' id='word_1_263' title='bbox 1426 2722 1611 2787; x_wconf 91' lang='lat' dir='ltr'><strong>nosque</strong></span> <span class='ocrx_word' id='word_1_264' title='bbox 1648 2762 1662 2773; x_wconf 86' lang='lat'><strong>.</strong></span> <span class='ocrx_word' id='word_1_265' title='bbox 1699 2762 1711 2773; x_wconf 92' lang='lat'>.</span> <span class='ocrx_word' id='word_1_266' title='bbox 1750 2761 1762 2774; x_wconf 90' lang='lat'><strong>.</strong></span> <span class='ocrx_word' id='word_1_267' title='bbox 1797 2724 2001 2774; x_wconf 88' lang='lat' dir='ltr'><strong>racione</strong></span> <span class='ocrx_word' id='word_1_268' title='bbox 2034 2724 2334 2775; x_wconf 87' lang='lat' dir='ltr'><strong>summarum</strong></span> <span class='ocrx_word' id='word_1_269' title='bbox 2364 2722 2604 2789; x_wconf 90' lang='lat' dir='ltr'><strong>peccunie</strong></span> 
     </span>
     <span class='ocr_line' id='line_1_26' title="bbox 565 2810 2605 2881; baseline 0.001 -23"><span class='ocrx_word' id='word_1_270' title='bbox 565 2828 655 2875; x_wconf 91' lang='lat' dir='ltr'><strong>per</strong></span> <span class='ocrx_word' id='word_1_271' title='bbox 696 2827 807 2858; x_wconf 92' lang='lat' dir='ltr'><strong>eum</strong></span> <span class='ocrx_word' id='word_1_272' title='bbox 842 2828 872 2859; x_wconf 89' lang='lat' dir='ltr'><strong>a</strong></span> <span class='ocrx_word' id='word_1_273' title='bbox 906 2810 1272 2874; x_wconf 89' lang='lat' dir='ltr'><strong>quibuscunque</strong></span> <span class='ocrx_word' id='word_1_274' title='bbox 1312 2812 1638 2863; x_wconf 90' lang='lat' dir='ltr'><strong>creditoribus</strong></span> <span class='ocrx_word' id='word_1_275' title='bbox 1676 2823 1847 2865; x_wconf 92' lang='lat' dir='ltr'><strong>mutuo</strong></span> <span class='ocrx_word' id='word_1_276' title='bbox 1881 2823 2193 2881; x_wconf 85' lang='lat' dir='ltr'><strong>receptarum</strong></span> <span class='ocrx_word' id='word_1_277' title='bbox 2227 2816 2281 2864; x_wconf 94' lang='lat' dir='ltr'><strong>in</strong></span> <span class='ocrx_word' id='word_1_278' title='bbox 2314 2814 2605 2864; x_wconf 62' lang='lat' dir='ltr'><strong>strictissima</strong></span> 
     </span>
     <span class='ocr_line' id='line_1_27' title="bbox 565 2901 2603 2968; baseline 0.001 -19"><span class='ocrx_word' id='word_1_279' title='bbox 565 2903 724 2950; x_wconf 88' lang='lat' dir='ltr'><strong>forma</strong></span> <span class='ocrx_word' id='word_1_280' title='bbox 771 2938 782 2948; x_wconf 89' lang='lat'>.</span> <span class='ocrx_word' id='word_1_281' title='bbox 834 2937 845 2948; x_wconf 88' lang='lat'>.</span> <span class='ocrx_word' id='word_1_282' title='bbox 895 2936 906 2947; x_wconf 91' lang='lat'>.</span> <span class='ocrx_word' id='word_1_283' title='bbox 956 2901 1273 2965; x_wconf 85' lang='lat' dir='ltr'><strong>obligandum</strong></span> <span class='ocrx_word' id='word_1_284' title='bbox 1320 2938 1330 2950; x_wconf 86' lang='lat'><strong>.</strong></span> <span class='ocrx_word' id='word_1_285' title='bbox 1381 2939 1393 2950; x_wconf 92' lang='lat'><strong>.</strong></span> <span class='ocrx_word' id='word_1_286' title='bbox 1444 2940 1456 2951; x_wconf 93' lang='lat'><em>.</em></span> <span class='ocrx_word' id='word_1_287' title='bbox 1503 2905 1686 2954; x_wconf 70' lang='lat' dir='ltr'><strong>di&amp;um</strong></span> <span class='ocrx_word' id='word_1_288' title='bbox 1727 2906 1884 2956; x_wconf 88' lang='lat' dir='ltr'><strong>eciam</strong></span> <span class='ocrx_word' id='word_1_289' title='bbox 1924 2908 2143 2957; x_wconf 92' lang='lat' dir='ltr'><strong>debitum</strong></span> <span class='ocrx_word' id='word_1_290' title='bbox 2184 2909 2267 2956; x_wconf 89' lang='lat' dir='ltr'><strong>seu</strong></span> <span class='ocrx_word' id='word_1_291' title='bbox 2308 2905 2476 2955; x_wconf 87' lang='lat' dir='ltr'><strong>debita</strong></span> <span class='ocrx_word' id='word_1_292' title='bbox 2515 2920 2603 2968; x_wconf 89' lang='lat' dir='ltr'><strong>per</strong></span> 
     </span>
     <span class='ocr_line' id='line_1_28' title="bbox 567 2991 2602 3062; baseline 0.001 -21"><span class='ocrx_word' id='word_1_293' title='bbox 567 2993 748 3041; x_wconf 72' lang='lat' dir='ltr'><strong>di&amp;um</strong></span> <span class='ocrx_word' id='word_1_294' title='bbox 792 2992 1044 3040; x_wconf 92' lang='lat' dir='ltr'><strong>dominum</strong></span> <span class='ocrx_word' id='word_1_295' title='bbox 1083 2991 1366 3040; x_wconf 86' lang='lat' dir='ltr'><strong>Johannem</strong></span> <span class='ocrx_word' id='word_1_296' title='bbox 1407 3011 1438 3042; x_wconf 83' lang='lat' dir='ltr'><strong>a</strong></span> <span class='ocrx_word' id='word_1_297' title='bbox 1478 2996 1847 3062; x_wconf 89' lang='lat' dir='ltr'><strong>quibuscunque</strong></span> <span class='ocrx_word' id='word_1_298' title='bbox 1889 2998 2216 3047; x_wconf 86' lang='lat' dir='ltr'><strong>creditoribus</strong></span> <span class='ocrx_word' id='word_1_299' title='bbox 2259 3034 2270 3046; x_wconf 92' lang='lat'><strong>.</strong></span> <span class='ocrx_word' id='word_1_300' title='bbox 2309 3035 2320 3046; x_wconf 89' lang='lat'>.</span> <span class='ocrx_word' id='word_1_301' title='bbox 2359 3034 2370 3045; x_wconf 88' lang='lat'><strong>.</strong></span> <span class='ocrx_word' id='word_1_302' title='bbox 2408 3003 2602 3045; x_wconf 86' lang='lat' dir='ltr'><strong>contra-</strong></span> 
     </span>
     <span class='ocr_line' id='line_1_29' title="bbox 567 3082 2601 3139; baseline 0.001 -7"><span class='ocrx_word' id='word_1_303' title='bbox 567 3084 731 3132; x_wconf 86' lang='lat' dir='ltr'><strong>henda</strong></span> <span class='ocrx_word' id='word_1_304' title='bbox 782 3099 947 3131; x_wconf 85' lang='lat' dir='ltr'><strong>coram</strong></span> <span class='ocrx_word' id='word_1_305' title='bbox 999 3082 1295 3131; x_wconf 89' lang='lat' dir='ltr'><strong>cancellario</strong></span> <span class='ocrx_word' id='word_1_306' title='bbox 1342 3083 1747 3136; x_wconf 88' lang='lat' dir='ltr'><strong>vicecancellario</strong></span> <span class='ocrx_word' id='word_1_307' title='bbox 1795 3089 2099 3139; x_wconf 86' lang='lat' dir='ltr'><strong>thesaurario</strong></span> <span class='ocrx_word' id='word_1_308' title='bbox 2145 3089 2418 3139; x_wconf 86' lang='lat' dir='ltr'><strong>camerario</strong></span> <span class='ocrx_word' id='word_1_309' title='bbox 2465 3087 2601 3137; x_wconf 90' lang='lat' dir='ltr'><strong>curie</strong></span> 
     </span>
     <span class='ocr_line' id='line_1_30' title="bbox 568 3172 2599 3244; baseline 0.001 -21"><span class='ocrx_word' id='word_1_310' title='bbox 568 3174 788 3223; x_wconf 85' lang='lat' dir='ltr'><strong>Romane</strong></span> <span class='ocrx_word' id='word_1_311' title='bbox 814 3172 911 3222; x_wconf 76' lang='lat' dir='ltr'><strong>siue</strong></span> <span class='ocrx_word' id='word_1_312' title='bbox 937 3189 1102 3222; x_wconf 88' lang='lat' dir='ltr'><strong>coram</strong></span> <span class='ocrx_word' id='word_1_313' title='bbox 1128 3173 1496 3239; x_wconf 89' lang='lat' dir='ltr'><strong>quibuscunque</strong></span> <span class='ocrx_word' id='word_1_314' title='bbox 1522 3193 1715 3227; x_wconf 86' lang='lat' dir='ltr'><strong>camere</strong></span> <span class='ocrx_word' id='word_1_315' title='bbox 1735 3179 1999 3244; x_wconf 82' lang='lat' dir='ltr'><strong>apostolice</strong></span> <span class='ocrx_word' id='word_1_316' title='bbox 2021 3181 2275 3231; x_wconf 86' lang='lat' dir='ltr'><strong>causarum</strong></span> <span class='ocrx_word' id='word_1_317' title='bbox 2294 3179 2599 3230; x_wconf 87' lang='lat' dir='ltr'><strong>auditoribus</strong></span> 
     </span>
    </p>
   </div>
  </div>
 </body>
</html>
