2762 3834
618 382 1044 433 REGISTRUM
1077 384 1174 432 DE
1211 385 1763 438 ABERBROTHOC.
2111 399 2206 442 343

174 587 337 672 Athy
362 624 453 671 pro
479 611 653 655 octaua
677 615 818 670 parte
844 607 1086 656 affedatur
1110 609 1337 675 Georgeo
1362 610 1618 660 Lichtone.

31 798 123 843 430
174 769 302 840 Nos
321 790 491 838 Dauid
527 829 536 837 .
580 829 588 838 .
627 829 637 838 .
674 791 824 838 abbas
857 829 866 838 .
905 830 913 838 .
952 830 961 838 .
999 792 1059 839 de
1077 792 1382 841 Abbirbroth
1416 833 1424 841 .
1459 833 1467 842 .
1501 833 1510 842 .
1548 792 1813 842 affedamus
1844 834 1852 842 .
1891 834 1898 843 .
1937 834 1945 842 .
1982 795 2210 858 Georgeo

173 882 414 930 Lichtone
453 882 663 929 durante
695 882 797 930 vita
835 881 1048 930 eiusdem
1086 887 1307 933 oaauam
1343 895 1532 950 partem
1573 888 1634 935 (16
1670 887 1722 952 ly
1758 887 1939 952 Manys
1976 889 2036 936 (16
2072 887 2210 951 Athy

175 991 320 1038 quam
360 973 609 1021 Walterus
651 973 896 1022 Lichtone
936 983 1077 1037 pater
1118 975 1233 1023 dieti
1274 977 1490 1043 Georgei
1531 987 1739 1043 occupat
1786 1010 1796 1020 ·
1844 979 2052 1028 termino
2098 995 2210 1026 vero

174 1067 406 1115 introitus
442 1105 451 1113 .
490 1105 498 1114 .
537 1105 546 1114 .
583 1065 854 1130 incipiente
889 1066 942 1113 in
977 1066 1099 1114 festo
1134 1067 1482 1118 Penthecostes
1518 1072 1683 1120 datam
1716 1072 2020 1135 presencium
2043 1072 2209 1118 imme-

176 1159 307 1207 diate
348 1159 647 1222 precedente
686 1187 696 1196 ·
740 1157 990 1207 Soluendo
1034 1199 1042 1207 .
1081 1199 1089 1207 .
1128 1199 1136 1207 .
1176 1177 1354 1208 nouem
1392 1161 1545 1209 1101163
1586 1169 1635 1210 61
1676 1180 1819 1217 vnam
1853 1163 2064 1211 firlotam
2099 1180 2209 1210 cum

176 1252 382 1300 dimidia
404 1251 576 1299 mundi
603 1251 716 1299 ficci
741 1259 790 1300 et
813 1251 926 1316 puri
950 1252 1186 1301 frumenti
1210 1270 1267 1300 ac
1290 1261 1390 1301 tres
1413 1253 1597 1302 firlotas
1620 1254 1728 1303 albe
1762 1254 1945 1302 farrine
1970 1262 2018 1302 et
2041 1255 2210 1302 decem

176 1343 354 1391 solidos
388 1380 398 1391 .
430 1382 439 1390 .
475 1382 484 1391 .
521 1351 718 1391 monete
756 1379 766 1390 .
805 1381 815 1391 .
855 1381 865 1390 .
905 1342 1078 1392 Scocie
1098 1344 1160 1391 ad
1179 1344 1414 1392 terminos
1446 1382 1456 1392 .
1490 1381 1501 1392 .
1536 1381 1546 1392 .
1583 1344 1803 1393 soluendi
1824 1346 2076 1394 consuetos
2102 1363 2212 1394 611111

178 1435 334 1483 11111113
360 1435 629 1498 caponibus
655 1452 713 1483 ac
738 1435 944 1483 totidem
981 1435 1128 1499 pullis
1164 1436 1344 1485 adultis
1380 1416 1575 1486 etcum
1610 1439 1832 1487 omnibus
1868 1439 1974 1487 aliis
2008 1439 2212 1486 husban-

178 1528 352 1576 dorum
379 1528 610 1576 oneribus
648 1564 659 1575 .
701 1566 711 1575 .
749 1566 757 1576 .
795 1527 862 1577 Et
887 1528 920 1576 fi
947 1528 1203 1593 contingat
1226 1528 1406 1576 dictum
1432 1528 1711 1593 Georgeum
1749 1566 1760 1577 .
1802 1567 1812 1577 .
1847 1511 1868 1577 .·
1912 1529 2057 1594 [fore]
2094 1567 2105 1578 .
2149 1567 2162 1578 .
2201 1566 2214 1578 .

179 1619 306 1668 male
325 1620 685 1683 persoluentem
725 1657 736 1667 .
776 1657 787 1668 .
833 1657 844 1667 .
883 1619 963 1667 uel
981 1619 1271 1669 iniuriosum
1287 1621 1457 1670 licebit
1477 1620 1617 1670 nobis
1655 1659 1666 1670 .
1705 1659 1716 1670 .
1756 1660 1766 1670 .
1805 1623 1864 1670 de
1903 1659 1914 1669 .
1951 1661 1961 1670 .
2000 1660 2011 1670 .
2045 1625 2216 1670 octaua

180 1722 320 1778 parte
350 1700 472 1762 ad..
522 1752 532 1761 .
584 1751 594 1761 .
643 1713 838 1762 libitum
886 1753 895 1762 .
943 1752 952 1762 .
998 1752 1007 1762 .
1056 1714 1314 1778 disponere
1355 1752 1365 1761 .
1411 1752 1437 1765 .,
1467 1723 1489 1761 .’
1518 1713 1628 1762 Nec
1650 1714 1817 1763 licebit
1839 1715 2056 1778 predicto
2096 1753 2106 1762 .
2153 1752 2162 1761 .
2204 1751 2214 1761 .

179 1808 400 1854 0816116111
436 1814 628 1869 partem
662 1805 810 1854 alicui
851 1843 861 1853 .
908 1844 919 1853 .
959 1845 970 1854 .
1010 1805 1225 1854 assedere
1269 1843 1279 1853 .
1324 1844 1334 1854 .
1380 1843 1390 1853 .
1434 1806 1533 1855 fine
1568 1806 1734 1854 nostra
1767 1806 1977 1855 licencia
2000 1806 2217 1854 601161113

291 1935 300 1944 .
343 1897 561 1961 exceptis
602 1935 612 1945 .
656 1934 666 1945 .
716 1936 726 1946 .
767 1897 920 1962 Apud
960 1936 970 1945 .
1012 1936 1023 1946 .
1069 1936 1081 1946 .
1127 1898 1395 1962 capitulum
1431 1906 1605 1962 quarto
1630 1899 1709 1946 die
1735 1898 1907 1947 mensis
1931 1898 2055 1946 Julii
2090 1915 2217 1945 anno

180 1989 387 2038 Domini
410 1989 665 2038 millesimo
691 1990 1081 2053 quingentesimo
1107 1990 1334 2039 secundo.

183 2243 409 2316 Garvok
445 2267 755 2329 presentatur
791 2265 1022 2330 magister
1052 2266 1297 2314 Walterus
1337 2264 1564 2314 Stratone
1602 2280 1711 2312 cum
1745 2279 1919 2310 vacare
1956 2261 2216 2326 contigerit

83 2361 103 2375 χ
183 2359 263 2407 via
285 2360 683 2423 permutacionis.

74 2539 130 2584 31

186 2575 197 2584 .
239 2574 250 2585 .
292 2575 303 2586 .
346 2538 537 2587 Jacobo
573 2576 584 2586 .
623 2576 633 2587 .
673 2577 684 2587 .
721 2540 1091 2603 archiepiscopo
1117 2537 1466 2587 Sanffiandree
1504 2573 1512 2582 .
1549 2572 1559 2582 .
1593 2573 1603 2582 .
1641 2534 1810 2583 Scocie
1834 2532 2032 2598 primati
2056 2531 2215 2594 legato

184 2638 298 2679 nato
324 2631 742 2680 commendatario
768 2632 829 2680 de
853 2631 1208 2694 Dunfermling
1232 2646 1289 2678 ac
1313 2628 1427 2676 duci
1452 2625 1612 2675 Roffie
1637 2635 1730 2675 etc.
1761 2661 1771 2672 .
1808 2662 1817 2671 .
1850 2662 1859 2671 .
1888 2623 2055 2672 Dauid
2071 2623 2217 2670 abbas

183 2758 194 2767 .
235 2759 244 2768 .
285 2758 296 2768 .
339 2724 398 2770 de
422 2723 758 2771 Abirbrothoc
799 2760 808 2770 .
847 2760 857 2770 .
898 2760 908 2770 .
948 2722 1260 2771 reuerencias
1299 2758 1310 2768 .
1342 2759 1351 2768 .
1388 2759 1398 2769 .
1434 2720 1518 2768 Ad
1545 2719 1775 2769 vicariam
1799 2725 2084 2782 perpetuam
2109 2732 2215 2778 par-

182 2806 413 2861 rochialis
450 2813 651 2862 ecclesie
686 2815 747 2863 de
786 2814 993 2864 Garvok
1019 2813 1176 2863 vestre
1213 2813 1416 2863 diocefis
1453 2830 1560 2862 cum
1597 2812 1731 2860 illam
1756 2827 1929 2859 vacare
1965 2808 2215 2871 contingat

182 2918 271 2966 per
309 2940 320 2951 .
362 2941 373 2951 .
413 2941 423 2951 .
460 2904 849 2970 refignacionem
888 2943 898 2953 .
946 2943 957 2953 .
1000 2943 1011 2953 .
1051 2905 1238 2953 domini
1263 2905 1469 2954 Roberti
1496 2903 1728 2968 Martyne
1771 2939 1782 2950 .
1828 2939 1838 2949 .
1884 2937 1894 2948 .
1934 2899 2214 2963 magistrum

183 2993 457 3044 Walterum
503 2996 735 3047 Stratone
772 3001 1012 3046 16ἃο16111
1051 2998 1112 3045 (16
1147 2996 1435 3045 Dunnotter
1482 2995 1626 3044 causa
1669 2991 2048 3058 permutacionis
2088 2990 2214 3036 inter

182 3084 336 3149 ipsum
375 3096 424 3136 et
461 3088 644 3136 dietum
682 3090 936 3138 dominum
972 3089 1241 3137 Robertum
1283 3105 1390 3135 cum
1430 3087 1513 3134 sua
1547 3085 1755 3134 rectoria
1790 3084 1850 3131 de
1883 3082 2130 3131 Dunotter
2166 3087 2212 3126 61

182 3176 303 3226 61163
341 3195 439 3227 11011
477 3180 634 3229 vestre
679 3218 689 3229 .
733 3219 743 3228 .
789 3218 799 3228 .
845 3180 1133 3244 paternitati
1176 3218 1187 3228 .
1225 3217 1236 3227 .
1276 3217 1286 3227 .
1325 3180 1656 3243 presentamus
1694 3215 1705 3226 .
1745 3214 1756 3224 .
1797 3214 1807 3224 .
1845 3175 1996 3238 Apud
2030 3172 2209 3220 monas-
