2586 3834
69 1048 163 1093 533

0 1964 290 2018 3534..

658 358 1083 409 REGISTRUM
1117 359 1214 408 DE
1251 359 1807 412 ABERBROTHOC.
2129 375 2256 437 “419

214 492 478 540 leuandum
505 498 768 554 ceteraque
808 528 818 538 .
858 529 868 539 .
910 529 919 539 .
954 492 1005 538 in
1031 490 1268 554 premiffis
1293 491 1571 540 faciendum
1612 532 1622 541 .
1664 532 1674 541 .
1715 533 1724 542 .
1762 495 1947 544 Datum
1972 494 1992 542 “.
2031 535 2040 544 .
2076 536 2086 544 .
2126 500 2255 547 sexto

216 583 294 631 die
319 581 493 631 mensis
518 581 746 631 Ofitobris
771 599 901 630 anno
927 582 1134 629 Domini
1158 582 1412 631 millefimo
1438 585 1824 650 quingentesimo
1850 588 2156 636 duodecimo.

214 834 434 906 Carnok
460 856 768 919 presentatur
793 857 1021 904 dominus
1048 856 1298 906 Dionifius
1322 859 1563 908 Auchlek.

219 1078 228 1087 .
269 1078 279 1087 .
319 1081 326 1088 .
367 1040 655 1089 Alexandro
683 1040 1036 1090 Sanfitiandree
1070 1042 1438 1107 archiepiscopo
1464 1083 1472 1091 .
1500 1083 1507 1091 .
1536 1083 1544 1091 .
1575 1044 1746 1093 Scocie
1771 1047 1969 1110 primati
1993 1048 2256 1111 apostolice

215 1132 341 1180 sedis
363 1132 526 1196 legato
551 1133 1069 1197 commendatarioque
1089 1141 1329 1198 perpetuo
1355 1135 1415 1182 de
1440 1133 1824 1202 Dumfermlyng
1840 1145 1888 1186 et
1909 1138 2254 1204 Coldyngham

218 1223 466 1288 Georgius
503 1222 645 1290 [eta]
691 1262 701 1272 .
754 1262 764 1272 .
816 1262 825 1272 .
877 1224 961 1272 Ad
997 1225 1233 1273 vicariam
1272 1233 1561 1288 perpetuam
1599 1228 1798 1276 ecclefie
1834 1230 2156 1292 parrochialis
2195 1232 2255 1278 de

219 1315 422 1364 Carnok
474 1354 483 1363 .
536 1353 546 1363 .
599 1353 609 1363 .
659 1324 917 1365 vacantem
960 1334 1048 1380 per
1092 1317 1332 1366 decessum
1383 1355 1392 1365 .
1446 1355 1456 1365 .
1511 1357 1520 1366 .
1571 1321 1757 1368 domini
1798 1321 2000 1370 Roberti
2050 1323 2253 1388 Martyn

313 1447 321 1454 .
372 1407 624 1455 dominum
649 1406 929 1455 Dionifium
957 1406 1189 1457 Auchlek
1235 1449 1243 1458 .
1288 1448 1296 1457 .
1341 1448 1349 1457 .
1392 1409 1726 1472 presentamus
1763 1451 1770 1459 .
1815 1451 1823 1459 .
1868 1452 1876 1460 .
1916 1413 2102 1462 Datum
2147 1454 2154 1462 .
2199 1454 2207 1462 .
2246 1454 2254 1463 .

215 1514 347 1546 nono
373 1499 453 1546 die
478 1499 652 1547 mensis
678 1498 978 1548 Nouembris
1018 1538 1027 1547 .
1070 1538 1079 1546 .
1119 1539 1128 1548 .
1167 1500 1419 1548 millefimo
1445 1501 1830 1566 quingentesimo
1853 1504 2155 1552 duodecimo.

216 1754 531 1824 Innerlonan
558 1792 670 1824 cum
696 1776 899 1824 decimis
924 1777 1167 1825 affedatur
1187 1776 1222 1825 J
1226 1778 1379 1826 acobo
1406 1777 1609 1827 Guthre.

346 1995 354 2004 .
408 1955 584 2004 Pateat
629 1995 637 2003 .
688 1995 696 2003 .
746 1995 754 2003 .
802 1972 893 2003 nos
932 1955 1205 2020 Georgium
1249 1953 1389 2021 [etc.]
1439 1995 1448 2004 .
1499 1995 1508 2004 .
1562 1995 1570 2003 .
1622 1957 1846 2006 affedaffe
1894 1998 1902 2006 .
1953 1998 1960 2006 .
2011 1997 2019 2007 .
2068 1959 2257 2008 Jacobo

217 2047 410 2097 Gruthre
435 2054 483 2095 et
507 2047 602 2095 suis
628 2045 876 2111 affignatis
926 2086 933 2094 .
985 2086 992 2094 .
1042 2086 1051 2095 .
1090 2047 1356 2095 dummodo
1381 2047 1705 2096 admittantur
1729 2066 1817 2113 per
1851 2068 1940 2098 nos
1965 2059 2013 2099 et
2038 2068 2137 2099 non
2167 2051 2258 2099 fint

215 2139 414 2187 maioris
439 2138 589 2186 status
621 2155 767 2201 quam
803 2138 905 2202 ipse
948 2177 956 2186 .
1001 2177 1009 2186 .
1055 2177 1063 2185 .
1108 2146 1266 2186 terras
1290 2138 1480 2186 nostras
1506 2139 1567 2187 de
1592 2139 1894 2189 Innerlonan
1921 2158 2031 2188 cum
2057 2142 2257 2189 decimis

215 2230 499 2295 garbalibus
539 2269 547 2277 .
588 2269 597 2276 .
641 2269 649 2277 .
686 2246 778 2293 pro
814 2229 1037 2277 terminis
1073 2229 1398 2278 nouendecim
1435 2247 1675 2278 annorum
1715 2269 1723 2278 .
1762 2270 1771 2279 .
1810 2271 1818 2279 .
1862 2230 2108 2279 Soluendo
2146 2270 2155 2279 .
2196 2270 2205 2279 .
2246 2271 2254 2279 .

218 2323 338 2370 duas
374 2322 565 2370 celdras
604 2329 652 2369 et
692 2325 798 2369 octo
836 2321 992 2369 bollas
1030 2321 1168 2369 ordei
1206 2329 1254 2369 et
1291 2323 1411 2369 duas
1449 2322 1639 2369 celdras
1679 2328 1726 2369 et
1765 2325 1870 2369 octo
1907 2322 2060 2369 bollas
2097 2322 2254 2370 farine

218 2413 475 2462 auenatice
514 2413 575 2461 de
614 2411 841 2460 mensura
878 2412 973 2459 fori
1015 2413 1260 2460 currentis
1297 2412 1430 2459 infra
1475 2451 1483 2459 .
1524 2451 1533 2459 .
1573 2451 1581 2459 .
1630 2411 1980 2459 monasterium
2028 2450 2036 2459 .
2080 2450 2088 2459 .
2139 2450 2146 2459 .
2190 2411 2255 2459 Et

218 2505 334 2569 quia
374 2505 557 2552 dietum
608 2542 617 2551 .
662 2541 672 2551 .
712 2542 721 2551 .
771 2510 820 2552 et
866 2504 975 2551 suos
1023 2502 1283 2566 affignatos
1328 2503 1550 2566 equitare
1597 2503 1848 2550 nobiscum
1889 2541 1898 2550 .
1942 2542 1951 2550 .
1993 2541 2002 2550 .
2048 2519 2253 2550 onerare

217 2597 517 2645 intendimus
560 2635 568 2643 .
609 2633 620 2642 .
667 2636 678 2646 .
723 2586 1002 2643 eosdem'ab
1029 2594 1253 2642 omnibus
1277 2593 1637 2640 husbandorum
1664 2593 1893 2640 oneribus
1930 2631 1938 2640 .
1976 2631 1984 2639 .
2023 2632 2031 2641 .
2069 2593 2255 2640 relaxa-

219 2704 324 2736 mus
349 2694 554 2751 excepto
580 2688 712 2750 quod
737 2687 921 2734 ducent
959 2725 968 2734 .
1010 2725 1017 2733 .
1059 2725 1067 2732 .
1109 2685 1299 2750 tegulas
1324 2702 1353 2732 a
1376 2684 1609 2747 lapicidio
1648 2685 1711 2732 ad
1752 2723 1760 2732 .
1804 2723 1812 2731 .
1857 2723 1865 2732 .
1907 2684 2255 2732 monasterium

219 2779 630 2843 quemadmodum
656 2777 740 2826 alii
762 2777 1005 2826 husbandi
1044 2812 1054 2824 .
1095 2813 1105 2823 .
1147 2812 1158 2823 .
1195 2782 1401 2839 excepta
1426 2775 1581 2823 eciam
1616 2774 1779 2823 nostre
1815 2775 2086 2839 regalitatis
2120 2774 2254 2823 iuris-

220 2869 431 2918 dictione
472 2870 524 2917 in
567 2868 791 2916 omnibus
835 2866 983 2915 curiis
1025 2866 1239 2930 querelis
1285 2874 1334 2915 et
1376 2866 1571 2929 placitis
1613 2864 1789 2913 nostris
1829 2866 1881 2913 in
1923 2865 2098 2929 quibus
2139 2904 2148 2913 .
2192 2903 2199 2911 .
2243 2903 2251 2911 .

220 2961 394 3009 sectam
426 2977 737 3009 communem
779 2998 787 3007 .
826 2998 835 3007 .
874 2997 882 3006 .
920 2957 1105 3006 faciant
1143 2993 1154 3005 .
1189 2996 1199 3006 .
1237 2995 1247 3005 .
1283 2956 1493 3005 Decimo
1518 2956 1721 3020 septimo
1746 2956 1826 3004 die
1848 2956 2023 3005 mensis
2047 2955 2253 3004 Decem-

221 3051 320 3100 bris
346 3068 475 3100 anno
498 3050 704 3099 Domini
729 3048 982 3097 millesimo
1009 3046 1396 3112 quingentesimo
1422 3047 1724 3095 duodecimo,
