2742 3848
38 529 133 580 683

38 1180 132 1232 684

636 305 1066 357 REGISTRUM
1100 304 1198 355 DE
1235 302 1801 354 ABERBROTHOC.
2152 305 2249 359 477

185 512 338 585 Idem
365 532 547 582 affedat
571 550 663 598 pro
690 532 1018 581 nouendecim
1054 530 1197 579 annis
1223 529 1418 579 Thome
1454 529 1742 595 Straquhyn
1779 558 1789 569 -
1824 529 1861 579 J
1864 536 2010 579 onete
2035 529 2248 578 Browne

186 627 355 692 sponse
391 627 474 675 sue
513 654 524 664 ·
563 633 613 675 et
648 625 872 674 Johanni
915 623 1203 689 Straquhyn
1241 623 1344 671 filio
1382 622 1467 672 suo
1507 622 1693 672 iuniori
1730 649 1740 660 ·
1775 622 1966 687 suisque
1999 621 2250 689 affignatis

184 737 286 768 non
310 718 513 768 maioris
547 717 701 767 status
727 717 984 766 dimidiam
1010 724 1204 781 partem
1239 716 1512 765 molendini
1540 717 1601 765 de
1629 716 1870 783 Craquhy
1895 734 2008 766 cum
2044 716 2250 766 decimis

185 829 334 877 quam
360 811 581 860 Thomas
618 818 734 860 ante
760 810 1036 874 occupabat
1073 839 1084 850 ·
1124 807 1377 861 Soluendo
1418 808 1535 875 [etc.
1574 826 1640 874 up
1666 808 1814 874 supra
1850 809 1948 858 No,
1977 807 2098 875 682]
2138 837 2148 848 ·
2188 812 2250 857 13

182 902 304 952 Feb.
334 903 481 957 1527.

185 1161 337 1233 Idem
380 1181 561 1231 affedat
596 1197 687 1246 pro
724 1179 1053 1229 nouendecim
1090 1179 1233 1228 annis
1263 1179 1487 1229 Henrico
1513 1180 1670 1230 Fethe
1701 1180 1902 1229 domino
1928 1181 1990 1229 de
2015 1180 2249 1247 Ballysak

184 1286 234 1326 et
275 1276 472 1326 Helene
513 1275 745 1324 Stratone
788 1273 958 1339 sponse
995 1273 1078 1322 sue
1117 1273 1308 1337 suisque
1354 1272 1604 1339 affignatis
1647 1280 1696 1322 et
1739 1273 2111 1322 subtenentibus
2146 1290 2248 1321 non

183 1370 385 1420 maioris
423 1369 577 1418 status
613 1376 773 1417 terras
814 1367 931 1416 ville
973 1367 1034 1415 de
1075 1365 1293 1431 thhyn
1334 1373 1384 1414 et
1419 1366 1636 1415 decimas
1672 1366 1901 1431 garbales
1939 1366 2212 1415 earundem
2238 1394 2248 1404 ·

184 1462 505 1528 quasquidem
541 1461 644 1527 ipse
671 1461 925 1510 Henricus
951 1469 1000 1510 et
1024 1460 1154 1508 filius
1179 1460 1291 1508 suus
1317 1459 1478 1508 senior
1503 1466 1552 1508 et
1574 1459 1720 1508 heres
1741 1461 2053 1525 occupabant
2089 1488 2099 1499 -
2137 1476 2249 1508 cum

182 1555 425 1621 potestate
455 1553 747 1619 imponendi
773 1561 821 1603 et
847 1553 1130 1618 expellendi
1153 1552 1471 1601 subtenentes
1508 1579 1518 1589 ·
1555 1552 1734 1617 quibus
1770 1552 2115 1601 deficientibus
2151 1550 2250 1601 flue

182 1649 244 1697 de
269 1647 434 1696 medio
459 1646 663 1695 sublatis
689 1653 804 1695 ante
831 1645 1016 1694 exitum
1041 1645 1374 1694 nouendecim
1399 1663 1646 1694 annorum
1672 1644 1983 1694 Allexandro
2009 1644 2167 1694 Fethe
2202 1652 2250 1693 et

180 1741 352 1790 Dauid
388 1739 547 1789 Fethe
581 1739 697 1787 filiis
733 1739 975 1787 dietorum
1015 1737 1229 1786 Henrici
1260 1744 1309 1785 et
1335 1736 1533 1786 Helene
1565 1736 1758 1802 suisque
1795 1737 2045 1803 affignatis
2071 1746 2120 1786 et
2145 1738 2250 1786 sub-

182 1833 466 1882 tenentibus
503 1839 556 1880 ut
591 1830 898 1896 premittitur
935 1857 945 1867 ·
985 1829 1240 1879 Soluendo
1266 1830 1602 1896 quadraginta
1624 1830 1784 1879 bollas
1809 1830 1969 1879 farine
1995 1838 2044 1880 et
2070 1831 2250 1896 viginti

182 1927 339 1976 bollas
361 1926 501 1975 ordei
525 1925 639 1991 puri
661 1932 711 1974 et
735 1924 848 1973 ficci
874 1924 938 1972 ad
963 1923 1203 1972 terminos
1228 1922 1463 1972 victualia
1487 1923 1712 1972 soluendi
1737 1931 1786 1973 et
1812 1923 2032 1989 quinque
2056 1940 2250 1972 marcas

183 2025 380 2068 monete
442 2017 618 2068 Scocie
666 2018 730 2066 ad
778 2017 1018 2066 terminos
1067 2015 1257 2065 vsuales
1306 2046 1316 2057 ·
1363 2025 1413 2066 et
1455 2018 1684 2067 vehendo
1731 2019 1905 2068 decem
1953 2018 2250 2084 plaustratus

184 2112 442 2177 glebarum
469 2119 519 2160 et
542 2111 750 2160 totidem
775 2111 879 2160 feni
916 2141 927 2151 ·
965 2117 1013 2158 et
1039 2109 1268 2158 ducendo
1294 2110 1487 2175 tegulas
1512 2111 1749 2175 quociens
1772 2111 2041 2176 premoniti
2064 2104 2250 2160 fuerint

187 2205 307 2254 ficut
332 2204 416 2253 alii
440 2203 681 2253 hulbandi
717 2233 728 2243 ·
770 2207 830 2251 14
855 2202 1120 2252 Februarii
1149 2201 1295 2255 1527.

188 2459 342 2532 Idem
388 2464 572 2529 affedat
615 2497 707 2544 pro
754 2479 1085 2544 nouendecim
1134 2479 1276 2527 annis
1320 2479 1514 2529 Thome
1565 2479 1852 2547 Straquhyn
1882 2471 1911 2520 *-
1961 2480 2249 2546 Margarete

190 2573 397 2639 Mawyll
421 2573 589 2637 sponse
613 2573 696 2620 sue
722 2600 732 2610 ·
761 2571 956 2620 Thome
979 2570 1267 2637 Straquhyn
1287 2579 1337 2620 et
1355 2572 1390 2622 J
1393 2573 1579 2622 ohanni
1603 2564 1889 2639 Straquhyn
1914 2590 2085 2622 eorum
2109 2573 2223 2622 filiis
2239 2600 2249 2611 ·

189 2665 381 2730 suisque
417 2664 790 2714 subtenentibus
824 2681 926 2712 non
961 2663 1166 2713 maioris
1191 2662 1343 2714 status
1369 2665 1539 2714 villam
1565 2666 1626 2715 de
1654 2665 1881 2716 Carnton
1907 2683 2020 2716 cum
2045 2666 2250 2715 decimis

191 2759 476 2826 garbalibus
515 2788 526 2798 ·
569 2757 821 2808 Soluendo
855 2775 1003 2807 vnam
1039 2758 1257 2807 celdram
1296 2757 1410 2822 puri
1447 2765 1496 2807 et
1531 2758 1646 2807 sicci
1683 2758 1920 2807 frumenti
1953 2761 2063 2807 0800
2093 2758 2250 2807 bollas

192 2852 356 2901 farine·
387 2851 646 2900 auenatice
672 2858 721 2900 et
745 2850 1078 2915 quadraginta
1101 2858 1314 2915 quatuor
1338 2850 1495 2899 bollas
1529 2851 1702 2899 mundi
1727 2858 1777 2900 et
1802 2851 1915 2900 ficci
1941 2851 2081 2899 ordei
2115 2868 2249 2899 men-

194 2945 303 2992 sure
327 2943 426 2992 fori
452 2943 698 2993 currentis
732 2960 843 2992 cum
880 2959 1061 2991 nouem
1095 2942 1368 3007 caponibus
1405 2950 1454 2991 et
1490 2943 1698 2992 totidem
1733 2943 1884 3008 pullis
1919 2943 2101 2992 adultis
2137 2960 2248 2992 cum

195 3044 452 3100 rynemart
476 3044 526 3086 et
550 3036 754 3102 weddyr
778 3043 828 3084 et
852 3035 961 3084 aliis
985 3034 1352 3084 husbandorum
1379 3035 1612 3084 oneribus
1649 3063 1660 3074 ·
1694 3040 1725 3090 9
1751 3035 1934 3084 Marcii
1960 3036 2102 3089 1527.
