2742 3848
532 364 631 413 590

1244 356 1483 407 INDEX
1519 356 1897 407 NOMINUM.

532 503 689 555 Ogilby,
721 502 947 542 Alexander
979 502 1039 551 de,
1075 501 1289 540 vicecomes
1322 500 1370 539 de
1390 499 1545 552 {Angus
1617 500 1775 552 Ogilby,
1806 499 1990 550 Jacobus,
2022 499 2069 539 de
2100 499 2315 551 Oukyston,
2345 500 2449 540 filius
2477 502 2626 542 Oliueri

585 588 653 615 seu
672 574 821 624 Forfar,
841 575 906 623 47,
930 573 1021 622 545,
1039 572 1131 611 546.

657 644 893 694 Alexander,
923 644 1026 682 filius
1057 641 1204 681 domini
1235 641 1283 680 de
1318 640 1467 693 Ogilvy
1495 641 1543 680 de

585 718 695 769 Erly,
718 718 812 756 321.

657 786 893 836 Alexander,
912 785 1017 824 filius
1030 783 1222 823 naturalis
1237 783 1406 823 Walteri
1427 783 1473 824 O.
1496 784 1543 823 de

584 859 793 910 Dinlugus,
816 858 908 897 520.

655 928 891 978 Alexander,
912 927 1017 967 filius
1033 926 1225 967 naturalis
1240 926 1407 967 Walteri
1426 926 1473 967 O.
1494 926 1542 966 de

582 999 831 1050 Monicabok,
855 1001 949 1039 487.

651 1070 925 1122 Archibaldus,
946 1072 1039 1121 387,
1056 1071 1149 1121 495,
1172 1071 1264 1111 526.

654 1143 799 1194 David,
819 1142 863 1182 of
876 1142 965 1182 that
983 1142 1053 1193 ilk,
1077 1143 1171 1182 289.

526 1239 634 1247 ——--
650 1216 806 1255 domina
824 1213 980 1253 Helena
999 1218 1124 1253 mater
1144 1213 1306 1264 Oliueri,
1328 1213 1422 1255 301.

652 1289 830 1328 dominus
865 1287 1040 1328 Jacobus
1080 1287 1140 1337 de,
1178 1286 1226 1326 de
1262 1285 1369 1337 Erle,
1413 1285 1536 1337 miles,

578 1361 760 1410 ballivus,
789 1359 1034 1409 camerarius,
1066 1366 1106 1398 et
1127 1358 1368 1410 justiciarius
1395 1358 1537 1410 regali-

575 1433 670 1473 tatis
682 1432 729 1472 de
742 1431 1015 1481 Abirbrothoc,
1037 1436 1171 1483 postea
1190 1430 1370 1470 dominus
1381 1429 1539 1483 Ogilwy

577 1505 624 1544 de
643 1504 753 1556 Erly,
775 1505 866 1554 154,
890 1504 980 1554 186,
997 1504 1090 1553 235,
1108 1504 1201 1553 240,
1218 1503 1311 1553 255,
1334 1503 1426 1552 276,
1442 1503 1535 1552 289,

577 1580 670 1619 321.

649 1649 829 1689 dominus
856 1649 1051 1698 .Jacobus,
1087 1647 1232 1699 junior,
1269 1646 1381 1686 heres
1416 1659 1535 1699 appa-

577 1735 665 1761 rens
694 1721 835 1761 Jacobi
863 1720 1010 1760 domini
1040 1718 1088 1759 O.
1119 1719 1167 1759 de
1194 1718 1302 1769 Erle,
1324 1719 1417 1769 457,
1439 1719 1532 1767 460,

577 1794 670 1833 495.

651 1864 830 1904 dominus
858 1863 886 1903 J
888 1863 1061 1902 ohannes
1079 1863 1139 1913 de,
1161 1862 1340 1901 dominus
1356 1861 1405 1900 de
1424 1861 1531 1901 Lun-

575 1926 747 1988 trethyn,
764 1935 888 1985 miles,
904 1934 1086 1984 ballivus,
1102 1934 1347 1984 camerarius,
1364 1937 1404 1972 et
1417 1932 1532 1985 justi-

575 2007 716 2047 ciarius
740 2005 958 2058 regalitatis
984 2005 1032 2044 de
1060 2004 1335 2052 Abirbrothoc,
1367 2006 1431 2052 74,
1467 2005 1531 2054 75,

579 2081 669 2130 113,
694 2080 784 2129 115,
810 2079 900 2127 131,
923 2078 1014 2127 153,
1037 2078 1129 2117 235.

519 2174 627 2180 --
645 2150 825 2190 dominus
842 2149 1026 2198 Thomas,
1047 2147 1171 2199 miles,
1202 2148 1295 2198 285,
1318 2149 1411 2195 286,
1438 2149 1530 2197 302,

574 2223 667 2272 303,
687 2223 780 2272 321,
800 2222 893 2262 340.

519 2318 619 2324 —
646 2292 870 2341 Elizabeth,
890 2294 977 2332 vide
996 2291 1180 2342 Annand,
1202 2290 1391 2331 Balfouir.

519 2389 627 2395 --
645 2364 791 2404 Ellena
811 2363 978 2404 Cossour
991 2376 1132 2415 sponsa
1148 2362 1177 2403 J
1178 2362 1354 2413 ohannis,
1375 2363 1467 2402 393.

647 2436 764 2476 Felix
783 2435 961 2475 Fentone
981 2447 1121 2487 sponsa
1141 2434 1302 2484 Oliueri,
1326 2435 1419 2474 390.

647 2507 853 2559 Georgius,
886 2507 990 2546 filius
1008 2505 1199 2546 naturalis
1218 2505 1387 2545 Walteri
1415 2504 1462 2545 O.
1483 2506 1530 2546 de

574 2579 784 2631 Dinlugus,
808 2580 901 2618 520.

647 2650 850 2701 Georgius,
872 2649 977 2689 filius
1001 2648 1190 2688 naturalis
1210 2647 1377 2688 Walteri
1406 2647 1453 2688 O.
1484 2648 1532 2687 de

574 2721 820 2772 Monicabok,
843 2722 936 2760 487.

650 2792 807 2832 Helena
836 2791 1023 2844 Synklair
1050 2804 1191 2843 sponsa
1210 2791 1362 2840 Jacobi,
1384 2790 1531 2832 domini

575 2866 622 2905 de
642 2864 775 2917 Erlye,
797 2865 891 2914 457,
912 2864 1005 2913 489,
1024 2864 1118 2902 495.
1277 2847 1286 2854 '

649 2936 861 2976 Helizabet
879 2947 947 2974 seu
966 2933 1163 2983 Esobella,
1185 2933 1272 2973 vide
1291 2933 1489 2973 Fleschar.

649 3007 819 3048 Isobella
840 3005 1007 3046 St-ewart
1036 3018 1175 3057 sponsa
1199 3004 1405 3055 Johannis,
1436 3006 1528 3055 497,

578 3082 671 3120 498.

647 3153 831 3202 Jacobus,
854 3152 918 3201 90,
943 3152 1032 3191 153.

645 3224 830 3273 Jacobus,
853 3222 900 3262 de
919 3222 1123 3272 Bradown,
1145 3222 1239 3270 469,
1255 3222 1348 3271 470,
1369 3223 1461 3260 471.

1672 570 1718 610 O.
1741 576 1780 610 et
1800 570 1946 610 Felicis
1965 570 2155 621 Fentone,
2175 572 2268 622 390,
2288 573 2382 622 430,
2405 573 2497 611 517.

1641 631 1647 634 ’
1742 643 1928 693 Jacobus,
1950 642 1997 681 de
2016 642 2248 693 Deskfurde,
2270 642 2393 693 mnes,
2417 645 2509 694 234,
2532 646 2623 694 235,

1670 717 1763 766 264,
1781 716 1874 764 274,
1897 716 1990 764 276,
2013 715 2105 765 279,
2126 715 2218 765 280,
2241 715 2332 763 285,
2353 716 2445 765 315,
2463 717 2555 755 316.

1742 786 1926 836 Jacobus,
1946 785 2126 825 dominus
2146 785 2307 837 Ogyluy
2321 786 2368 825 de
2385 785 2506 836 Erlie‚
2523 786 2627 826 filius

1668 857 1740 897 filii
1765 857 1960 898 Johannis
1979 857 2127 897 domini
2157 857 2204 897 O.
2234 857 2282 897 de
2311 857 2374 907 Ε.,
2407 859 2500 907 445,
2531 859 2623 908 457,

1670 931 1763 980 461,
1785 930 1879 980 489,
1902 929 1995 968 495.

1741 1001 1770 1041 J
1773 1002 1926 1052 acobus,
1961 1000 2066 1040 filius
2096 1000 2330 1041 Archibaldi
2367 1001 2415 1042 O.
2449 1006 2489 1040 et
2519 1001 2623 1040 Mar-

1668 1077 1802 1124 garete
1823 1071 1988 1122 Guthre,
2010 1074 2102 1111 526.

1739 1144 1767 1184 J
1770 1144 1923 1194 acobus,
1944 1142 2050 1183 filius
2068 1143 2096 1183 J
2099 1143 2208 1183 acobi
2230 1142 2276 1183 O.
2299 1143 2346 1183 de
2368 1143 2571 1195 Cukyston
2585 1150 2625 1183 et

1668 1215 1853 1254 Mariorie
1875 1215 1998 1265 Dure,
2021 1215 2115 1254 517.

1734 1287 1920 1334 Jacobus,
1963 1291 2209 1339 presentatus
2255 1287 2306 1326 ad
2347 1287 2531 1327 vicariam
2576 1288 2623 1327 de

1665 1359 1824 1410 erus,
1847 1360 1940 1398 257.

1738 1430 1956 1479 Johannes,
1978 1433 2045 1470 47.

1736 1501 1951 1553 Johannes,
1995 1503 2086 1550 182,
2127 1503 2219 1551 393,
2264 1503 2358 1552 445,
2403 1503 2496 1553 495,
2527 1504 2620 1554 497,

1663 1575 1756 1613 498.

1733 1646 1761 1686 J
1764 1645 1948 1696 ohannes,
1984 1645 2031 1684 de
2060 1644 2305 1694 Ballindoch,
2335 1645 2439 1684 filius
2476 1651 2516 1685 et
2554 1660 2620 1698 ap-

1661 1731 1801 1769 parens
1831 1717 1943 1756 heres
1976 1716 2124 1756 domini
2168 1717 2308 1756 Jacobi
2343 1716 2390 1756 0.
2426 1718 2473 1757 de
2507 1717 2618 1769 Erly,

1662 1788 1832 1828 ballivus
1860 1787 2080 1839 regalitatis
2107 1788 2156 1827 de
2184 1788 2455 1839 Abirbrothoc,
2486 1794 2622 1841 postea

1661 1861 1841 1900 dominus
1858 1860 2040 1912 Ogylwy,
2065 1862 2155 1911 186,
2178 1861 2270 1911 205,
2288 1862 2381 1911 217,
2402 1863 2494 1912 235,
2525 1863 2617 1911 240,

1662 1934 1754 1983 255,
1776 1933 1870 1972 445.

1733 2004 1762 2044 J
1763 2003 1936 2043 ohannes
1955 2003 2015 2054 de,
2037 2003 2217 2043 dominus
2234 2003 2418 2055 ejusdem,
2441 2006 2507 2044 47.

1732 2074 1947 2126 Johannes,
1979 2075 2026 2114 de
2055 2075 2258 2127 Fyngask‚
2280 2075 2451 2115 ballivus
2476 2077 2617 2127 regali-

1659 2147 1753 2186 tatis
1781 2146 1830 2186 de
1860 2146 2135 2197 Abirbrothoc,
2167 2148 2259 2196 284,
2282 2148 2375 2198 287,
2398 2149 2490 2198 298,
2523 2150 2614 2199 299,

1659 2220 1752 2269 332,
1775 2219 1868 2258 340.

1731 2290 1759 2330 J
1761 2290 1946 2340 ohannes,
1987 2289 2198 2342 deputatus
2230 2290 2471 2341 justiciarius
2499 2292 2614 2343 regis,

1658 2362 1852 2401 278-280.

1606 2458 1711 2464 ——
1728 2434 1757 2474 J
1759 2434 1943 2485 ohannes,
1966 2433 2071 2473 filius
2090 2438 2130 2473 et
2157 2433 2269 2474 heres
2287 2435 2480 2474 Willelmi
2499 2435 2546 2476 Ο.
2567 2436 2614 2475 de

1657 2507 1783 2557 Pette,
1806 2508 1899 2557 487,
1922 2507 2015 2545 520.

1729 2578 1943 2629 Johannes,
1977 2577 2082 2618 filius
2110 2578 2252 2618 Jacobi
2281 2578 2328 2618 O.
2366 2583 2406 2618 et
2432 2579 2613 2619 Mariorie

1657 2650 1778 2701 Dure,
1798 2651 1891 2701 430,
1915 2650 2007 2689 517.

1729 2721 1838 2762 John
1860 2721 1977 2772 Lord,
1999 2723 2083 2761 vide
2101 2721 2305 2762 «Iohannes
2325 2721 2373 2762 O.
2394 2722 2440 2762 de
2461 2722 2612 2762 Ballin-

1656 2793 1767 2834 doch.

1730 2864 1851 2913 John,
1868 2863 1911 2903 of
1924 2863 2237 2915 Innerquharite,
2261 2866 2354 2905 291.

1671 2967 1673 2969 v
1730 2935 1852 2987 John,
1874 2935 1918 2975 of
1933 2935 1999 2975 the
2021 2935 2160 2987 Orage,
2182 2938 2275 2977 370.

1729 3007 1758 3048 J
1760 3012 1875 3047 oneta
1894 3006 2117 3059 Abimethy
2135 3021 2276 3060 sponsa
2296 3008 2458 3057 Thome‚
2481 3010 2573 3049 387.

1730 3080 1759 3119 J
1761 3087 1876 3119 oneta
1896 3078 2065 3119 Currour
2083 3093 2222 3131 sponsa
2241 3079 2482 3130 Archibaldi,
2504 3082 2581 3120 387
2588 3114 2598 3126 ,

1729 3151 1887 3202 Joneta,
1902 3151 2066 3190 domina
2082 3151 2129 3190 de
2151 3151 2318 3203 Geycht,
2340 3154 2433 3192 457.

1727 3222 1756 3262 J
1758 3226 1884 3271 oneta,
1900 3224 1985 3262 vide
2004 3221 2186 3261 Annand.
