2762 3834
445 1241 697 1289 442...

444 2795 540 2838 443

599 378 695 423 352
1048 366 1471 423 REGISTRUM
1505 365 1602 416 DE
1639 362 2197 417 ABERBROTHOC.

651 546 663 557 .
709 546 718 556 .
767 508 959 556 libitum
997 543 1007 553 .
1044 543 1055 554 .
1095 542 1106 553 .
1148 503 1407 567 disponere
1448 536 1460 548 .
1502 536 1514 547 .
1556 535 1567 547 .
1610 498 1674 547 Et
1712 498 1745 546 st
1782 498 1917 547 dieta
1950 498 2167 548 Katrina
2201 516 2300 548 non
2333 500 2566 550 manserit
2589 502 2640 550 in

601 601 836 649 viduitate
862 599 946 647 sua
967 596 1076 661 post
1100 594 1286 643 obitum
1323 592 1439 641 diei
1464 591 1643 640 Jacobi
1680 631 1689 640 .
1728 630 1737 640 .
1775 630 1784 640 .
1822 598 2058 655 quantum
2086 592 2148 640 ad
2174 609 2281 641 eam
2305 592 2504 657 presens
2527 592 2640 642 affe-

596 692 738 741 dacio
762 689 944 738 nullius
968 687 1063 736 erit
1085 684 1278 734 roboris
1314 724 1324 733 .
1361 722 1371 733 .
1409 722 1418 733 .
1457 683 1610 748 Apud
1634 685 1856 734 Arbroth
1881 684 1970 734 xii·
1993 685 2075 735 die
2098 684 2272 735 mensis
2295 686 2484 751 Aprilis
2509 695 2640 736 auno

597 783 799 832 Domini
824 788 891 830 m⁰
915 780 1150 846 quingen⁰
1173 778 1364 842 quinto.

596 1039 926 1122 Aichmuthy
950 1073 1042 1121 pro
1067 1058 1241 1103 octaua
1261 1060 1403 1119 parte
1429 1051 1673 1102 affedatur
1700 1050 1903 1119 Symoni
1930 1051 2108 1118 Fethy.

746 1240 920 1289 Pateat
969 1279 978 1288 .
1017 1278 1026 1287 .
1071 1277 1080 1287 .
1128 1253 1221 1286 nos
1245 1237 1529 1302 Georgeum
1570 1275 1579 1284 .
1618 1275 1627 1285 .
1669 1273 1679 1283 .
1723 1235 1948 1285 abbatem
1990 1275 1999 1284 .
2037 1275 2046 1284 .
2084 1275 2094 1284 .
2139 1236 2203 1283 de
2229 1234 2451 1284 Arbroth
2503 1273 2513 1284 .
2565 1273 2576 1283 .
2626 1272 2638 1284 .

593 1331 816 1380 affedafl'e
854 1366 865 1379 .
906 1369 916 1379 .
958 1368 968 1379 .
1007 1330 1229 1396 Symony
1254 1328 1416 1395 Fethy
1441 1336 1491 1377 et
1515 1326 1732 1377 Mariote
1756 1326 2008 1376 Durward
2044 1365 2054 1376 .
2098 1364 2109 1375 .
2152 1365 2162 1376 .
2200 1327 2422 1376 ofitauam
2447 1335 2639 1392 partem
2704 1323 2710 1330 ’

595 1423 708 1472 ville
733 1422 898 1471 nostre
922 1422 985 1471 de
1014 1419 1322 1487 Aichmuthy
1365 1458 1377 1470 .
1423 1457 1436 1469 .
1481 1457 1493 1469 .
1533 1436 1626 1485 pro
1661 1426 1766 1469 toto
1801 1426 2025 1484 tempore
2059 1417 2163 1468 uite
2211 1454 2223 1467 .
2269 1457 2278 1466 .
2320 1455 2332 1465 .
2381 1434 2473 1483 pro
2504 1427 2641 1468 certa

592 1518 774 1563 summa
797 1515 1119 1580 pecuniarum
1145 1514 1288 1563 nobis
1313 1514 1375 1562 ad
1400 1511 1663 1562 utilitatem
1689 1511 1843 1560 nostri
1866 1511 1964 1560 loci
2003 1548 2015 1560 .
2055 1547 2066 1560 .
2106 1548 2117 1560 .
2153 1511 2311 1561 soluta
2340 1541 2351 1552 ·
2388 1510 2639 1561 Soluendo

592 1643 602 1653 .
641 1644 652 1654 .
686 1643 697 1654 .
736 1606 944 1671 triginta
967 1605 1148 1653 solidos
1182 1644 1192 1654 .
1229 1645 1239 1654 .
1277 1645 1287 1654 .
1325 1615 1523 1654 monete
1555 1641 1566 1652 .
1604 1641 1615 1652 .
1656 1640 1666 1652 .
1705 1601 1878 1652 Scocie
1903 1603 1968 1652 ad
2006 1639 2020 1651 .
2052 1639 2064 1651 .
2098 1640 2109 1651 .
2142 1602 2267 1651 festa
2293 1602 2639 1652 Penthecostes

591 1706 638 1745 et
668 1697 830 1745 Sanffl
857 1696 1065 1746 Martini
1103 1734 1112 1744 .
1155 1734 1165 1745 .
1204 1734 1214 1745 .
1253 1713 1362 1745 cum
1399 1703 1627 1761 rynmart
1662 1695 1854 1761 wethyr
1889 1702 1941 1744 et
1977 1732 1988 1744 .
2029 1732 2039 1743 .
2079 1733 2090 1744 .
2131 1694 2241 1743 aliis
2275 1693 2636 1744 husbandorum

590 1787 819 1835 oneribus
868 1825 878 1835 .
923 1825 932 1835 .
979 1825 989 1835 .
1039 1787 1105 1836 Et
1145 1787 1405 1836 inuenient
1454 1825 1464 1835 .
1518 1825 1529 1836 .
1581 1824 1591 1835 .
1641 1788 1897 1837 annuatim
1934 1787 2204 1854 sumptibus
2241 1788 2337 1836 suis
2384 1788 2639 1836 dimidiam

591 1880 763 1944 cymbe
787 1896 877 1944 pro
902 1879 1177 1944 piscacione
1200 1880 1326 1928 bene
1351 1887 1665 1944 preparatam
1699 1898 1810 1930 cum
1846 1880 2129 1930 hominibus
2154 1888 2203 1929 et
2228 1880 2337 1929 aliis
2361 1879 2638 1929 necessariis
2712 1909 2714 1914 ,

594 2010 604 2019 .
646 2010 654 2019 .
696 2010 706 2019 .
744 1972 808 2020 Et
834 1972 867 2019 fi
907 2009 917 2020 .
954 2010 964 2019 .
1005 2010 1015 2019 .
1053 1972 1103 2020 in
1129 1972 1380 2021 solucione
1403 1972 1545 2021 firme
1582 2009 1594 2021 .
1634 2010 1646 2021 .
1686 2010 1699 2021 .
1735 1980 1821 2022 aut
1843 1973 1896 2021 in
1922 1973 2282 2022 sustentacione
2308 1973 2484 2039 cymbe
2508 1972 2636 2021 tardi

590 2104 598 2111 .
637 2104 645 2112 .
684 2104 691 2111 .
728 2064 912 2112 fuerint
937 2071 1022 2112 aut
1045 2064 1389 2113 inobedientes
1428 2103 1438 2114 .
1479 2103 1490 2114 .
1534 2102 1545 2113 .
1584 2064 1727 2113 nobis
1765 2103 1776 2113 .
1818 2102 1828 2113 .
1865 2102 1877 2113 .
1913 2064 2085 2114 licebit
2108 2064 2250 2113 nobis
2286 2102 2297 2112 .
2334 2102 2345 2112 .
2379 2101 2389 2112 .
2425 2064 2486 2112 ad
2526 2101 2536 2112 .
2577 2102 2587 2112 .
2622 2100 2636 2113 .

589 2155 780 2204 libitum
819 2193 829 2204 .
874 2193 883 2203 .
924 2193 934 2203 .
973 2155 1151 2204 diaam
1200 2159 1425 2205 o&auam
1465 2163 1658 2221 partem
1699 2195 1709 2205 .
1748 2195 1759 2205 .
1801 2194 1811 2205 .
1853 2156 2114 2222 disponere
2162 2196 2174 2206 .
2216 2195 2227 2206 .
2271 2194 2283 2206 .
2332 2156 2487 2221 Apud
2528 2194 2539 2205 .
2577 2195 2587 2205 .
2624 2192 2636 2204 .
2690 2161 2698 2198 ἱ

591 2247 858 2311 capitulum
911 2247 1105 2296 decimo
1153 2247 1207 2295 iii
1256 2249 1337 2297 die
1390 2247 1568 2297 mensis
1615 2247 1805 2313 Aprilis
1854 2265 1985 2296 anno
2032 2247 2239 2297 Domini
2287 2254 2355 2296 m⁰
2402 2247 2639 2313 quingen⁰

590 2338 778 2402 quinto.

586 2589 1067 2676 *Banquhoryterny
1093 2610 1297 2660 ecclesia
1321 2610 1564 2661 affedatur
1587 2612 1896 2662 Allexandro
1920 2612 2113 2662 Burnat
2137 2613 2203 2662 de
2222 2612 2390 2678 Leyis.

594 2832 603 2840 .
638 2831 648 2841 .
686 2833 695 2841 .
731 2792 906 2842 Pateat
939 2832 949 2841 .
987 2831 996 2842 .
1035 2832 1044 2841 .
1080 2810 1169 2841 nos
1193 2794 1463 2859 Georgium
1500 2835 1510 2845 .
1551 2833 1561 2844 .
1601 2836 1610 2846 .
1650 2797 1876 2845 abbatem
1919 2833 1931 2844 .
1969 2831 1981 2843 .
2019 2833 2031 2844 .
2070 2796 2133 2844 de
2155 2794 2497 2844 Abirbrothoc
2528 2832 2539 2842 .
2574 2831 2586 2842 .
2622 2829 2635 2841 .

595 2883 817 2933 affedasse
862 2922 872 2932 .
918 2921 929 2931 .
974 2921 984 2931 .
1029 2884 1318 2933 Alexandro
1343 2885 1536 2935 Burnat
1560 2888 1621 2936 de
1646 2887 1797 2953 Leyis
1833 2895 1883 2936 et
1913 2886 2009 2935 suis
2043 2885 2293 2952 affign‘atis
2334 2923 2344 2934 .
2392 2922 2403 2934 .
2448 2923 2458 2933 .
2501 2886 2655 2934 damn

593 2977 749 3024 modo·
774 2975 1098 3023 admittantur
1131 2993 1219 3040 per
1251 2993 1341 3024 nos
1365 2986 1415 3025 et
1437 2979 1568 3042 quod
1598 2977 1742 3045 [non]
1771 2978 1864 3029 fint
1900 2978 2101 3028 maioris
2135 2977 2294 3027 status
2332 3015 2343 3026 .
2380 3015 2392 3026 .
2437 3015 2448 3026 .
2491 2983 2633 3042 quam

593 3068 693 3133 ipse
730 3105 740 3116 .
782 3104 793 3115 .
833 3104 844 3114 .
882 3066 1097 3115 decimas
1132 3067 1360 3131 garbales
1397 3068 1598 3118 ecclesie
1634 3070 1799 3121 nostre
1835 3072 1897 3120 de
1933 3070 2349 3136 Banchoryterny
2387 3108 2398 3118 .
2438 3107 2449 3117 .
2493 3105 2505 3118 .
2545 3075 2633 3133 pro

594 3158 816 3208 terminis
851 3158 1176 3214 nouendecim
1214 3175 1456 3207 annorum
1501 3196 1513 3209 .
1564 3197 1576 3211 .
1621 3198 1634 3210 .
1674 3163 1888 3211 termino
1920 3179 2038 3212 vero
2071 3161 2314 3211 introitus-
2350 3198 2361 3210 .
2406 3196 2417 3208 .
2461 3197 2472 3209 .
2514 3157 2632 3217 inci-
