2742 3848
0 588 92 659 Ξ18

601 352 1033 405 REGISTRUM
1068 353 1166 403 DE
1204 353 1761 406 ABERBROTHOC.
2118 366 2214 410 525

145 561 343 635 Abbas
391 581 625 632 concedit
663 580 921 631 willelmo
972 580 1176 631 Huntar
1222 582 1489 632 heredibus
1538 584 1634 633 suis
1676 592 1726 634 et
1767 584 2017 651 affignatis
2065 604 2210 635 vnam

143 677 320 727 rudam
359 684 493 726 terre
529 676 776 726 iacentem
818 676 874 725 in
912 676 1123 725 baronia
1164 677 1226 726 de
1264 676 1428 726 Torre
1471 685 1520 726 et
1560 677 1824 743 regalitate
1860 679 1922 728 de
1958 679 2214 745 Arbroyth

141 771 275 821 inter
295 777 456 820 terras
481 770 735 835 quondam
767 769 1009 818 heredum
1035 769 1244 818 Vilelmi
1270 769 1305 818 J
1308 769 1504 819 ameson
1536 771 1600 819 ad
1636 771 1878 820 orientem
1904 779 1953 820 et
1976 771 2023 819 le
2048 771 2215 821 Firtht

141 865 205 913 ad
228 865 431 913 boream
465 881 525 914 ac
554 863 688 913 inter
720 870 882 913 terras
907 861 1118 912 Vilelmi
1150 862 1389 912 Duneson
1428 864 1492 912 ad
1528 864 1838 914 occidentem
1872 872 1921 913 et
1953 865 2001 913 16
2034 865 2213 914 Lordis

143 957 332 1009 Croftis
355 958 420 1007 ad
443 956 956 1007 austrum-habentem
982 956 1034 1005 in
1060 956 1375 1023 longitudine
1410 957 1743 1022 quadraginta
1768 961 1876 1006 octo
1902 958 2042 1006 vlnas
2077 967 2125 1007 et
2161 959 2212 1006 in

139 1052 408 1102 latitudine
451 1051 716 1102 duodecim
754 1051 897 1100 vlnas
934 1068 1146 1100 vnacum
1190 1051 1234 1099 le
1251 1052 1473 1116 sowmys
1505 1052 1634 1116 gissi·
1671 1051 1723 1099 in
1766 1060 1933 1101 monte
1973 1059 2022 1100 et
2055 1052 2212 1116 glebis

143 1145 563 1196 concernentibus
603 1145 735 1195 dicte
776 1152 910 1194 terre
946 1172 956 1181 ·
993 1143 1273 1194 Reddendo
1313 1143 1393 1192 sex
1431 1144 1611 1193 solidos
1646 1153 1843 1194 monete
1884 1144 2055 1194 Scocie
2098 1174 2106 1182 ·
2148 1150 2212 1193 30

144 1238 451 1305 Septembris
479 1243 628 1288 1535.

148 1501 337 1575 Safine
357 1530 652 1588 preceptum
676 1522 807 1572 diae
832 1522 957 1571 rude
981 1520 1151 1571 similis
1176 1523 1247 1571 est
1272 1523 1430 1572 forme
1456 1530 1509 1572 vt
1532 1523 1741 1590 registro
1773 1525 1977 1590 papireo
2003 1542 2209 1574 numero

143 1620 259 1664 251.

141 1875 339 1948 Abbas
377 1897 609 1947 concedit
635 1896 876 1946 Villelmo
912 1896 1101 1946 Baxtar
1133 1896 1403 1946 heredibus
1439 1896 1535 1944 suis
1560 1903 1609 1945 et
1635 1896 1884 1962 affignatis
1909 1898 2030 1946 duas
2060 1898 2210 1946 rudas

139 1999 388 2040 terrarum
424 1991 647 2041 iacentes
672 1991 725 2040 in
747 1991 960 2040 baronia
989 1991 1051 2040 de
1079 1990 1244 2041 Torre
1279 1998 1328 2039 et
1365 1990 1629 2056 regalitate
1666 1991 1727 2039 de
1759 1990 2054 2057 Abyrbroth
2079 1992 2209 2038 inter

139 2093 300 2134 terras
315 2084 560 2134 Willelmi
579 2083 717 2135 Snod
734 2085 799 2134 ad
815 2085 1059 2137 orientem
1076 2092 1127 2134 et
1145 2084 1192 2133 le
1211 2083 1370 2150 Fyrth
1390 2085 1452 2133 ad
1469 2086 1669 2133 boream
1692 2091 1741 2133 et
1761 2084 1942 2133 croftas
1961 2084 2209 2149 quondam

137 2178 379 2227 heredum
402 2177 655 2228 Christine
679 2176 887 2226 Vilsone
914 2178 977 2226 ad
1004 2176 1317 2227 occidentem
1344 2185 1393 2226 et
1416 2178 1463 2226 16
1489 2178 1669 2226 Lordis
1693 2176 1879 2226 Croftis
1903 2178 2209 2241 pertinentes

139 2271 202 2320 ad
226 2269 471 2320 brafinam
497 2271 562 2320 ad
595 2270 815 2320 austrum
852 2270 1094 2320 habentes
1129 2269 1181 2317 in
1219 2259 1532 2336 longitudine
1570 2270 1904 2334 quadraginta
1936 2274 2043 2317 octo
2071 2269 2207 2316 vlnas

140 2371 189 2413 et
212 2364 265 2412 in
290 2363 558 2415 latitudine
583 2364 849 2414 duodecim
875 2363 1017 2412 vlnas
1044 2380 1255 2412 vnacum
1283 2363 1473 2411 duobus
1508 2363 1550 2410 le
1562 2364 1782 2426 sozvmys
1804 2379 1928 2427 gyrs
1962 2362 2013 2410 in
2039 2370 2206 2410 monte

140 2464 190 2506 et
213 2457 373 2523 glebis
398 2457 818 2508 concernentibus
844 2457 987 2506 dietis
1013 2456 1160 2506 terris
1186 2483 1196 2494 ·
1224 2455 1499 2503 Reddendo
1526 2454 1787 2503 duodecim
1814 2453 1991 2502 solidos
2011 2461 2205 2502 monete

143 2549 318 2600 Scocie
355 2579 365 2588 ·
400 2553 465 2599 30
495 2548 803 2615 Septembris
829 2553 975 2597 1535.

143 2804 331 2878 Satine
354 2835 649 2892 preceptum
680 2827 1020 2892 predictarum
1049 2826 1288 2875 rudarum
1319 2834 1468 2891 prout
1501 2826 1551 2874 in
1590 2824 1796 2890 registro
1821 2824 2026 2889 papireo
2055 2831 2201 2888 prout

139 2919 286 2983 supra
308 2935 518 2968 numero
543 2923 658 2968 251.
