2762 3834
46 790 104 833 38

602 374 1029 426 REGISTRUM
1064 377 1111 425 D
1122 377 1162 426 E
1199 377 1755 435 ABERBROTHOC.
2098 396 2192 448 349

154 510 226 585 In
242 533 442 582 nomine
462 531 640 583 8011610
655 540 705 581 01
720 531 986 581 Indiuidue
1004 533 1266 584 Trinitatis
1282 536 1459 602 incipit
1478 539 1745 603 postulacio
1761 544 1979 608 magistri
1996 546 2196 611 Georgii

155 625 399 690 Hepburn
428 625 478 672 in
504 625 730 673 abbatem
755 624 816 672 de
843 625 1087 674 Arbroith
1111 643 1241 675 anno
1266 627 1471 678 Domini
1495 637 1563 679 m⁰
1586 633 1821 698 quingen⁰
1849 634 2063 702 [101010.]

156 763 229 835 In
277 784 476 834 nomine
523 782 731 832 Domini
779 799 940 836 amen.
1010 784 1108 832 Per
1153 785 1247 833 hoc
1293 787 1491 851 presens
1531 790 1782 852 publicum
1823 792 2194 843 instrumentum

156 877 344 926 00116110
368 883 536 941 1101001
561 875 821 924 euidenter
846 883 895 924 et
920 876 975 925 fit
999 885 1169 925 notum
1201 880 1332 941 quod
1356 897 1485 928 anno
1521 882 1582 930 ab
1617 882 1955 934 incarnatione
1991 885 2194 936 Domini

154 967 408 1017 millesimo
434 967 825 1033 quingentesimo
850 968 1005 1016 tercio
1043 995 1053 1006 ·
1093 969 1172 1017 die
1195 986 1313 1018 uero
1339 971 1512 1020 10011113
1537 973 1795 1024 Februarii
1819 994 1949 1025 nono
1991 1005 2000 1015 ·
2041 979 2193 1028 indic-

155 1061 290 1110 tione
325 1060 531 1125 septima
569 1085 579 1096 ·
618 1059 934 1124 pontificat-us
971 1058 1245 1108 sanstiffimi
1269 1061 1321 1109 111
1350 1061 1544 1111 Christo
1573 1066 1727 1128 patris
1753 1077 1801 1116 et
1825 1068 2009 1117 domini
2043 1072 2193 1119 nostri

153 1153 342 1202 domini
363 1152 398 1201 J
402 1152 489 1200 ulii
514 1151 686 1200 diuina
708 1151 1034 1216 providencia
1056 1169 1183 1216 pape
1209 1154 1407 1202 secundi
1433 1172 1561 1204 anno
1582 1158 1740 1221 primo
1777 1186 1786 1195 ·
1818 1160 1870 1208 in
1894 1161 1990 1209 mei
2016 1164 2194 1210 notarii

152 1245 340 1310 publici
364 1254 413 1293 et
438 1245 633 1293 testium
657 1243 1039 1307 subscriptorum
1074 1244 1327 1308 presencia
1360 1248 1680 1310 personaliter
1716 1249 1965 1300 constituti
2001 1252 2194 1302 discreti

153 1356 211 1386 00
237 1336 451 1403 religiosi
478 1337 572 1386 viri
597 1335 826 1385 dominus
851 1335 1131 1384 Richardus
1160 1335 1276 1386 Scot
1302 1337 1523 1403 subprior
1548 1348 1596 1388 et
1621 1349 1891 1390 conuentus
1916 1344 2194 1392 monasterii

154 1430 215 1481 de
242 1429 486 1479 Arbroith
523 1428 710 1477 ordinis
739 1427 905 1477 saneti
942 1427 1200 1477 Benediffi
1229 1427 1578 1479 Sanffiandree
1613 1432 1812 1481 diocefis
1848 1435 2111 1498 capitulum
2148 1446 2196 1485 01

156 1529 455 1572 conuentum
479 1520 718 1570 facientes
754 1528 803 1569 et
837 1521 1177 1584 presentantes
1214 1521 1264 1568 in
1301 1522 1446 1570 domo
1480 1523 1738 1587 capitulari
1765 1525 1976 1574 eiusdem
2013 1530 2196 1576 monas-

156 1615 268 1663 terii
294 1623 526 1678 tanquam
551 1613 603 1661 in
629 1612 841 1662 termino
868 1611 955 1661 ciis
980 1612 1168 1676 prefixo
1194 1629 1282 1676 pro
1308 1612 1543 1663 ele&i0ne
1569 1616 1650 1663 seu
1681 1616 2012 1679 postulacione
2043 1619 2195 1667 futuri

157 1706 345 1756 abbatis
371 1706 456 1754 illo
480 1713 597 1755 tunc
622 1703 920 1753 monasterio
945 1721 1034 1768 per
1060 1704 1244 1752 obitum
1272 1708 1515 1768 quondam
1540 1706 1619 1770 pie
1645 1708 1878 1756 memorie
1902 1708 2197 1757 illustriffimi

156 1798 396 1863 principis
415 1816 473 1846 00
492 1796 884 1846 reuerendiffimi
904 1795 1058 1860 patris
1075 1796 1262 1844 domini
1280 1796 1314 1845 J
1318 1797 1458 1846 acobi
1481 1797 1833 1847 San<ffiandree
1849 1800 2198 1865 archiepiscopi

156 1890 301 1954 ipsius
337 1888 621 1938 monasterii
658 1887 817 1936 vltimi
851 1886 1119 1951 pofl'efforis
1156 1905 1213 1936 ac
1250 1889 1653 1937 commendatarii
1687 1898 1891 1939 vacante
1927 1899 1974 1939 01
2009 1891 2197 1955 pastore

158 1981 388 2032 destituto
431 1981 772 2047 capitulariter
809 1980 1099 2045 congregati
1140 1982 1346 2029 comodo
1389 1990 1437 2031 01
1480 1982 1691 2031 utilitate
1733 1982 1878 2047 ipsius
1920 1985 2195 2033 monasterii

155 2076 359 2140 preuifis
384 2084 433 2124 et
455 2092 544 2140 per
569 2074 725 2123 dietos
750 2073 1007 2138 religiosos
1030 2080 1196 2137 patres
1228 2073 1432 2138 capituli
1465 2075 1677 2139 pensatis
1714 2085 1766 2124 ut
1801 2075 2019 2125 asseritur
2054 2077 2197 2142 longo

156 2171 367 2217 traEtatu
407 2166 614 2231 desuper
653 2165 913 2230 prehabito
951 2165 1177 2213 omnibus
1212 2166 1496 2215 melioribus
1530 2167 1606 2215 via
1640 2167 1798 2216 forma
1832 2169 1939 2216 iure
1975 2178 2023 2217 et
2058 2171 2196 2217 causti

157 2261 333 2324 quibus
357 2268 588 2325 poterant
613 2267 698 2308 aut
724 2259 1000 2307 debuerant
1027 2257 1244 2306 vnanimi
1271 2259 1501 2306 consensu
1527 2259 1660 2306 nullo
1683 2259 1985 2323 discrepante
2008 2269 2195 2308 0011110-

156 2353 356 2403 dicente
394 2360 480 2402 aut
517 2351 819 2401 reclamante
850 2350 1162 2399 vniformiter
1200 2360 1247 2398 et
1286 2352 1554 2399 concordes
1594 2350 1776 2415 Spiritu
1818 2350 1993 2400 Sancto
2031 2360 2082 2399 ut
2117 2353 2195 2415 pie

158 2444 377 2493 creditur
412 2443 683 2509 inspirante
721 2443 937 2492 nobilem
976 2451 1024 2492 et
1062 2442 1314 2507 egregium
1343 2441 1498 2490 virum
1539 2440 1818 2506 magistrum
1856 2458 1912 2488 ac
1948 2441 2194 2488 dominum

162 2535 437 2601 Georgium
492 2535 739 2600 Hepburn
794 2533 996 2583 ecclesie
1056 2534 1315 2598 collegiate
1364 2534 1424 2581 de
1471 2532 1836 2598 Lynclowdane
1889 2531 2194 2596 Glasguensis
2227 2554 2229 2556 ·

159 2627 360 2677 diocefis
384 2626 683 2692 prepositum
708 2627 867 2676 virum
891 2627 1057 2690 itaque
1076 2627 1282 2691 probate
1307 2625 1403 2673 vite
1424 2624 1634 2673 sciencia
1653 2634 1701 2672 01
1719 2623 1933 2671 moribus
1952 2624 2194 2687 preditum

159 2720 210 2768 in
236 2719 570 2785 spiritualibus
593 2720 857 2785 prouidum
885 2720 936 2767 in
962 2706 1317 2783 temporalibus
1354 2716 1750 2780 circumspefitum
1788 2715 2022 2780 legittime
2059 2716 2196 2764 etatis

162 2828 219 2860 ac
266 2812 327 2860 de
374 2811 618 2877 legittimo
666 2811 811 2860 thoro
859 2818 1173 2874 procreatum
1220 2809 1271 2856 in
1321 2808 1492 2855 ordine
1545 2806 1833 2854 sacerdotali
1888 2806 2195 2854 constitutum

162 2903 374 2968 aliasque
398 2903 613 2953 habilem
638 2910 687 2952 et
711 2903 959 2968 ydoneum
985 2902 1038 2949 in
1063 2917 1233 2950 eorum
1259 2916 1316 2947 ac
1335 2898 1451 2947 (1ὶᾶ1
1468 2897 1749 2947 monasterii
1767 2898 1991 2946 abbatem
2009 2905 2195 2961 patrem

164 3002 212 3043 et
234 2995 481 3059 pastorem
505 2994 817 3060 postularunt
841 3001 890 3042 et
916 3009 1087 3041 eorum
1112 2991 1319 3056 quilibet
1342 2989 1606 3054 postulauit
1631 3017 1640 3027 ·
1667 2989 1949 3053 quiquidem
1973 2988 2196 3052 magister

165 3086 413 3152 Georgius
436 3103 605 3136 eorum
632 3086 758 3135 votis
782 3084 1097 3148 acquiescens
1121 3100 1178 3131 ac
1203 3082 1315 3131 Deo
1340 3081 1629 3130 familiarius
1639 3081 1700 3151 ‘in
1721 3080 1957 3145 religione
1982 3079 2195 3144 1110111ἃο

163 3178 409 3230 desei-nire
457 3177 738 3229 defiderans
784 3175 936 3240 ipsam
982 3164 1367 3238 postulacionem
1413 3173 1596 3222 ibidem
1642 3171 1958 3234 personaliter
2003 3171 2195 3232 presens
