2586 3834
676 381 1100 432 REGISTRUM
1134 380 1233 430 DE
1268 381 1828 433 ABERBROTHOC.
2182 394 2275 437 441

225 523 382 565 terras
405 514 653 564 Johannis
682 513 801 565 Scot
836 531 898 562 ex
931 522 1075 579 parte
1111 514 1303 563 boreali
1340 523 1389 564 et
1424 522 1582 564 terras
1608 515 1850 565 Willelmi
1889 516 2006 567 Scot
2042 537 2102 568 ex
2137 530 2278 584 parte

224 608 425 658 australi
452 635 463 646 ·
494 608 614 657 item
639 624 788 656 vnam
810 606 1005 672 peciam
1030 614 1163 655 terre
1188 607 1432 656 iacentem
1459 607 1511 655 in
1537 608 1710 657 eodem
1735 609 1845 659 vico
1882 628 1941 658 ex
1977 619 2120 675 parte
2154 614 2276 661 occi·

224 700 411 749 dentali
436 700 652 749 eiusdem
676 699 810 749 inter
834 706 994 747 terras
1019 698 1208 747 domini
1232 698 1402 748 Dauid
1431 698 1549 749 Scot
1574 718 1635 749 ex
1653 709 1795 766 parte
1821 702 2024 752 australi
2048 711 2097 753 et
2122 711 2279 753 terras

225 792 513 858 Margarete
538 791 808 857 Feldefayr
833 808 893 840 ex
918 799 1061 855 parte
1086 790 1276 839 boreali
1309 818 1319 827 ·
1352 791 1471 839 item
1497 792 1594 840 duo
1621 799 1905 843 tenementa
1930 812 2040 844 cum
2068 804 2279 860 quatuor

222 885 362 933 rudis
401 884 627 934 iacencia
670 884 722 932 in
764 883 817 949 ly
853 882 1120 932 Lordburn
1168 883 1301 931 inter
1347 890 1505 932 terras
1546 884 1792 934 Johannis
1837 885 1982 936 Seras
2031 905 2091 936 ex
2137 899 2279 953 parte

224 976 522 1026 occidentali
547 984 596 1025 et
621 984 781 1025 terras
808 975 1051 1024 heredum
1083 974 1119 1024 J
1122 974 1331 1024 ohannis
1357 975 1641 1041 Aldynston
1677 995 1737 1026 ex
1771 987 1913 1044 parte
1950 980 2180 1030 orientali
2218 1000 2276 1030 ex

222 1078 363 1135 parte
389 1069 664 1118 communis
690 1068 775 1117 vie'
792 1069 857 1117 ad
879 1069 1081 1117 boream
1109 1075 1157 1116 et
1182 1075 1341 1117 terras
1376 1068 1411 1116 J
1415 1068 1622 1116 ohannis
1650 1068 1794 1119 Seras
1819 1072 1883 1119 ad
1906 1073 2123 1121 austrum
2162 1111 2174 1122 .
2214 1112 2225 1123 .
2266 1113 2276 1122 .

226 1162 353 1212 Cum
379 1162 533 1227 igitur
557 1162 738 1210 dictam
758 1160 1085 1226 capellaniam
1104 1161 1252 1208 modo
1273 1161 1400 1209 (11ἃο
1421 1161 1501 1210 seu
1518 1179 1609 1226 per
1628 1171 1834 1212 mortem
1858 1165 1935 1213 uel
1954 1166 2276 1216 (lecessionem

223 1255 467 1320 capellani
508 1255 724 1304 eiusdem
767 1253 853 1318 qui
894 1270 986 1317 pro
1028 1260 1252 1317 tempore
1292 1253 1444 1302 fuerit
1487 1254 1608 1303 alias
1649 1256 1968 1320 quouismodo
2012 1260 2277 1324 contigerit

223 1365 402 1396 vacare
438 1375 449 1386 ·
490 1347 603 1396 volo
644 1346 804 1396 statuo
844 1346 1020 1394 ordino
1063 1345 1279 1394 arbitror
1318 1353 1367 1394 et
1408 1347 1626 1395 concedo
1663 1349 1794 1412 quod
1831 1351 1894 1398 ad
1929 1366 2006 1398 me
2043 1353 2275 1415 quamdiu

223 1441 394 1489 vixero
418 1440 472 1489 in
495 1439 726 1488 humanis
751 1439 837 1488 fiat
861 1438 1171 1504 presentacio
1208 1438 1326 1487 diai
1360 1438 1527 1487 altaris
1570 1469 1579 1479 -
1618 1447 1667 1488 et
1699 1440 1806 1504 post
1837 1459 1999 1490 meum
2037 1444 2278 1493 decessum

223 1533 475 1582 dominum
519 1532 693 1581 Dauid
737 1530 854 1582 Scot
897 1531 1138 1580 vicarium
1183 1531 1245 1579 de
1292 1529 1482 1579 Tarlan
1528 1532 1942 1598 consanguineum
1985 1553 2144 1584 meum
2187 1555 2277 1601 pro

224 1634 326 1675 toto
365 1636 588 1690 tempore
630 1625 729 1674 vite
769 1625 852 1673 sue
893 1625 1097 1689 suosque
1138 1623 1348 1672 heredes
1390 1622 1630 1672 masculos
1673 1624 1789 1672 dicti
1831 1625 2000 1674 altaris
2043 1636 2278 1691 patronos

223 1719 334 1767 volo
372 1718 501 1766 facio
538 1717 698 1766 statuo
735 1725 785 1766 et
821 1717 1000 1765 ordino
1039 1746 1050 1756 ·
1091 1727 1141 1766 et
1177 1714 1211 1763 fi
1248 1715 1367 1763 dieti
1406 1715 1634 1764 dominus
1671 1716 1841 1765 Dauid
1879 1726 1927 1766 et
1961 1718 2033 1766 sui
2071 1719 2278 1768 heredes

223 1811 422 1861 masculi
459 1811 771 1876 capellanum
805 1810 1059 1876 ydoneum
1095 1809 1229 1858 infra
1264 1807 1443 1873 viginti
1481 1825 1630 1856 vnum
1670 1809 1775 1858 dies
1813 1828 1842 1858 a
1880 1810 1959 1859 die
1998 1813 2278 1860 vacacionis

221 1922 321 1952 non
362 1904 649 1969 presentent
692 1902 803 1952 volo
845 1903 978 1967 quod
1020 1901 1329 1967 presentacio
1370 1901 1491 1950 dicti
1531 1902 1775 1966 capellani
1816 1902 1902 1951 illa
1940 1903 2047 1952 vice
2090 1905 2175 1953 fiat
2219 1907 2276 1952 ad

220 1997 430 2046 balliuos
457 1996 679 2045 consules
706 2004 755 2045 et
781 1995 1187 2044 communitatem
1212 1996 1342 2044 diae
1370 1995 1485 2045 ville
1512 1997 1573 2045 de
1598 1997 1858 2062 Arbroyth
1895 2024 1905 2034 ·
1941 1997 2144 2062 Insuper
2170 1999 2278 2046 volo

221 2090 354 2154 quod
388 2089 546 2137 dictus
580 2087 864 2153 capellanus
902 2088 1211 2153 corporalem
1248 2088 1574 2138 refidenciam
1610 2089 1761 2138 faciat
1785 2090 1837 2138 in
1863 2091 1992 2138 (11ἃο
2026 2092 2182 2155 burgo
2219 2093 2279 2139 de

221 2181 484 2247 Arbroyth
509 2188 558 2230 et
583 2181 765 2230 cotidie
792 2198 904 2229 cum
930 2181 986 2229 fit
1010 2179 1266 2245 dispositus
1293 2181 1510 2230 celebret
1536 2182 1599 2230 ad
1624 2182 1806 2230 (1ὶᾶ11111
1833 2183 1991 2231 altare
2025 2210 2035 2220 ·
2074 2192 2122 2231 et
2147 2185 2277 2247 quod

223 2275 378 2323 (lictus
404 2273 689 2338 capellanus
714 2273 799 2337 qui
822 2291 913 2338 pro
940 2280 1163 2337 tempore
1188 2274 1339 2322 fuerit
1361 2292 1461 2322 non
1483 2275 1665 2323 habeat
1685 2275 1921 2323 focariam
1949 2277 2274 2324 concubinam

222 2368 307 2416 sed
343 2366 543 2416 honeste
575 2368 622 2414 se
654 2366 835 2415 habeat
871 2392 882 2403 ·
922 2364 1150 2414 Tandem
1176 2365 1288 2413 volo
1324 2367 1455 2433 quod
1494 2367 1735 2431 sepefatus
1768 2366 2051 2430 capellanus
2078 2368 2160 2431 qui
2185 2385 2277 2431 pro

225 2468 445 2524 tempore
486 2459 638 2507 fuerit
675 2458 731 2507 fit
772 2458 835 2507 ad
875 2475 1020 2506 omne
1062 2457 1225 2506 minus
1267 2466 1441 2507 cantor
1482 2459 1658 2531 planus
1698 2466 1744 2507 et
1787 2460 1918 2522 quod
1959 2459 2011 2506 in
2054 2460 2277 2507 omnibus

224 2552 397 2601 diebus
429 2551 693 2600 dominicis
727 2549 919 2599 festiuis
956 2558 1005 2599 et
1039 2549 1221 2614 vigiliis
1255 2551 1415 2599 aderit
1438 2551 1641 2599 indutus
1667 2551 2023 2615 superpelliciis
2047 2551 2099 2599 in
2126 2552 2276 2600 choro

225 2662 336 2694 cum
376 2644 485 2693 aliis
528 2644 800 2709 capellanis
839 2644 891 2692 in
931 2642 1115 2691 diuinis
1154 2642 1439 2691 ministeriis
1479 2643 1661 2691 ibidem
1703 2643 2019 2707 precinendis
2057 2671 2067 2680 ·
2105 2643 2275 2691 Eciam

225 2737 337 2786 volo
362 2737 496 2801 quod
520 2737 678 2785 diceus
704 2735 990 2801 capellanus
1015 2752 1116 2783 non
1142 2734 1326 2783 alienet
1353 2734 1506 2782 di&tas
1531 2742 1688 2783 terras
1719 2735 1800 2782 leu
1837 2734 2051 2798 aliquam
2086 2743 2274 2799 partem

226 2829 422 2879 illarum
445 2846 537 2894 pro
562 2845 861 2893 quocunque
887 2844 1053 2876 annuo
1078 2827 1280 2876 redditu
1316 2826 1399 2873 sed.
1434 2826 1568 2889 quod
1598 2833 1766 2874 teneat
1798 2833 1848 2874 et
1883 2834 2091 2889 occupet
2127 2826 2275 2874 dictas

226 2907 385 2970 terras
409 2920 492 2970 uel
516 2919 873 2969 ass'edacionem
908 2919 1059 2966 faciat
1095 2917 1316 2965 fimiliter
1349 2944 1359 2955 ·
1394 2916 1568 2966 Eciam
1605 2917 1717 2965 volo
1754 2917 1929 2965 ordino
1966 2927 2015 2965 et
2050 2916 2207 2965 statuo
2244 2917 2275 2963 fi

226 3013 402 3078 aliquis
444 3012 838 3076 consanguineus
877 3026 1014 3058 meus
1057 3008 1342 3072 capellanus
1381 3008 1622 3056 sufficiens
1660 3016 1708 3056 et
1744 3008 1967 3074 ydoneus
2004 3008 2153 3055 fuerit
2186 3024 2274 3071 pro

227 3114 449 3170 tempore
497 3112 547 3152 et
592 3103 843 3168 signanter
890 3102 952 3149 de
1001 3099 1297 3164 cognomine
1344 3116 1455 3147 meo
1502 3117 1592 3164 per
1639 3108 1874 3163 patronos
1917 3115 2008 3162 pro
2055 3106 2274 3162 tempore

228 3195 488 3244 existentes
521 3196 831 3259 presentetur
857 3200 906 3240 et
931 3190 1222 3240 admittatur
1264 3216 1274 3225 ·
1312 3189 1444 3238 Volo
1481 3190 1636 3238 eciam
1670 3189 1802 3253 quod
1833 3188 2081 3252 predictus
2117 3190 2274 3252 capel-

1171 3286 1201 3328 3
1242 3297 1276 3328 K
