2762 3834
574 377 638 425 46
1022 372 1452 444 REGISTRUM
1484 370 1583 421 DE
1619 368 2182 420 ABERBROTHOC.

575 510 821 576 Kyngorn
847 526 967 574 quas
1002 508 1296 573 leuauerunt
1331 545 1344 553 .
1384 543 1403 553 .,
1438 543 1446 552 .
1485 504 1583 551 fine
1618 503 1975 568 impedimento
2001 504 2258 568 quousque
2295 505 2447 555 totale
2480 506 2635 554 domi-

575 603 711 651 nium
732 602 1005 667 prediStum
1031 598 1349 664 imposterum
1373 612 1463 660 per
1488 594 1723 659 quosdam
1758 633 1768 643 .
1804 634 1813 645 .
1849 634 1859 644 .
1892 595 2259 660 predecessores
2284 599 2418 664 regis
2443 599 2636 663 quibus-

575 698 687 745 dam
712 694 925 743 dominis
959 694 1013 741 in
1037 691 1204 740 liberis
1240 689 1461 738 baroniis
1503 727 1514 737 .
1557 727 1567 737 .
1611 727 1621 738 .
1666 686 1944 738 concessum
1983 688 2148 740 fuerat
2185 693 2278 755 p'ro
2317 692 2495 755 quibus
2522 710 2636 740 con-

575 787 863 835 ceffionibus
888 785 1017 834 diem
1043 791 1256 848 quatuor
1279 797 1447 828 marce
1484 797 1514 828 a
1548 780 1699 846 longo
1730 788 1954 845 tempore
1991 782 2054 830 ab
2092 782 2163 830 eis
2199 783 2399 832 detente
2435 784 2637 832 fuerunt

573 885 719 943 prout
755 876 917 925 adhuc
953 875 1241 924 detinentur
1277 902 1289 912 ·
1326 872 1613 921 ordinatum
1638 873 1710 922 est
1745 912 1755 922 .
1793 912 1804 922 .
1842 913 1852 922 .
1890 874 2047 923 distas
2071 882 2286 946 quatuor
2308 893 2502 925 marcas
2531 877 2637 925 fore

572 969 919 1035 persoluendas
955 1007 965 1016 .
1003 1006 1012 1016 .
1051 1006 1061 1016 .
1099 966 1264 1015 abbati
1286 972 1334 1014 et
1353 966 1627 1015 conuentui
1650 968 1712 1016 de
1734 969 1930 1033 terris.
1970 1008 1979 1016 .
2017 1007 2027 1017 .
2065 969 2274 1018 dominii
2300 971 2361 1019 de
2387 971 2637 1037 Kyngorn

570 1062 851 1111 indistincte
893 1060 1163 1110 secundum
1207 1059 1467 1123 antiquum
1513 1060 1716 1108 modum
1763 1051 2084 1126 persoluendi
2127 1069 2185 1110 et·
2216 1071 2444 1112 tenorem
2484 1064 2639 1112 infeo-

570 1154 790 1204 dacionis
823 1153 1065 1201 di&arum
1100 1151 1210 1200 iiii0¹
1250 1168 1533 1200 marcarum
1572 1153 1740 1202 abbati
1783 1162 1833 1203 et
1872 1155 2145 1203 conuentui
2193 1194 2203 1203 .
2254 1195 2263 1203 .
2313 1194 2322 1204 .
2370 1157 2496 1204 fa&e
2538 1173 2639 1205 non

570 1248 873 1297 obstantibus
899 1245 1271 1311 quibuscunque
1295 1244 1728 1295 infeodacionibus
1757 1244 1842 1293 seu
1871 1244 2264 1295 coneeffionibus
2301 1285 2311 1295 .
2349 1286 2359 1296 .
2397 1286 2407 1295 .
2446 1247 2639 1312 quibus-

570 1358 762 1406 cunque
797 1339 1019 1405 personis
1061 1379 1070 1387 .
1120 1379 1129 1388 .
1180 1379 1189 1388 .
1232 1338 1372 1387 ἰαθεὶς
1406 1338 1517 1403 post
1551 1338 1950 1388 infeodacionem
1985 1339 2230 1389 di&arum
2263 1349 2477 1405 quatuor
2513 1359 2640 1390 mar-

569 1452 737 1484 carum
774 1473 783 1481 .
821 1472 831 1482 .
870 1473 879 1482 .
918 1432 1085 1481 abbati
1122 1439 1171 1481 et
1208 1431 1481 1480 conuentui
1515 1431 1695 1481 saetam
1731 1460 1741 1470 ·
1776 1433 1960 1482 di&um
1988 1434 2217 1483 abbatem
2252 1444 2301 1485 et
2338 1444 2640 1485 conuentum

568 1526 897 1576 restituendos
921 1525 1028 1574 fore
1054 1526 1115 1574 de
1140 1524 1376 1590 prediffls
1402 1532 1616 1589 quatuor
1639 1527 1822 1575 marcis
1860 1566 1868 1575 .
1912 1566 1923 1575 .
1968 1566 1977 1575 .
2015 1527 2080 1576 fic
2115 1527 2296 1577 iniuste
2333 1536 2382 1577 et
2419 1530 2480 1577 de
2510 1529 2639 1577 faEto

569 1619 774 1669 retentis
809 1647 821 1657 ·
860 1626 908 1667 et
932 1626 1091 1667 terras
1127 1616 1246 1666 disti
1271 1617 1480 1665 dominii
1516 1626 1666 1682 prout
1701 1619 2024 1668 infeodantur
2049 1620 2398 1670 indifferenter
2423 1629 2523 1669 tam
2549 1639 2640 1687 pro

571 1713 835 1779 arreragiis
855 1713 1099 1762 dictarum
1119 1719 1334 1777 quatuor
1357 1710 1684 1777 [marcarum]
1713 1729 1814 1760 non
1837 1712 2009 1762 solutis
2029 1730 2179 1778 quam
2199 1714 2261 1762 de
2281 1714 2641 1779 principalibus

571 1814 783 1871 quatuor
806 1804 987 1854 marcis
1012 1804 1245 1870 deinceps
1270 1804 1530 1853 annuatim
1553 1806 1897 1870 persoluendis
1920 1824 2012 1872 per
2037 1807 2383 1857 vicecomitem
2409 1809 2471 1857 de
2497 1808 2640 1874 Fyffe

573 1938 582 1947 .
627 1941 635 1948 .
681 1938 690 1948 .
731 1898 1093 1965 distringendas
1131 1927 1143 1938 ·
1183 1906 1231 1948 et
1256 1899 1392 1963 quod
1417 1899 1647 1948 dominus
1672 1917 1761 1949 rex
1784 1900 1932 1966 super
1966 1900 2062 1950 hoc
2097 1901 2422 1966 precipiendo
2459 1902 2640 1950 scribat

573 1992 894 2042 commissario
920 2001 969 2042 et
994 1973 1274 2042 ricecomiti
1300 1993 1362 2041 de
1387 1992 1511 2058 Fyff
1533 2019 1544 2030 ·
1575 1992 1749 2052 Quare
1773 1994 1916 2043 uobis
1949 2033 1957 2042 .
1997 2033 2005 2042 .
2044 2033 2054 2043 .
2087 1995 2382 2043 mandamus
2408 1995 2641 2058 quatinus

620 2128 628 2136 .
668 2127 676 2136 .
709 2088 1071 2136 ordinationem
1091 2087 1208 2136 dieti
1232 2087 1529 2150 parlementi
1563 2127 1571 2135 .
1608 2125 1617 2134 .
1652 2126 1661 2135 .
1696 2104 1809 2135 cum
1838 2125 1848 2135 .
1884 2125 1894 2136 .
1929 2125 1940 2136 .
1967 2086 2229 2152 diligentia
2253 2096 2303 2136 et
2328 2086 2505 2136 effe&
2530 2104 2641 2135 exe-

574 2180 790 2244 quamini
828 2181 899 2229 ita
936 2181 1069 2244 quod
1106 2197 1197 2245 pro
1235 2179 1399 2229 vestro
1436 2180 1631 2229 defectu
1671 2179 1883 2244 amplius
1922 2179 2040 2228 inde
2076 2179 2254 2228 iustam
2279 2180 2639 2244 querimoniam

571 2292 671 2322 non
708 2274 964 2323 audiamus
1001 2303 1011 2314 ·
1049 2274 1239 2324 Datum
1277 2275 1364 2323 sub
1404 2272 1687 2324 testimonio
1727 2271 1883 2320 nostri
1921 2272 2090 2338 magni
2128 2270 2277 2338 figilli
2315 2273 2449 2338 apud
2487 2272 2640 2322 Perth

572 2367 657 2415 xii⁰
682 2367 761 2415 die
785 2365 959 2416 menfis
996 2366 1178 2417 Marcii
1214 2385 1346 2416 anno
1382 2367 1554 2433 gracie
1589 2366 1848 2417 millesimo
1885 2366 2376 2433 quadringentesimo
2411 2376 2460 2417 et
2496 2369 2640 2434 regni

575 2460 728 2510 nostri
752 2459 834 2508 xi0.

583 2720 1001 2809 Kynalchmund
1025 2744 1333 2794 confirmatio
1359 2753 1512 2795 carte.

465 2932 529 2977 48
582 2900 848 2976 Omnibus
894 2962 903 2971 .
954 2962 963 2972 .
1013 2963 1022 2972 .
1066 2923 1298 2973 Ysabella
1333 2926 1395 2974 de
1433 2925 1670 2991 Dowglas
1717 2923 1958 2974 comitflsa
1996 2925 2067 2974 de.
2101 2924 2218 2974 Mar
2253 2932 2302 2974 et
2340 2925 2543 2975 domina
2580 2926 2641 2974 de

586 3014 858 3081 Garuyach
893 3015 1098 3064 salutem
1140 3055 1150 3065 .
1198 3055 1208 3065 .
1256 3054 1268 3066 .
1306 3016 1487 3067 Vestra
1509 3018 1708 3068 nouerit
1731 3016 2026 3067 vniuerfitas
2058 3034 2149 3066 nos
2171 3018 2462 3067 intellexisse
2487 3035 2640 3082 quan·

583 3109 698 3157 dam
722 3115 911 3156 cartam
934 3106 1106 3156 Dauid
1130 3108 1381 3171 quondam
1405 3109 1606 3159 comitis·
1622 3111 1685 3160 de
1712 3110 2011 3176 Garwyach
2031 3110 2202 3160 fratris
2241 3135 2254 3159 ·.
2298 3150 2307 3160 .
2352 3150 2361 3160 .
2400 3110 2640 3160 Willelmi

582 3201 715 3266 regis
743 3198 1026 3250 Scottorum
1049 3199 1226 3250 saetam
1262 3239 1274 3250 .
1316 3240 1326 3250 .
1370 3239 1380 3250 .
1418 3201 1621 3252 ecclesie
1657 3242 1668 3252 .
1711 3242 1722 3251 .
1764 3241 1775 3252 .
1813 3202 2129 3252 de‘Arbroth
2167 3243 2176 3252 .
2219 3242 2228 3253 .
2273 3243 2282 3253 .
2319 3203 2464 3269 super
2490 3204 2640 3253 dona·
