2762 3834
432 1697 527 1743 225»)

575 379 672 423 200
1023 362 1443 419 REGISTRUM
1478 360 1574 411 DE
1611 355 2169 407 ABERBROTHOC.

576 508 795 555 laxamus
830 533 839 543 ·
874 502 984 551 Nec
1007 500 1174 549 licebit
1195 498 1335 546 dictis
1368 533 1378 543 .
1418 530 1430 541 .
1469 530 1480 541 .
1515 492 1665 540 dictas
1690 498 1847 538 terras
1883 526 1893 536 .
1933 525 1944 536 .
1987 526 1998 537 .
2023 490 2106 538 seu
2143 527 2151 536 .
2188 525 2199 537 .
2235 526 2246 537 .
2277 488 2617 536 molendinum

578 615 687 647 cum
714 595 916 645 decimis
952 633 961 642 .
1000 632 1009 641 .
1049 631 1058 641 .
1095 590 1242 640 alicui
1285 626 1294 636 .
1340 627 1349 635 .
1393 622 1403 633 .
1441 585 1655 634 afl'edare
1682 584 1882 633 cotariis
1907 591 1956 632 et
1980 583 2354 631 molendInariis
2380 584 2618 631 duntaxat

578 687 794 752 exceptis
819 686 916 733 fine
948 681 1113 731 nostra
1145 678 1356 727 licencia
1397 715 1406 725 .
1447 716 1455 724 .
1495 715 1505 724 .
1550 676 1885 726 Concedimus
1911 684 2075 724 tamen
2101 675 2279 723 eisdem
2323 714 2331 722 .
2371 715 2379 723 .
2419 715 2427 723 .
2464 675 2619 738 potes-

580 788 728 827 tatem
749 773 1034 839 imponendi
1059 779 1107 820 et
1133 767 1413 834 expellendi
1444 768 1833 816 molendinarios
1858 775 1907 816 et
1933 766 2146 816 cotarios
2168 768 2232 815 ad
2273 806 2282 815 .
2330 809 2336 817 .
2380 806 2388 815 .
2423 767 2618 815 libitum

578 912 587 920 ,
630 907 640 916 .
684 907 692 915 .
736 867 801 915 Et
842 873 1070 929 preterea
1107 861 1140 908 fi
1195 900 1203 909 .
1250 899 1259 908 .
1306 900 1314 908 .
1371 859 1499 907 male
1540 859 1876 923 persoluentes
1920 867 2006 908 aut
2046 859 2187 908 nobis
2231 898 2239 906 .
2286 899 2294 907 .
2343 898 2351 906 .
2401 858 2619 907 iniuriosi

578 958 830 1008 extiterint
854 956 1022 1005 licebit
1058 953 1198 1002 nobis
1224 953 1285 1000 de
1320 991 1328 999 .
1366 989 1376 1000 .
1415 989 1426 999 .
1460 951 1579 999 villa
1615 989 1625 999 .
1666 989 1676 999 .
1720 990 1729 999 .
1772 950 2059 999 molendino
2095 958 2146 999 et
2180 950 2384 999 decimis
2409 950 2471 998 ad
2510 989 2519 997 .
2560 989 2569 998 .
2610 989 2619 998 .

578 1052 769 1100 libitum
795 1089 805 1099 .
844 1089 853 1098 .
891 1089 900 1098 .
929 1048 1185 1113 disponere
1218 1086 1228 1095 .
1262 1084 1271 1093 .
1311 1084 1319 1093 .
1354 1044 1604 1092 Faciendo
1641 1043 1799 1091 eciam
1832 1058 2143 1090 communem
2168 1041 2344 1089 se&am
2373 1041 2436 1089 ad
2460 1040 2619 1089 curias

578 1154 626 1190 et
666 1142 849 1206 placita
888 1139 1117 1188 consueta
1153 1177 1162 1186 .
1201 1176 1210 1186 .
1250 1175 1259 1184 .
1297 1136 1488 1185 abbatis
1526 1174 1535 1183 .
1580 1174 1588 1183 .
1630 1173 1639 1183 .
1676 1134 1829 1199 Apud
1864 1173 1873 1182 .
1917 1172 1927 1182 .
1972 1173 1980 1182 .
2019 1133 2291 1198 capitulum
2327 1132 2498 1181 vltimo
2541 1132 2620 1180 die

578 1234 750 1283 meniis
778 1231 1005 1282 Octobris
1030 1247 1160 1278 anno
1187 1228 1393 1276 Domini
1418 1245 1465 1275 m
1492 1244 1608 1276 cccc
1632 1226 1751 1275 lxxx
1776 1226 1941 1275 tercio.

579 1488 863 1558 Affedacio
885 1514 1129 1555 terrarum
1154 1505 1214 1552 de
1240 1503 1497 1568 Estirperfi
1525 1509 1574 1551 et
1599 1501 1869 1567 Moirperfi.

581 1666 856 1738 UnIuerfis
880 1693 1046 1750 pateat
1082 1725 1091 1733 .
1129 1724 1138 1733 .
1175 1724 1184 1733 .
1222 1701 1310 1732 nos
1331 1683 1637 1732 Willelmum
1671 1722 1680 1731 .
1715 1721 1725 1731 .
1757 1722 1766 1731 .
1801 1684 2027 1732 abbatem
2065 1722 2074 1731 .
2110 1722 2120 1731 .
2154 1722 2163 1731 .
2200 1684 2261 1731 de
2283 1681 2621 1731 Abirbrothoc

623 1819 632 1828 .
666 1818 675 1827 .
712 1778 934 1827 affedaffe
971 1816 980 1825 .
1014 1817 1023 1825 .
1057 1816 1066 1825 .
1103 1776 1273 1825 Dauid
1296 1776 1517 1824 Annand
1539 1784 1588 1824 et
1615 1773 1831 1825 Mariote
1864 1775 2034 1840 sponse
2069 1775 2150 1823 sue
2177 1776 2412 1841 moderne
2445 1813 2454 1822 .
2488 1813 2497 1823 .
2531 1813 2541 1822 .
2574 1781 2623 1822 et

580 1870 691 1934 ipsis
716 1871 776 1918 de
801 1870 963 1918 medio
989 1868 1187 1917 sublatis
1225 1868 1417 1916 Thome
1454 1868 1676 1916 Annand
1710 1868 1813 1916 filio
1839 1868 1922 1916 suo
1965 1907 1974 1916 .
2021 1907 2030 1915 .
2079 1907 2087 1916 .
2140 1875 2297 1916 terras
2336 1866 2525 1915 nostras
2561 1867 2623 1914 de

582 1962 837 2026 Estirperfi
875 1969 923 2010 et
959 1961 1236 2027 Moirpersy
1263 1978 1374 2010 cum
1411 1961 1615 2010 decimis
1650 1960 1934 2024 garbalibus
1967 1998 1976 2008 .
2016 1999 2026 2009 .
2064 1998 2073 2007 .
2109 1959 2284 2024 quibus
2309 1976 2441 2007 nunc
2467 1959 2621 2006 dictus

584 2054 752 2102 Dauid
774 2054 957 2119 gaudet
982 2083 992 2092 ·
1030 2061 1079 2102 et
1102 2053 1206 2117 ipso
1230 2052 1425 2101 Thoma
1464 2092 1473 2101 .
1501 2092 1510 2102 .
1537 2092 1547 2101 .
1587 2053 1649 2101 ab
1679 2053 1774 2101 hac
1809 2053 1921 2102 luce
1957 2053 2200 2101 subtracto
2226 2060 2340 2100 antc
2365 2051 2622 2099 introitum

582 2146 714 2192 suum
758 2182 767 2192 .
811 2182 821 2193 .
863 2182 874 2193 .
918 2144 1088 2193 Dauid
1126 2145 1349 2193 Annand
1389 2145 1531 2193 fratri
1570 2161 1808 2210 germano
1852 2182 1863 2193 .
1910 2182 1920 2192 .
1969 2181 1979 2191 .
2028 2144 2221 2192 Thomc
2260 2181 2310 2192 ..
2338 2179 2349 2190 .
2387 2160 2476 2207 pro
2516 2150 2621 2191 toto

582 2246 801 2300 tempore
828 2236 925 2284 vite
951 2235 1031 2284 sue
1067 2263 1077 2272 ·
1113 2236 1363 2284 reseruata
1396 2237 1537 2285 nobis
1581 2236 1699 2284 {ilua
1734 2236 1865 2285 infra
1902 2237 2085 2285 limites
2110 2236 2351 2284 dictarum
2377 2243 2621 2283 terrarum

582 2327 869 2376 consistente
903 2355 914 2365 ·
950 2327 1150 2392 pastura
1174 2336 1337 2376 tamen
1372 2329 1587 2376 eiusdem
1612 2345 1724 2377 cum
1750 2328 1892 2377 diffis
1916 2328 2087 2378 Dauid
2113 2327 2332 2378 Mariota
2354 2327 2550 2375 Thoma
2573 2335 2621 2375 et

583 2423 695 2468 casu
720 2420 1038 2484 contingente
1063 2437 1160 2483 quo
1185 2419 1331 2484 supra
1363 2437 1473 2468 cum
1497 2420 1669 2469 Dauid
1690 2421 1793 2468 filio
1832 2457 1844 2469 .
1884 2457 1896 2469 .
1935 2457 1946 2468 .
1982 2429 2271 2469 remanente
2295 2446 2306 2456 ·
2342 2420 2480 2468 cuius
2505 2419 2620 2467 filue

585 2512 852 2560 custodiam
878 2511 1076 2560 eiisdem
1125 2549 1135 2559 .
1187 2549 1198 2559 .
1241 2549 1251 2559 .
1289 2529 1379 2575 pro
1406 2521 1510 2560 toto
1536 2513 1634 2561 vite
1659 2513 1741 2560 sue
1777 2519 2000 2576 tempore
2037 2511 2387 2560 committimus
2408 2527 2499 2575 pro
2524 2509 2618 2558 suis

585 2602 967 2665 gratitudinibus
1007 2639 1017 2649 .
1060 2639 1071 2650 .
1113 2639 1124 2651 .
1165 2611 1214 2651 et
1248 2602 1494 2668 fignanter
1517 2621 1608 2668 pro
1634 2611 1770 2652 certa
1793 2604 1980 2652 summa
2003 2603 2211 2668 pecunie
2235 2603 2378 2651 nobis
2402 2610 2619 2665 tempore

587 2693 902 2741 confectionis
926 2693 1231 2757 presencium
1255 2711 1344 2758 per
1365 2694 1546 2743 dictum
1570 2695 1739 2744 Dauid
1759 2703 2015 2761 gratanter
2044 2695 2201 2744 soluta
2224 2703 2273 2744 et
2296 2696 2349 2743 in
2375 2695 2482 2742 vsus
2509 2732 2520 2742 .
2607 2731 2618 2741 .

586 2782 867 2831 monasterii
892 2786 1126 2832 conuersa
1161 2811 1171 2820 ·
1210 2783 1458 2833 Soluendo
1503 2823 1513 2834 .
1561 2824 1571 2834 .
1616 2824 1627 2835 .
1669 2804 1759 2851 pro
1791 2789 1933 2836 firma
1967 2788 2207 2836 dictarum
2243 2796 2486 2836 terrarum
2511 2790 2619 2834 octo

587 2875 736 2923 libras
773 2874 1027 2923 tresdecim
1063 2874 1241 2923 solidos
1274 2883 1323 2923 et
1344 2884 1555 2939 quatuor
1582 2879 1810 2929 denarios
1835 2881 2013 2930 vsualis
2045 2889 2239 2929 monete
2271 2881 2413 2945 regni
2447 2880 2619 2930 Scocie

587 2967 650 3014 ad
671 2967 792 3014 duos
817 2966 934 3013 anni
958 2965 1193 3014 terminos
1237 3003 1249 3014 .
1295 3003 1306 3015 .
1348 3002 1360 3014 .
1407 2985 1504 3016 vna
1528 2985 1637 3017 cum
1661 2982 1888 3036 rynmart
1913 2983 1962 3023 et
1987 2974 2173 3023 weddir
2197 2982 2248 3023 et
2271 2973 2379 3022 aliis
2414 2972 2619 3021 husban-

588 3059 761 3106 dorum
801 3057 1031 3106 oneribus
1079 3093 1090 3105 .
1143 3094 1154 3105 .
1204 3095 1215 3105 .
1264 3066 1313 3106 et
1348 3075 1438 3122 pro
1482 3057 1687 3109 decimis
1727 3065 2008 3127 garbalibus
2052 3102 2064 3113 .
2106 3102 2116 3113 .
2163 3102 2174 3113 .
2217 3073 2430 3129 quatuor
2469 3064 2618 3112 libras

587 3157 783 3198 monete
808 3149 1026 3213 predicte
1052 3149 1114 3197 ad
1138 3148 1259 3197 festa
1282 3148 1654 3200 Purificacionis
1680 3153 1833 3204 Beate
1858 3155 2020 3205 Marie
2045 3165 2094 3205 et
2119 3157 2303 3206 Pasche
2342 3194 2352 3204 .
2399 3193 2409 3204 .
2455 3192 2466 3204 .
2508 3154 2617 3204 Nec
