2762 3834
527 429 558 476 6
975 419 1405 474 REGISTRUM
1439 417 1537 468 DE
1574 413 2140 467 ABERBROTHOC.

528 563 589 610 de
615 559 955 610 Abirbrothoc
981 563 1030 605 et
1054 555 1270 605 eiusdem
1294 553 1393 602 loci
1417 558 1694 600 conuentus
1729 588 1740 599 .
1778 587 1789 599 .
1828 587 1839 599 .
1872 550 2091 600 Nouerit
2118 549 2409 599 vniuerfitas
2434 549 2594 599 vestra

527 670 617 702 nos
643 651 822 701 dedisse
861 689 871 699 .
913 687 923 698 .
966 687 976 698 .
1018 649 1239 698 Roberto
1267 644 1470 710 Holdey
1495 644 1557 692 de
1582 642 1890 692 Innerculan
1913 643 2094 691 toftum
2125 642 2349 692 nostrum
2388 681 2398 692 .
2440 681 2450 691 .
2492 681 2502 691 .
2540 643 2593 691 in

529 747 647 795 villa
665 746 727 793 de
746 742 1050 794 Innerculan
1076 770 1086 780 ·
1115 738 1414 788 Tenendum
1453 774 1464 786 .
1499 774 1510 785 .
1545 775 1556 786 .
1593 736 1754 785 eidem
1774 735 1995 785 Roberto
2018 745 2069 786 et
2088 736 2359 786 heredibus
2398 773 2410 785 .
2446 773 2457 785 .
2493 774 2504 784 .
2540 736 2593 784 in

529 838 737 886 liberum
771 834 1068 899 burgagium
1178 870 1189 879 .
1220 830 1503 879 Reddendo
1532 866 1543 878 .
1571 866 1582 878 .
1612 867 1623 878 .
1651 829 1910 878 annuatim
1935 829 2001 878 ad
2024 828 2391 879 Penthecosten
2417 828 2595 895 viginti

528 929 756 978 denarios
799 966 809 975 .
853 965 863 975 .
907 965 917 974 .
958 925 1309 990 sterlingorum
1346 932 1396 972 et
1431 923 1740 972 inueniendo
1772 923 1916 972 nobis
1941 930 1991 972 et
2016 922 2197 971 nostris
2235 923 2597 986 quocienscun-

528 1040 622 1086 que
646 1021 767 1069 illuc
792 1018 1075 1068 venerimus
1099 1016 1361 1066 honest-um
1378 1016 1654 1081 hospicium
1673 1015 2032 1065 le&isternium
2052 1015 2217 1064 albam
2243 1015 2504 1065 candelam
2529 1016 2599 1063 sal

529 1124 576 1164 et
594 1114 752 1163 focale
779 1142 789 1151 ·
816 1112 876 1161 In
898 1111 1038 1160 cuius
1059 1109 1134 1158 rei
1159 1108 1499 1159 testimonium
1522 1108 1741 1174 presenti
1766 1108 1950 1174 scripto
1972 1108 2186 1175 figillum
2212 1108 2420 1174 capituli
2442 1108 2599 1158 nostri

529 1246 539 1256 .
581 1246 590 1255 .
632 1245 641 1254 .
680 1204 992 1269 apposuimus
1017 1201 1140 1251 teste
1166 1203 1344 1251 eodem
1369 1201 1589 1267 capitulo
1630 1234 1640 1244 -
1681 1201 1791 1250 Nos
1815 1201 1970 1267 igitur
1995 1209 2184 1250 cartam
2217 1201 2597 1267 suprascriptam

531 1339 539 1347 .
582 1338 591 1347 .
634 1336 644 1346 .
684 1297 856 1346 Dauid
881 1296 1011 1344 dieto
1037 1294 1183 1343 Dufis
1212 1294 1317 1343 filio
1355 1302 1405 1344 et
1439 1294 1615 1344 heredi
1638 1293 1889 1343 Johannis
1914 1293 2032 1342 (11ἃὶ
2069 1293 2214 1343 Dufis
2247 1303 2297 1344 et
2331 1294 2600 1344 heredibus

584 1430 592 1439 .
635 1430 645 1439 .
687 1390 1036 1440 confirmamus
1075 1414 1085 1424 ·
1123 1387 1185 1436 In
1212 1387 1352 1437 cuius
1376 1388 1450 1437 rei
1485 1386 1819 1437 testimonium
1862 1424 1874 1435 .
1917 1424 1927 1434 .
1971 1425 1981 1435 .
2024 1387 2463 1437 confirmacionem
2492 1389 2599 1436 nos-

527 1494 653 1534 tram
686 1483 960 1533 communis
985 1480 1132 1548 figilli
1156 1481 1314 1529 nostri
1341 1519 1352 1530 .
1382 1518 1393 1530 .
1422 1519 1434 1530 .
1460 1480 1735 1530 munimine
1761 1480 1968 1530 fecimus
1992 1480 2217 1531 roborari
2242 1507 2253 1519 ·
2278 1481 2469 1531 Datum
2509 1521 2519 1530 .
2550 1520 2561 1530 .
2588 1521 2598 1530 .

527 1578 741 1627 secundo
767 1576 847 1625 die
872 1573 1049 1624 mensis
1076 1573 1272 1639 Aprilis
1302 1591 1435 1624 anno
1460 1574 1631 1640 gracie
1656 1573 1914 1624 millefimo
1939 1573 2285 1623 trecentesimo
2310 1575 2560 1624 tricesimo
2588 1604 2598 1614 ·

528 1672 594 1721 Et
629 1670 700 1719 est
737 1670 991 1719 sciendum
1027 1667 1162 1733 quod
1202 1666 1521 1735 hostilagium
1564 1667 1787 1716 nostrum
1825 1667 1887 1716 de
1930 1666 2238 1716 Innerculan
2285 1667 2418 1716 iacet
2464 1668 2599 1717 inter

529 1776 713 1815 terram
738 1763 929 1814 abbatis
953 1763 1015 1812 de
1040 1761 1240 1828 Kynlos
1271 1778 1333 1811 ex
1367 1768 1511 1827 parte
1545 1759 1727 1810 boriali
1766 1777 1827 1808 ex
1864 1767 2009 1825 parte
2033 1777 2133 1810 vna
2161 1766 2210 1809 et
2240 1768 2427 1810 terram
2465 1762 2598 1827 regis

528 1876 675 1923 quam
699 1858 860 1907 tenuit
883 1855 1018 1905 Neui
1042 1853 1274 1906 Forester
1297 1855 1351 1905 in
1378 1853 1687 1905 confefizione
1710 1853 2024 1920 presencium
2051 1870 2110 1902 ex
2135 1861 2279 1919 parte
2304 1853 2509 1904 australi
2536 1871 2598 1903 ex

527 1960 667 2017 parte
693 1952 864 2001 altera.

529 2213 701 2286 Carta
724 2233 995 2283 tenementi
1020 2233 1081 2281 de
1107 2231 1501 2281 Huchtirardor.

531 2399 795 2472 Omnibus
822 2419 1009 2471 Christi
1033 2420 1263 2470 fidelibus
1298 2457 1309 2468 .
1346 2457 1357 2468 .
1394 2457 1406 2467 .
1443 2417 1704 2469 Gralfridus
1743 2455 1755 2466 .
1792 2456 1803 2467 .
1841 2456 1852 2467 .
1890 2418 2041 2468 abbas
2065 2419 2355 2468 monasterii
2393 2457 2404 2468 .
2442 2457 2453 2468 .
2488 2457 2499 2468 .
2535 2421 2597 2468 de

532 2513 870 2561 Abirbrothoc
906 2551 917 2561 .
947 2551 958 2562 .
991 2551 1002 2562 .
1038 2513 1256 2562 Nouerit
1280 2511 1574 2561 vniuerfitas
1598 2510 1761 2560 vestra
1784 2529 1875 2560 nos
1909 2548 1921 2560 .
1950 2550 1962 2561 .
1991 2550 2002 2561 .
2037 2513 2218 2562 dedisse
2255 2551 2266 2561 .
2297 2549 2308 2560 .
2337 2550 2348 2562 .
2374 2511 2410 2562 J
2413 2512 2598 2562 ohanni

531 2604 634 2652 filio
659 2605 864 2654 Andree
889 2606 951 2654 de
977 2605 1350 2654 Huchtirardor
1378 2641 1389 2653 .
1424 2642 1436 2653 .
1471 2642 1482 2653 .
1520 2612 1707 2654 terram
1726 2604 1946 2653 nostram
1985 2642 1996 2653 .
2034 2642 2045 2653 .
2081 2643 2092 2653 .
2130 2605 2183 2653 in
2205 2605 2325 2654 villa
2343 2606 2404 2654 de
2425 2605 2597 2654 Huch-

534 2697 751 2745 tirardor
774 2697 1018 2746 iacentem
1042 2698 1176 2747 inter
1200 2706 1387 2746 terram
1413 2697 1534 2747 dicti
1558 2696 1594 2746 J
1597 2696 1808 2746 ohannis
1834 2714 1894 2745 ex
1923 2704 2065 2762 parte
2091 2697 2323 2746 orientali
2359 2715 2419 2747 ex
2454 2706 2597 2762 parte

537 2807 634 2837 vna
670 2796 718 2837 et
752 2797 934 2838 terram
972 2790 1189 2839 eiusdem
1212 2790 1248 2839 J
1251 2790 1461 2839 ohannis
1487 2807 1547 2839 ex
1571 2789 2040 2861 parteoccidentali
2065 2806 2125 2839 ex
2151 2789 2310 2840 altera
2342 2826 2356 2845 ,
2399 2827 2411 2838 .
2454 2827 2466 2839 .
2500 2790 2597 2840 Te-

537 2881 752 2929 nendam
791 2918 802 2929 .
843 2918 854 2928 .
893 2918 905 2929 .
942 2882 1102 2930 eidem
1120 2882 1344 2931 Johanni
1363 2890 1413 2932 et
1430 2882 1699 2932 heredibus
1714 2881 1810 2931 suis
1845 2918 1858 2931 .
1898 2919 1910 2931 .
1947 2919 1958 2931 .
1995 2882 2049 2930 in
2066 2882 2279 2931 liberum
2298 2883 2598 2948 burgagium

541 3012 551 3022 .
581 3011 591 3022 .
621 3011 632 3021 .
662 2973 798 3022 salua.
820 2973 962 3022 nobis
986 2974 1245 3038 regalitate
1266 2976 1320 3024 in
1343 2976 1517 3025 eadem
1542 2982 1679 3024 terra
1710 3003 1720 3014 ·
1752 2974 2029 3024 Reddendo
2064 3011 2075 3023 .
2113 3011 2123 3022 .
2157 3011 2168 3023 .
2203 2975 2463 3024 annuatim
2494 3012 2505 3023 .
2541 3013 2551 3023 .
2586 3013 2596 3023 .

539 3068 710 3116 decem
750 3073 800 3115 et
848 3068 955 3115 οὸὶο
1003 3066 1235 3116 denarios
1278 3103 1290 3116 .
1335 3105 1346 3116 .
1391 3105 1403 3117 .
1446 3068 1799 3132 sterlingorum
1834 3066 1900 3116 ad
1934 3066 2111 3115 festum
2151 3066 2503 3116 Penthecostes
2550 3075 2599 3116 et

538 3158 842 3208 inueniendo
866 3158 1009 3207 nobis
1034 3195 1045 3206 .
1073 3195 1084 3206 .
1113 3195 1124 3206 .
1152 3159 1585 3225 quocienscunque
1603 3160 1724 3209 illuc
1744 3158 2025 3210 venerimus
2043 3159 2304 3209 honestum
2327 3159 2599 3225 hospicium

539 3251 893 3300 leffisternium
926 3250 1088 3300 albam
1126 3252 1384 3301 candelam
1416 3253 1485 3303 sal
1513 3261 1564 3303 et
1587 3254 1747 3304 focale
1773 3261 1823 3303 et
1847 3260 2016 3303 cetera
2040 3253 2208 3302 omnia
2243 3253 2307 3302 ad
2342 3253 2601 3319 hostilagia
