2762 3834
586 372 1010 422 REGISTRUM
1044 371 1142 420 DE
1177 369 1734 420 ABERBROTHOC.
2090 374 2179 424 191

141 502 300 552 decim
337 501 484 566 pullis
521 504 702 551 adultis
743 531 753 541 ·
791 503 1035 552 Volumus
1077 512 1239 552 autem
1282 503 1414 566 quod
1451 540 1462 550 .
1502 539 1513 550 .
1551 540 1562 551 .
1600 509 1803 550 teneant
1841 538 1852 549 .
1893 538 1903 549 .
1944 537 1955 548 .
1998 501 2183 549 molen-

141 595 310 642 dinum
342 594 506 656 quoad
538 594 793 641 dimidiam
827 603 1016 657 partem
1056 595 1109 642 in
1145 596 1343 643 modum
1380 595 1464 658 qui
1497 594 1716 657 sequitur
1740 592 1973 642 videlicet
2004 619 2014 630 ·
2051 593 2183 655 quod

141 702 307 733 omnes
344 683 582 732 husbandi
620 684 892 731 dominium
934 685 994 732 de
1039 685 1254 734 Tulloch
1289 686 1623 734 inhabitantes
1665 685 1857 751 soluant
1896 683 2180 732 molendino

141 816 150 826 .
188 817 196 826 .
234 815 244 825 .
286 776 720 825 decimumsextum
764 792 848 822 vas
888 775 1046 823 tocius
1087 777 1223 824 bladi
1262 777 1334 825 sui
1375 805 1385 815 ·
1428 785 1477 826 et
1517 777 1758 825 husbandi
1797 777 2084 825 recedentes
2121 777 2181 823 de

140 870 310 918 eodem
337 868 557 916 dominio
583 867 646 914 ad
670 867 769 915 alia
792 866 1013 914 dominia
1046 867 1100 913 in
1133 866 1317 915 recessu
1352 868 1436 915 suo
1461 868 1647 916 dabunt
1679 868 2182 932 decimumseptimum

139 979 223 1010 vas
249 968 297 1009 et
322 968 511 1009 tantum
538 960 599 1007 de
625 958 759 1007 omni
794 958 942 1006 blado
974 957 1175 1005 vendito
1211 974 1301 1020 per
1336 959 1527 1006 eosdem
1562 959 1615 1006 in
1651 959 2021 1023 quibuscunque
2055 960 2182 1007 locis

139 1053 269 1101 infra
288 1059 443 1100 metas
468 1050 587 1098 dieti
621 1049 893 1098 molendini
919 1078 928 1087 ·
957 1056 1005 1097 et
1028 1048 1269 1096 husbandi
1294 1049 1354 1097 de
1378 1049 1724 1116 Dunnychtyn
1750 1069 1810 1100 ex
1833 1061 1974 1120 parte
2004 1052 2182 1101 boriali

139 1161 264 1207 aque
287 1143 566 1191 habitantes
599 1143 787 1190 dabunt
824 1139 1282 1189 decimumtercium
1307 1158 1391 1188 vas
1424 1150 1472 1190 et
1503 1150 1814 1192 remouentes
1845 1142 2085 1192 husbandi
2120 1143 2182 1190 de

139 1237 310 1284 eodem
346 1234 564 1283 dominio
606 1234 795 1282 dabunt
830 1232 1338 1295 decimumseptimum
1372 1250 1456 1280 vas
1493 1241 1541 1281 et
1577 1235 1638 1282 de
1671 1235 1818 1283 blado
1855 1236 2056 1284 vendito
2093 1252 2181 1299 per

139 1328 327 1376 eosdem
347 1310 552 1376 'tantum
595 1354 605 1364 ·
645 1335 694 1374 et
726 1326 915 1374 dabunt
947 1325 1104 1373 eciam
1137 1324 1198 1371 de
1230 1323 1363 1370 omni
1398 1324 1545 1373 blado
1580 1326 1882 1375 decimarum
1906 1328 2182 1392 gar-balium

138 1419 255 1467 diffisi
286 1419 492 1467 dominii
518 1417 970 1467 viceffimumvnum
996 1434 1082 1465 vas
1117 1446 1126 1456 ·
1165 1422 1214 1463 et
1247 1416 1308 1462 (16
1339 1416 1471 1463 omni
1505 1416 1650 1464 blado
1687 1419 1818 1480 quod
1851 1418 2090 1467 husbandi
2123 1437 2183 1467 ex

136 1511 313 1559 boriali
336 1518 477 1575 parte
503 1527 629 1574 aque
655 1510 715 1558 de
744 1509 965 1575 Ovynny
990 1509 1123 1557 infra
1159 1508 1431 1556 dominium
1457 1509 1518 1556 de
1542 1507 1888 1574 Dunnychtyn
1914 1511 1976 1558 ad
2000 1511 2182 1559 dietum

137 1603 473 1652 molendinum
511 1601 781 1650 moluerint
819 1603 1009 1650 dabunt
1050 1603 1111 1649 de
1151 1601 1371 1665 qualibet
1406 1601 1575 1662 celdra
1612 1618 1756 1648 vnani
1791 1601 2002 1650 firlotam
2039 1603 2101 1650 ad
2136 1604 2182 1650 16

137 1695 459 1760 knaphschyp
493 1724 503 1733 ·
539 1695 728 1743 dabunt
764 1695 923 1742 eciam
949 1695 1010 1743 (16
1037 1694 1260 1758 quolibet
1289 1700 1454 1741 aratro
1480 1692 1733 1740 dimidiam
1758 1693 1938 1741 bollam
1965 1702 2013 1742 et
2039 1712 2184 1742 vnam

137 1787 182 1835 le
219 1787 315 1851 pek
354 1786 482 1834 ordii
520 1814 530 1824 ·
570 1794 618 1834 et
661 1794 807 1834 erunt
849 1803 1017 1834 omnes
1059 1786 1298 1834 husbandi
1337 1786 1586 1849 Vtriusque
1629 1786 1834 1833 dominii
1878 1787 2082 1851 obligati
2124 1788 2186 1834 ad

132 1879 468 1928 molendinum
493 1879 767 1942 prodicium
793 1878 864 1926 ita
889 1878 1021 1942 quod
1046 1881 1147 1926 non
1171 1879 1289 1927 licet
1314 1879 1384 1926 eis
1422 1919 1430 1927 .
1463 1919 1471 1927 .
1508 1919 1515 1926 .
1550 1879 1698 1927 blada
1723 1879 1807 1927 sua
1831 1879 1929 1926 fine
1955 1880 2184 1927 consensu

133 1971 608 2020 molendinariorum
647 1972 710 2019 ad
745 1987 1039 2034 quecunque
1070 1971 1168 2019 alia
1199 1970 1486 2018 molendina
1518 1970 1712 2018 deferre
1743 1970 1825 2019 sed
1860 1973 2184 2019 remanebunt

136 2070 184 2111 et
231 2064 557 2127 expeditabunt
606 2064 670 2111 ad
714 2063 971 2127 proprium
1018 2063 1359 2112 molendinum
1399 2062 1674 2126 predifiwm
1714 2079 1743 2110 a
1782 2062 1904 2110 festo
1949 2062 2185 2112 Omnium

141 2154 433 2204 San&torum
471 2154 726 2202 annuatim
762 2153 911 2217 vsque
948 2154 1010 2201 ad
1045 2153 1219 2201 festum
1259 2152 1437 2202 Sanfioe
1478 2152 1655 2202 Crucis
1692 2161 1741 2201 et
1778 2170 1867 2217 per
1902 2154 2183 2217 quindecim

137 2245 239 2294 dies
276 2245 385 2310 post
421 2245 553 2294 idem
590 2245 766 2293 festum
814 2272 824 2281 ·
872 2252 921 2293 et
956 2244 989 2292 fi
1025 2253 1145 2294 tunc
1184 2262 1285 2292 non
1323 2245 1610 2293 inuenerint
1646 2244 1886 2293 sufficiens
1923 2246 2184 2293 seruicium

137 2337 482 2385 molendinarii
526 2337 587 2385 de
633 2336 873 2401 Craquhy
917 2337 1174 2385 inuenient
1215 2336 1285 2384 eis
1324 2337 1423 2384 alia
1462 2336 1746 2385 molendina
1792 2337 1856 2384 ad
1902 2337 2183 2384 molendum

140 2444 306 2475 eorum
328 2427 477 2476 blada
502 2428 744 2491 capiendo
771 2427 1034 2476 multuram
1070 2428 1288 2476 debitam
1331 2455 1340 2464 ·
1379 2427 1623 2476 Volumus
1660 2428 1814 2476 eciam
1848 2429 1980 2491 quod
2016 2445 2184 2476 omnes

141 2521 313 2569 cotarii
337 2521 560 2584 predicta
584 2521 806 2568 dominia
839 2520 1174 2569 inhabitantes
1211 2520 1402 2568 soluant
1427 2520 1459 2567 fi
1484 2519 1747 2568 habuerint
1782 2519 2000 2582 quinque
2035 2520 2183 2583 perti-

142 2621 271 2661 catas
295 2621 427 2661 terre
453 2613 514 2660 de
540 2612 721 2661 eisdem
746 2613 965 2675 quinque
1005 2612 1380 2661 molendinariis
1418 2622 1519 2661 tres
1550 2613 1597 2660 16
1631 2612 1808 2676 pekkis
1847 2612 1974 2660 ordii
2013 2641 2023 2650 ·
2063 2619 2112 2659 et
2149 2610 2182 2657 fi

141 2704 400 2754 habuerint
423 2705 586 2753 minus
612 2721 758 2768 quam
779 2705 997 2768 quinque
1021 2704 1287 2769 perticatas
1312 2704 1501 2753 soluent
1521 2703 1893 2752 molendinariis
1916 2704 2181 2751 secundum

143 2796 464 2859 quantitatem
502 2795 857 2859 perticatarum
897 2797 960 2844 ad
996 2796 1247 2845 racionem
1287 2795 1529 2844 dietorum
1566 2794 1715 2843 trium
1752 2794 1798 2842 le
1839 2795 2009 2858 peckis
2055 2834 2063 2841 .
2113 2834 2120 2841 .
2171 2833 2180 2841 .

143 2886 289 2949 Apud
311 2886 645 2936 Abirbrothoc
680 2887 781 2934 xxi⁰
806 2887 884 2935 die
920 2886 1096 2936 mensis
1133 2887 1325 2951 Aprilis
1361 2905 1490 2936 anno
1527 2886 1732 2935 Domini
1767 2886 2017 2934 millefimo
2050 2892 2182 2934 cccc⁰

144 2977 253 3025 lxxx
279 2978 446 3026 tercio.
