2762 3834
33 1596 120 1646 268

56 2959 59 3014 ’ἰ

621 379 1047 430 REGISTRUM
1081 380 1178 429 DE
1209 378 1697 430 ABERBROTHO
1706 379 1762 429 C.
1932 398 1934 400 ¹
2113 384 2207 437 227

172 509 508 559 dedicauimus
526 518 736 573 quatuor
750 511 926 559 altaria
942 513 1071 560 infra
1086 513 1338 562 ecclesiam
1352 511 1634 562 monasterii
1650 514 1711 562 de
1728 512 2064 562 Abirbrothoc
2084 515 2210 563 vide-

170 601 285 650 licet
310 627 320 637 ·
345 601 501 648 altare
529 599 707 649 sanae
733 601 945 651 Katrine
966 632 977 642 ·
999 604 1153 652 altare
1181 604 1347 654 Sancti
1364 603 1502 654 Petri
1521 633 1531 643 ·
1550 605 1705 654 altare
1726 604 1893 654 Sanffi
1912 603 2178 654 Laurencii
2199 635 2208 644 ·

168 699 219 741 et
237 692 393 741 altare
416 690 581 740 Sancti
600 691 850 757 Nycholai
867 693 1079 757 episcopi
1098 701 1146 743 et
1161 696 1441 744 confessoris
1457 724 1468 736 ·
1486 696 1713 745 vicefimo
1726 696 1859 745 sexto
1875 697 1955 745 die
1971 696 2182 761 Augusti
2200 726 2209 735 ·

170 783 230 832 In
266 782 404 831 cuius
439 783 512 831 rei
539 783 868 831 testimonium
892 783 987 832 hoc
1010 786 1206 848 presens
1231 787 1465 851 scriptum
1503 788 1657 853 figillo
1695 787 1859 836 nostro
1894 786 2210 852 figillauimus

166 893 226 924 ac
252 875 474 924 manuali
497 876 665 923 nostra
687 874 1045 939 subscripcione
1070 878 1409 926 roborauimus
1435 879 1661 928 vicesimo
1685 880 1887 943 septimo
1920 880 2000 928 die
2034 879 2208 928 menfis

163 966 376 1032 -Augusti
403 983 533 1015 anno
560 966 765 1014 Domini
790 966 1043 1014 millesimo
1069 968 1546 1033 quadringentesimo
1573 968 1894 1035 octuagesimo
1919 971 2109 1034 quinto.

237 1058 302 1106 Et
338 1075 430 1122 ego
467 1057 726 1123 Georgeus
766 1057 933 1105 Brana
974 1059 1220 1122 quondam
1263 1061 1489 1109 dominus
1529 1061 1838 1110 Athenarum
1877 1079 2010 1110 nunc
2045 1069 2205 1110 autem

166 1149 420 1213 episcopus
445 1147 789 1197 Dromorenfis
813 1165 963 1197 manu
987 1150 1191 1213 propria
1214 1157 1306 1199 etc.

171 1397 455 1468 Affedacio
480 1416 680 1465 ecclefie
706 1418 766 1465 de
790 1417 1052 1465 Lownane.

169 1578 296 1651 Nos
315 1599 485 1648 Dauid
517 1638 525 1646 .
562 1638 570 1646 .
604 1638 612 1646 .
643 1599 794 1647 abbas
828 1636 838 1646 .
871 1637 881 1646 .
916 1636 926 1646 .
960 1601 1019 1647 de
1041 1597 1378 1646 Abirbrothoc
1414 1635 1425 1646 .
1460 1635 1512 1649 2.
1550 1597 1817 1646 affedamus
1849 1637 1857 1646 .
1896 1637 1904 1646 .
1942 1636 1951 1646 .
1985 1598 2206 1647 Waltero

169 1691 375 1756 Ramsay
395 1692 455 1739 de
480 1691 763 1755 Limbanny
785 1697 834 1738 et
857 1690 1057 1738 domino
1082 1690 1286 1738 Andree
1314 1688 1634 1755 Quhytheide
1660 1690 1845 1738 vicario
1871 1691 1932 1738 de
1956 1688 2205 1739 Lownane

167 1782 521 1846 heredibusque
568 1781 662 1829 suis
711 1788 759 1830 et
806 1780 1054 1846 affignatis
1098 1782 1363 1830 dummodo
1405 1781 1628 1847 affignati
1667 1782 1730 1830 de
1768 1781 2000 1829 consensu
2040 1782 2205 1829 nostro

169 1874 490 1923 admittantur
527 1911 536 1922 .
573 1912 583 1922 .
621 1912 632 1922 .
668 1873 883 1922 decimas
907 1873 1135 1938 garbales
1159 1873 1357 1922 ecclesie
1382 1873 1547 1921 nostre
1566 1873 1627 1921 de
1646 1872 1893 1921 Lownane
1919 1873 2122 1921 decimis
2147 1874 2206 1921 de

169 1966 545 2015 Innerlownane
564 1966 782 2030 exceptis
799 1982 891 2030 pro
910 1966 1134 2014 terminis
1156 1966 1327 2014 decem
1347 1972 1396 2014 et
1413 1965 1595 2029 septem
1615 1981 1855 2013 annorum
1883 2002 1892 2012 .
1920 2003 1930 2012 .
1958 2002 1968 2012 .
1993 1964 2202 2011 termino

170 2058 400 2107 introitus
433 2094 443 2105 .
472 2095 482 2105 .
517 2094 527 2104 .
559 2056 831 2121 incipiente
855 2057 907 2103 in
933 2056 1054 2105 festo
1077 2055 1242 2106 Sancti
1263 2057 1401 2105 Petri
1426 2056 1692 2105 aduincula
1716 2056 1879 2104 datam
1904 2054 2208 2119 presencium

169 2149 448 2198 immediate
473 2149 704 2213 sequente
729 2178 740 2188 ·
772 2148 1021 2197 Soluendo
1057 2187 1065 2196 .
1104 2187 1112 2196 .
1154 2188 1162 2196 .
1201 2150 1372 2197 decem
1395 2148 1551 2197 bollas
1572 2147 1743 2195 mundi
1769 2155 1817 2196 et
1840 2147 1951 2211 puri
1976 2146 2209 2194 frumenti

171 2249 269 2290 tres
305 2241 494 2289 celdras
531 2249 580 2290 et
615 2242 724 2290 octo
761 2241 918 2290 bollas
953 2242 1071 2289 boni
1109 2248 1157 2289 et
1192 2240 1303 2289 ficci
1336 2240 1463 2288 ordii
1489 2247 1538 2288 et
1562 2246 1772 2303 quatuor
1798 2238 1988 2287 celdras
2014 2245 2062 2286 et
2087 2238 2207 2285 duas

171 2332 323 2380 bollas
347 2332 534 2381 farrine
573 2334 798 2381 mensure
823 2332 916 2380 fori
955 2332 1198 2380 currentis
1224 2332 1287 2380 ad
1311 2331 1544 2380 terminos
1581 2329 1811 2379 victualia
1840 2329 2058 2377 soluendi
2095 2345 2207 2377 con-

173 2424 330 2474 suetos
355 2453 365 2464 ·
391 2425 457 2474 Et
476 2425 510 2473 fi
530 2425 647 2474 dicti
671 2464 680 2473 .
706 2464 714 2473 .
739 2463 748 2471 .
772 2425 826 2473 in
845 2424 1093 2473 solucione
1119 2463 1127 2471 .
1149 2464 1157 2472 .
1182 2464 1190 2472 .
1216 2423 1475 2472 deficerint
1497 2460 1506 2469 .
1530 2460 1538 2468 .
1564 2460 1572 2469 .
1599 2423 1662 2471 ad
1681 2422 1915 2471 terminos
1939 2460 1947 2469 .
1972 2460 1980 2468 .
2005 2460 2013 2468 .
2037 2421 2206 2469 licebit

171 2517 310 2568 nobis
347 2555 355 2563 .
392 2556 400 2564 .
439 2555 449 2565 .
491 2517 552 2566 de
595 2556 605 2565 .
649 2555 659 2565 .
701 2556 709 2565 .
752 2517 955 2566 ecclefia
990 2524 1040 2566 et
1074 2515 1278 2565 decimis
1319 2515 1382 2562 ad
1422 2552 1430 2560 .
1474 2552 1484 2561 .
1526 2551 1534 2560 .
1575 2513 1772 2561 libitum
1810 2550 1818 2560 .
1857 2548 1866 2558 .
1904 2550 1913 2560 .
1951 2511 2205 2575 disponere

173 2645 182 2654 .
206 2646 213 2654 .
239 2647 248 2656 .
274 2608 424 2672 Apud
462 2646 471 2657 .
508 2647 516 2655 .
552 2648 560 2656 .
598 2607 868 2672 capitulum
893 2607 1030 2655 xxiii⁰
1055 2607 1134 2655 die
1160 2606 1334 2655 mensis
1360 2604 1659 2670 Septembris
1685 2621 1814 2653 anno
1838 2603 2043 2652 Domini
2065 2607 2204 2650 1485.

177 2854 456 2927 Affedacio
480 2879 681 2927 ecclefie
707 2879 767 2927 de
793 2878 978 2927 Rowen
1005 2894 1116 2927 cum
1140 2879 1298 2942 gleba.

58 3048 129 3136 1²69
176 3035 303 3107 Nos
326 3058 494 3108 Dauid
530 3099 538 3108 .
569 3097 577 3106 .
613 3099 621 3107 .
658 3059 808 3109 abbas
843 3098 852 3107 .
888 3094 898 3106 .
933 3097 940 3106 .
978 3060 1039 3107 de
1066 3059 1398 3109 Abirbrothoc
1439 3099 1447 3108 .
1482 3099 1491 3107 .
1529 3098 1538 3107 .
1578 3060 1844 3108 affedamus
1881 3076 1893 3106 .’
1926 3096 1935 3105 .
1971 3095 1981 3106 .
2014 3058 2201 3106 Jacobo

182 3146 478 3213 Crychtown
504 3152 565 3201 de
588 3150 732 3199 Feldi
758 3157 807 3198 et
833 3149 945 3198 Ade
973 3148 1273 3214 Crychtown
1295 3150 1396 3198 filio
1426 3151 1511 3198 suo
1545 3157 1778 3213 tanquam
1811 3148 2043 3214 affignato
2085 3185 2095 3195 .
2137 3185 2147 3195 .
2190 3185 2199 3195 .
