2762 3834
459 1386 999 1456 REGISTRUM
1072 1391 1186 1456 DE
1259 1391 1956 1461 ABERBROTHOO.

169 1773 450 1846 Affedatio
476 1804 725 1846 terrarum
751 1798 812 1846 de
841 1797 1082 1864 Craquhy
1106 1814 1197 1862 per
1222 1797 1494 1848 Gilfridum
1519 1799 1765 1849 abbatem.

91 1978 113 2021 1
171 1958 437 2034 Omnibus
476 2021 487 2032 .
528 2021 539 2032 .
580 2021 591 2032 .
632 1983 893 2033 Galfridus
932 2022 942 2033 .
983 2022 994 2033 .
1034 2022 1046 2033 .
1085 1984 1238 2034 abbas
1262 1985 1323 2033 de
1349 1984 1692 2034 Abirbrothoc
1727 2024 1739 2034 .
1773 2023 1784 2034 .
1820 2023 1831 2034 .
1870 1985 2129 2036 Noueritis
2153 2003 2243 2035 nos

170 2112 179 2122 .
219 2112 229 2122 .
267 2113 278 2124 .
314 2076 379 2124 ad
396 2076 589 2125 firmam
610 2076 836 2126 dimifisse
859 2077 1061 2143 Rogero
1081 2078 1214 2126 dicto
1236 2077 1351 2126 Mar
1370 2095 1462 2144 pro
1482 2086 1586 2127 toto
1607 2086 1832 2145 tempore
1859 2079 1960 2128 vite
1985 2079 2066 2129 sue
2088 2086 2243 2128 totam

166 2175 352 2216 terram
394 2168 614 2218 nostram
656 2169 718 2218 de
760 2168 962 2235 Crachy
1003 2187 1064 2218 ex
1105 2177 1249 2235 parte
1290 2171 1470 2220 boriali
1510 2189 1638 2236 aque
1678 2172 1740 2221 de
1776 2171 1963 2238 Vuany
1999 2188 2088 2237 per
2125 2209 2136 2219 .
2177 2209 2187 2219 .
2229 2208 2239 2218 .

166 2260 348 2310 diuisas
387 2300 398 2311 .
438 2300 450 2311 .
475 2300 502 2331 Δ.
539 2262 672 2311 inter
712 2300 723 2311 .
764 2300 775 2311 .
817 2301 828 2312 .
867 2270 1055 2312 terram
1080 2264 1142 2312 de
1171 2263 1372 2330 Crachy
1399 2272 1449 2312 et
1473 2273 1658 2313 terram
1685 2264 1747 2313 de
1778 2263 2100 2330 Dunnechyn
2126 2280 2241 2312 con-

164 2353 326 2404 suetas
363 2393 373 2404 .
412 2393 423 2404 .
460 2393 471 2404 .
503 2363 729 2421 tempore
754 2355 926 2405 Dauid
947 2357 1009 2405 de
1030 2356 1238 2406 Manuel
1263 2384 1273 2394 ·
1298 2356 1577 2405 Reddendo
1603 2356 1805 2422 fingulis
1829 2356 1974 2405 annis
2009 2393 2021 2404 .
2058 2393 2068 2404 .
2105 2393 2117 2404 .
2148 2372 2239 2420 pro

164 2448 308 2498 firma
346 2486 357 2497 .
399 2486 411 2497 .
450 2486 462 2498 .
499 2449 553 2497 in
589 2449 825 2514 granario
860 2449 995 2514 apud
1027 2448 1371 2498 Abirbrothoc
1396 2449 1461 2498 ad
1484 2448 1608 2498 festa
1646 2448 1944 2498 Sanctorum
1976 2446 2240 2497 Michaelis

165 2541 456 2607 archangeli
493 2550 543 2591 et
578 2543 784 2592 Andree
811 2542 1020 2608 apostoli
1059 2581 1070 2592 .
1110 2580 1122 2592 .
1165 2581 1172 2589 .
1212 2543 1396 2608 septem
1423 2542 1617 2591 celdras
1642 2541 1815 2590 mundi
1841 2540 1980 2590 ordei
2004 2548 2055 2590 et
2076 2540 2239 2606 placa-

166 2633 278 2683 bilis
302 2634 463 2684 farine
489 2635 751 2684 auenatice
776 2643 826 2684 et
851 2635 1051 2685 matrici
1077 2635 1281 2685 ecclesie
1306 2635 1388 2685 sue
1409 2635 1743 2684 omnimodam
1760 2634 2004 2683 decimam
2022 2633 2238 2683 debitam

169 2764 179 2774 .
221 2764 232 2774 .
273 2764 283 2774 .
322 2734 372 2776 et
395 2726 668 2776 multuram
693 2728 758 2776 ad
782 2727 1225 2776 sextumdecimum
1251 2746 1337 2777 vas
1362 2729 1426 2777 ad
1450 2727 1793 2777 molendinum
1817 2726 1878 2776 de
1907 2725 2107 2792 Crachy
2127 2742 2238 2774 cum

169 2820 349 2868 ceteris
397 2820 677 2870 redditibus
726 2821 975 2870 consuetis
1018 2850 1029 2860 ·
1071 2828 1120 2870 et
1168 2820 1399 2870 faciendo
1438 2858 1449 2868 .
1490 2857 1501 2868 .
1541 2857 1552 2868 .
1591 2818 1759 2869 omnia
1796 2856 1807 2868 .
1846 2857 1858 2868 .
1897 2855 1909 2867 .
1946 2818 2046 2867 alia
2086 2833 2239 2866 onera

168 2910 290 2960 ficut
314 2912 400 2960 alii
422 2912 666 2963 husbandi
700 2914 858 2962 nostri
894 2914 1087 2963 faciunt
1114 2931 1207 2980 pro
1238 2915 1386 2964 terris
1420 2931 1543 2978 quas
1571 2912 1854 2963 inhabitant
1880 2942 1890 2953 ·
1916 2911 1977 2960 In
2003 2911 2140 2960 cuius
2164 2911 2237 2959 rei

169 3003 503 3054 testimonium
547 3004 761 3071 figillum
803 3007 1010 3073 capituli
1044 3006 1201 3056 nostri
1234 3006 1545 3072 presentibus
1582 3005 1654 3055 est
1687 3006 1956 3070 appensum
1997 3030 2008 3041 ·
2047 3003 2235 3052 Datum

171 3134 182 3144 .
222 3134 233 3145 .
274 3133 285 3145 .
324 3096 407 3146 die
441 3096 477 3146 ‚J
480 3097 587 3146 ouis
621 3099 852 3164 proxima
887 3106 1004 3150 ante
1040 3099 1218 3149 festum
1257 3097 1426 3148 Sancti
1461 3098 1498 3148 J
1500 3097 1710 3147 ohannis
1740 3095 1961 3161 Baptiste
1985 3111 2114 3144 anno
2140 3100 2232 3141 etc.

172 3187 402 3238 vicefimo
426 3206 577 3239 nono.

1197 3300 1228 3331 A
