2762 3834
5 692 10 731 l

57 796 148 849 378

644 387 1071 452 REGISTRUM
1106 389 1203 437 DE
1239 391 1793 444 ABERBROTHOC.
2136 402 2228 453 307

202 592 482 677 Obligacio
508 612 722 661 eiusdem
748 613 933 661 domini
960 612 1166 662 Roberti
1187 614 1432 680 Martyne.

204 828 215 839 .
261 827 272 838 .
307 829 315 839 .
356 791 508 839 Anno
549 830 557 839 .
599 828 609 837 .
655 827 666 838 .
715 790 922 838 Domini
963 798 1030 839 m⁰
1078 800 1210 840 cccc⁰
1251 798 1560 860 nonagefimo
1601 800 1800 862 septimo
1829 836 1839 846 .
1865 839 1873 848 .
1900 837 1910 847 .
1938 799 2100 847 Dauid
2142 838 2150 846 .
2187 835 2232 845 ..

203 884 351 933 abbas
394 920 406 932 .
444 921 453 931 .
499 921 510 931 .
551 884 612 931 de
654 883 991 933 Abirbrothoc
1033 892 1082 933 et
1120 922 1131 933 .
1176 923 1186 933 .
1234 923 1243 933 .
1288 896 1558 936 conuentus
1603 926 1613 936 .
1657 927 1667 937 .
1714 927 1723 937 .
1768 890 2042 939 affedarunt
2081 890 2235 937 eccle-

204 975 320 1024 fiam
358 976 421 1029 de
458 975 677 1024 Garwok
716 976 918 1024 domino
961 976 1178 1025 Roberto
1214 977 1447 1043 Martyne
1483 981 1667 1029 vicario
1702 982 1913 1030 eiusdem
1951 999 2040 1046 pro
2073 981 2234 1029 termi-

201 1068 278 1116 nis
315 1067 600 1131 quindecim
640 1084 883 1116 annorum
922 1075 971 1116 et
1007 1069 1193 1116 summa
1224 1070 1554 1135 quadraginta
1587 1073 1669 1120 sex
1709 1073 1944 1121 librarum
1982 1072 2234 1121 annuatim

199 1160 524 1225 persoluenda
547 1167 600 1208 vt
629 1159 682 1208 in
719 1160 931 1223 quadam
956 1160 1260 1209 affedacione
1285 1163 1370 1210 fibi
1400 1179 1488 1227 per
1520 1164 1671 1212 dictos
1715 1203 1725 1212 .
1770 1203 1780 1213 .
1828 1203 1837 1212 .
1879 1167 1939 1213 de
1968 1166 2083 1213 data
2106 1164 2235 1228 apud

200 1253 534 1301 Abirbrothoc
570 1252 650 1300 die
686 1251 860 1300 menfis
884 1251 920 1300 J
922 1252 1026 1300 unii
1052 1253 1255 1317 septimo
1275 1270 1403 1301 anno
1419 1254 1741 1318 suprascripto
1763 1256 1888 1304 facta
1910 1256 2101 1319 plenius
2125 1270 2237 1302 con-

200 1346 384 1396 tinetur
410 1374 419 1384 ·
447 1345 593 1393 Tunc
618 1344 914 1394 venerabilis
938 1352 1080 1408 pater
1105 1345 1378 1393 antedictus
1402 1346 1598 1393 nomine
1621 1346 1692 1393 sui
1718 1353 1766 1394 et
1801 1353 2068 1394 conuentus
2094 1362 2237 1409 expo-

199 1437 291 1486 suit
327 1436 740 1501 quemadmodum
781 1436 1129 1484 monasterium
1176 1474 1186 1485 .
1235 1474 1245 1484 .
1295 1438 1622 1502 .quamplura
1656 1438 1876 1486 sustinuit
1907 1439 2118 1502 dampna
2151 1454 2238 1500 per

146 1520 147 1523 Ἴ
197 1527 525 1577 affedaciones
550 1534 794 1576 terrarum
820 1535 869 1575 et
887 1527 1189 1575 decimarum
1209 1529 1483 1591 garbalium
1502 1530 1813 1578 ecclesiarum
1827 1531 2020 1578 suarum
2041 1530 2239 1577 diuersis

199 1620 395 1669 vicariis
443 1658 452 1668 .
504 1657 514 1667 .
566 1657 576 1667 .
617 1619 701 1683 qui
727 1619 898 1683 vigore
923 1618 1283 1667 affedacionum
1318 1619 1428 1684 ipfis
1458 1621 1860 1685 prolongatarum
1887 1628 2059 1668 contra
2107 1658 2116 1667 .
2169 1658 2179 1667 .
2229 1659 2237 1666 .

199 1711 425 1759 abbatem
451 1717 499 1758 et
524 1716 824 1758 conuentum
847 1727 1026 1775 graues
1052 1717 1100 1758 et
1135 1710 1435 1775 sumptuoias
1469 1713 1734 1760 mouebant
1767 1712 1876 1760 lites
1912 1713 2038 1759 vnde
2071 1727 2240 1758 eorum

196 1802 545 1851 monasterium
570 1801 878 1866 dispendium
903 1802 1196 1851 multociens
1220 1803 1499 1866 patiebatur
1521 1833 1532 1842 ·
1561 1802 1893 1860 Quamobrem
1937 1841 1946 1850 .
1992 1840 2001 1850 .
2042 1839 2052 1849 .
2096 1802 2242 1850 abbas

197 1933 207 1943 .
248 1934 257 1943 .
303 1934 311 1943 .
346 1881 611 1943 'dominum
636 1894 910 1944 Robertum
956 1933 965 1942 .
1010 1934 1019 1943 .
1066 1933 1076 1943 .
1114 1895 1312 1959 publice
1349 1896 1420 1943 est
1451 1895 1690 1944 allocutus
1727 1925 1737 1934 ·
1774 1894 1989 1943 Domine
2016 1894 2195 1942 vicarie
2232 1923 2241 1932 ·

194 2004 282 2036 nos
306 2005 406 2035 non
434 1987 750 2036 concedimus
775 1988 915 2035 vobis
940 1987 1081 2036 istam
1118 1987 1472 2037 affedacionem
1504 1989 1701 2037 ecclefie
1737 1988 1899 2036 nostre
1931 1988 1991 2034 de
2030 1986 2243 2035 Gai-wok
2314 2044 2322 2051 ⁶

196 2079 442 2128 antedicte
467 2087 520 2127 vt
544 2078 887 2127 intromittatis
915 2096 1026 2127 cum
1051 2080 1221 2128 eadem
1248 2081 1336 2128 tali
1371 2080 1556 2129 scilicet
1591 2081 1735 2128 modo
1772 2080 1902 2143 quod
1938 2079 2086 2126 di&as
2116 2078 2243 2125 deci-

197 2188 299 2220 mas
326 2172 404 2220 vel
429 2187 600 2220 earum
625 2171 845 2235 aliquam
869 2179 1062 2235 partem
1096 2171 1150 2219 in
1186 2179 1503 2237 augmentum
1527 2172 1686 2220 vestre
1719 2171 1900 2219 vicarie
1924 2188 2012 2234 per
2047 2186 2130 2217 vos
2167 2168 2243 2216 vel

198 2264 346 2312 alium
375 2263 575 2312 nomine
609 2262 768 2311 vestro
795 2278 1138 2326 quemcunque
1172 2265 1345 2326 quouis
1382 2264 1565 2328 quefito
1607 2263 1770 2310 colore
1806 2260 2128 2325 approprietis
2161 2260 2242 2306 sed

198 2357 536 2409 tantummodo
563 2363 615 2403 vt
638 2355 804 2403 noster
828 2355 1075 2404 firmarius
1100 2355 1289 2404 nullum
1317 2356 1452 2404 aliud
1472 2356 1546 2403 ius
1571 2355 1690 2402 iuris
1715 2353 1908 2401 titulum
1929 2352 2006 2400 vel
2025 2351 2241 2415 proprie-

199 2456 348 2497 tatem
368 2449 610 2497 di&arum
636 2448 941 2496 decimarum
965 2447 1242 2512 garbalium
1264 2455 1497 2510 tanquam
1513 2445 1670 2494 vestre
1688 2444 1870 2493 vicarie
1889 2440 2242 2507 pertinencium

198 2540 498 2604 temporibus
532 2540 805 2604 profuturis
847 2539 1070 2604 allegetis
1107 2567 1116 2576 ·
1152 2538 1344 2597 Quibus
1369 2537 1593 2603 expofitis
1633 2574 1644 2584 .
1687 2574 1697 2583 .
1748 2573 1759 2583 .
1801 2542 1941 2598 pater
1974 2532 2242 2581 antedictus

202 2669 213 2679 .
249 2669 260 2679 .
294 2668 305 2679 .
336 2632 588 2680 dominum
614 2631 887 2680 Robertum
928 2669 938 2678 .
968 2668 978 2678 .
1014 2668 1023 2678 .
1059 2629 1440 2696 interrogauitfi
1470 2628 1559 2694 [se]
1588 2628 1650 2677 ad
1678 2625 1901 2691 premiffa
1943 2663 1952 2672 .
1991 2661 2003 2672 .
2042 2662 2052 2671 .
2091 2622 2244 2670 obser-

202 2724 364 2771 uanda
406 2761 417 2771 .
463 2760 473 2771 .
521 2760 532 2771 .
574 2723 661 2771 sub
695 2723 838 2787 penis
873 2739 1066 2771 camere
1102 2723 1367 2786 apostolice
1400 2722 1619 2785 obligare
1656 2719 1804 2768 vellet
1843 2756 1853 2766 .
1887 2755 1898 2765 .
1940 2757 1949 2765 .
1995 2715 2243 2764 Tunc-do-

202 2815 362 2863 minus
388 2815 636 2864 Robertus
681 2853 690 2863 .
739 2856 747 2864 .
793 2854 801 2862 .
847 2816 910 2863 ad
932 2815 1160 2879 premifl'a
1186 2822 1236 2862 vt
1260 2813 1562 2878 premittitur
1588 2810 1888 2859 obseruanda
1913 2809 1959 2855 se
2003 2846 2010 2854 .
2053 2844 2062 2854 .
2107 2846 2115 2854 .
2158 2822 2243 2868 per

203 2924 374 2955 manus
394 2909 477 2956 sue
502 2908 632 2956 dicto
669 2947 677 2956 .
713 2947 722 2955 .
757 2947 765 2955 .
803 2907 932 2971 patri
960 2906 1288 2955 extensionem
1329 2941 1339 2952 .
1380 2941 1389 2951 .
1426 2941 1436 2951 .
1475 2903 1681 2950 firmiter
1703 2899 1938 2963 obligauit
1974 2935 1984 2945 .
2019 2935 2029 2944 .
2066 2934 2076 2944 .
2117 2896 2244 2943 Acta

206 3005 346 3046 erant
368 2998 462 3047 hec
496 2999 547 3046 in
587 2998 802 3064 capitulo
847 3034 857 3045 .
904 3035 915 3046 .
962 3035 973 3046 .
1014 2997 1094 3044 die
1119 2996 1324 3060 septimo
1345 2996 1518 3043 menfis
1543 2993 1681 3042 Junii
1718 2993 1840 3040 hora
1870 2990 2077 3038 eiusdem
2114 2986 2241 3051 quafi

207 3089 466 3137 vndecima
503 3097 617 3137 ante
659 3089 924 3138 merediem
966 3088 1046 3135 vel
1084 3087 1279 3135 eocirca
1322 3125 1332 3134 .
1383 3124 1393 3134 .
1445 3124 1455 3133 .
1503 3084 1805 3148 presentibus
1852 3122 1860 3129 .
1928 3118 1976 3127 ..
2029 3078 2241 3141 Georgio
2327 3080 2333 3085 ”

211 3167 496 3244 Striuelyng
533 3181 594 3228 de
633 3179 801 3244 Breky
839 3207 848 3216 ·
901 3179 1158 3227 Bernardo
1208 3177 1384 3241 Gargil
1425 3206 1435 3215 ·
1476 3174 1659 3223 arcium
1708 3170 1944 3235 magistris
1990 3198 1999 3206 ·
2049 3167 2241 3215 domino
