2762 3834
632 426 729 471 230
1068 411 1490 466 REGISTRUM
1525 410 1621 458 DE
1656 406 2212 458 ABERBROTHOC.

633 623 914 695 Affedacio
938 638 1197 702 garbarum
1223 631 1535 682 decimalium
1560 631 1621 678 de
1644 630 1691 678 16
1719 629 1984 695 Kyrktoun
2008 631 2061 678 in
2087 630 2299 682 Terwes.

487 827 584 881 273
635 801 762 873 Nos
793 820 961 869 Dauid
984 818 1133 867 abbas
1176 852 1187 863 .
1229 853 1238 862 .
1280 852 1289 862 .
1333 814 1395 861 de
1420 812 1757 861 Abirbrothoc
1796 849 1807 861 .
1846 850 1857 861 .
1897 850 1909 861 .
1946 813 2214 862 affedamus
2260 850 2271 861 .
2318 850 2328 860 .
2375 850 2386 861 .
2433 813 2663 878 magistro

495 2187 587 2239 274

635 912 856 960 Waltero
888 910 1071 958 Forbes
1104 906 1282 955 rectori
1319 906 1380 953 de
1418 903 1746 952 Abbotroulle
1787 942 1798 953 .
1840 941 1852 952 .
1893 942 1905 952 .
1947 904 2164 953 decimas
2187 904 2412 970 garbales
2437 904 2664 953 villarum

631 1005 692 1051 de
725 1004 770 1051 le
796 1000 1062 1067 Kyrktoun
1087 1000 1148 1047 de
1175 997 1377 1046 Terwes
1416 1026 1426 1036 -
1467 995 1599 1044 dele
1624 995 1894 1061 Kyrktoun
1928 996 1991 1045 (16
2025 995 2221 1044 Forthil
2258 1025 2269 1036 ·
2308 997 2370 1044 de
2406 995 2624 1061 Balgove
2655 1026 2665 1036 ·

631 1103 679 1142 et
716 1095 776 1141 de
819 1090 1102 1155 Dargforke
1135 1118 1145 1128 ·
1176 1090 1393 1137 iacentes
1433 1087 1566 1135 infra
1597 1087 1909 1151 parrochiam
1946 1088 2008 1136 de
2046 1086 2236 1136 Terves
2277 1125 2288 1136 .
2333 1125 2344 1135 .
2385 1125 2395 1136 .
2434 1104 2526 1152 pro
2562 1096 2665 1137 toto

632 1194 851 1247 tempore
877 1182 975 1231 vite
1015 1219 1025 1229 .
1065 1218 1075 1228 .
1116 1217 1126 1228 .
1165 1179 1376 1228 termino
1401 1178 1634 1226 introitus
1674 1215 1684 1226 .
1725 1215 1735 1226 .
1776 1216 1786 1226 .
1824 1178 2092 1243 incipiente
2116 1179 2290 1227 afesto
2329 1178 2494 1228 Sanffi
2529 1179 2667 1228 Petri

633 1274 898 1323 aduincula
926 1273 1091 1321 datam
1124 1271 1430 1336 presencium
1466 1270 1749 1318 immediate
1772 1271 2070 1334 precedente
2107 1308 2119 1318 .
2158 1306 2169 1318 .
2209 1307 2220 1318 .
2260 1268 2509 1320 Soluendo
2547 1307 2558 1318 .
2601 1307 2612 1317 .
2655 1307 2666 1318 .

633 1371 863 1415 summam
883 1363 1141 1413 duodecim
1161 1364 1399 1412 librarum
1437 1400 1448 1411 .
1486 1400 1496 1410 .
1537 1401 1546 1410 .
1580 1370 1776 1411 monete
1810 1397 1822 1409 .
1862 1398 1873 1410 .
1913 1398 1924 1410 .
1960 1360 2133 1411 Scocie
2158 1363 2222 1410 ad
2259 1399 2270 1410 .
2310 1399 2321 1410 .
2361 1399 2372 1409 .
2407 1362 2528 1411 festa
2563 1402 2571 1410 .
2610 1402 2619 1410 .
2657 1400 2666 1410 .

634 1458 817 1506 Pasche
853 1465 903 1505 et
939 1455 1107 1506 Sancti
1143 1454 1281 1504 Petri
1317 1454 1585 1504 aduincula
1621 1492 1632 1502 .
1672 1491 1684 1502 .
1724 1491 1734 1501 .
1773 1461 1962 1503 tantum
2003 1491 2013 1502 .
2051 1491 2063 1503 .
2103 1491 2114 1502 .
2152 1453 2217 1502 Et
2251 1490 2263 1502 .
2298 1491 2309 1502 .
2346 1491 2357 1502 .
2395 1453 2428 1501 fi
2467 1491 2478 1502 .
2519 1491 2529 1502 .
2568 1491 2579 1502 .
2615 1455 2667 1502 in

635 1548 881 1597 solucione
908 1585 919 1595 .
948 1584 959 1595 .
1025 1547 1088 1595 ad
1112 1547 1347 1595 terminos
1383 1583 1394 1594 .
1432 1583 1443 1594 .
1482 1584 1492 1594 .
1531 1546 1610 1594 vel
1632 1546 1764 1594 infra
1788 1545 1964 1611 viginti
1988 1546 2094 1594 dies
2128 1583 2138 1593 .
2171 1582 2182 1594 .
2216 1584 2225 1594 .
2257 1545 2477 1594 deficerit
2500 1545 2668 1593 licebit

634 1641 774 1689 nobis
813 1679 821 1688 .
865 1678 874 1688 .
914 1678 923 1687 .
962 1640 1023 1687 de
1064 1675 1075 1687 .
1117 1677 1127 1687 .
1168 1676 1180 1687 .
1220 1639 1423 1687 decimis
1462 1675 1472 1686 .
1515 1676 1527 1687 .
1569 1674 1580 1685 .
1621 1638 1879 1703 disponere
1917 1676 1928 1686 .
1968 1676 1978 1686 .
2019 1676 2030 1687 .
2069 1638 2219 1702 Apud
2259 1675 2269 1686 .
2309 1675 2320 1686 .
2358 1677 2365 1684 .
2402 1638 2668 1702 capitulum

636 1749 698 1779 xx
723 1732 802 1779 die
828 1730 1002 1779 menfis
1027 1729 1327 1779 Nouembris
1352 1746 1482 1778 anno
1508 1728 1715 1777 Domini
1742 1733 1884 1778 1485.

640 1982 921 2052 Affedacio
946 1966 1188 2050 terrarum
1214 2002 1275 2049 (16
1305 2000 1675 2066 Ardequorthy.

640 2159 768 2230 Nos
803 2180 971 2228 Dauid
996 2216 1007 2227 .
1036 2217 1046 2227 .
1075 2215 1086 2226 .
1109 2180 1257 2227 abbas
1282 2217 1292 2227 .
1319 2216 1329 2226 .
1359 2217 1369 2227 .
1395 2180 1455 2227 de
1492 2179 1829 2229 Abirbrothoc
1854 2218 1864 2228 .
1899 2218 1910 2229 .
1942 2217 1953 2228 .
1979 2179 2247 2229 affedamus
2273 2218 2283 2228 .
2309 2219 2319 2228 .
2345 2219 2355 2229 .
2385 2181 2672 2229 Alexandro

643 2272 834 2320 Valteri
870 2301 880 2311 -
917 2271 1199 2335 Margarete
1241 2271 1407 2335 sponse
1448 2271 1529 2320 sue
1570 2273 1807 2320 moderne
1844 2299 1855 2309 ·
1891 2279 1940 2321 et
1983 2271 2176 2320 Thome
2213 2271 2407 2321 Valteri
2446 2272 2548 2320 filio
2590 2271 2671 2320 suo

641 2364 816 2412 seniori
853 2400 863 2410 .
896 2400 905 2409 .
942 2401 952 2410 .
988 2370 1143 2411 terras
1190 2361 1379 2411 nostras
1423 2364 1484 2411 de
1531 2363 1914 2429 Arthquhorthy
1955 2371 2005 2412 et
2046 2363 2376 2428 Tulicarthyn
2421 2380 2519 2412 vna
2562 2380 2673 2411 cum
2761 2382 2762 2385 ¹

643 2455 841 2503 decimis
864 2454 1144 2518 garbalibus
1166 2492 1177 2502 .
1204 2491 1214 2501 .
1242 2491 1252 2501 .
1276 2471 1366 2518 pro
1391 2462 1495 2503 toto
1529 2462 1752 2520 tempore
1777 2455 1877 2504 vite
1904 2493 1915 2503 .
1943 2493 1954 2504 .
1981 2492 1992 2503 .
2017 2464 2066 2505 et
2090 2455 2301 2504 obeunte
2326 2455 2455 2503 dicto
2481 2453 2675 2502 Thoma

562 2568 566 2573 ⁷
644 2555 756 2593 ante
796 2545 1051 2593 introitum
1077 2582 1087 2592 .
1114 2582 1124 2592 .
1145 2581 1155 2592 .
1181 2545 1466 2594 Alexandro
1505 2554 1554 2595 et
1595 2546 1884 2612 Margareta
1919 2547 1982 2595 (16
2018 2547 2183 2595 medio
2219 2546 2418 2595 sublatis
2453 2545 2489 2594 J
2492 2545 2674 2594 ohanni

647 2635 856 2683 Walteri
878 2635 1021 2683 fratri
1043 2651 1279 2699 germano
1302 2636 1417 2684 dieti
1443 2636 1636 2686 Thome
1671 2672 1683 2683 .
1721 2675 1732 2685 .
1767 2676 1777 2686 .
1815 2646 1864 2687 et
1893 2638 1987 2686 suis
2016 2638 2385 2687 subtenentibus
2408 2645 2458 2686 et
2481 2637 2674 2686 coadiu-

647 2726 833 2773 toribus
846 2726 1110 2773 dummodo
1124 2742 1225 2773 non
1241 2726 1331 2775 fint
1345 2727 1545 2775 maioris
1558 2728 1709 2777 status
1725 2745 1870 2794 quam
1884 2729 1985 2793 ipse
2000 2728 2288 2777 Alexander
2310 2765 2322 2775 .
2344 2765 2355 2778 .
2378 2766 2388 2777 .
2410 2727 2674 2777 Tenendas

651 2852 661 2862 .
686 2852 695 2863 .
723 2853 733 2863 .
758 2822 907 2879 prout
929 2815 1029 2878 ipse
1054 2815 1340 2864 Alexander
1359 2824 1409 2865 et
1425 2820 1766 2883 progenitores
1786 2821 1855 2869 sui
1883 2857 1893 2869 .
1921 2858 1930 2869 .
1958 2857 1968 2868 .
1994 2827 2262 2870 tenuerunt
2291 2857 2302 2867 .
2328 2857 2338 2867 .
2365 2855 2377 2866 .
2402 2819 2673 2868 Reddendo

649 2923 739 2970 pro
776 2944 785 2953 .
823 2945 831 2953 .
869 2944 877 2953 .
913 2906 1055 2953 firma
1090 2943 1100 2953 .
1137 2943 1146 2953 .
1185 2942 1194 2952 .
1232 2914 1442 2969 quatuor
1476 2908 1627 2958 libras
1660 2912 1916 2961 tresdecim
1942 2911 2121 2960 solidos
2143 2918 2193 2960 et
2216 2919 2426 2975 quatuor
2449 2910 2675 2959 denarios

649 3004 844 3044 monete
871 2994 1042 3044 Scocie
1065 2996 1127 3044 ad
1152 3032 1162 3042 .
1189 3032 1199 3042 .
1227 3033 1237 3043 .
1261 2996 1382 3045 festa
1417 3035 1427 3045 .
1461 3036 1471 3046 .
1506 3036 1516 3046 .
1550 2999 1865 3051 Pentecostes
1888 3010 1938 3052 et
1961 3002 2128 3052 Sancti
2153 3001 2361 3050 Martini
2384 3002 2436 3049 in
2460 3016 2603 3067 yeme
2626 3006 2674 3049 ct

649 3104 737 3150 pro
762 3086 963 3135 decimis
986 3085 1266 3150 garbalibus
1303 3124 1313 3134 .
1351 3124 1362 3135 .
1400 3125 1409 3135 .
1447 3098 1657 3152 quatuor
1679 3092 1829 3141 libras
1856 3130 1867 3141 .
1894 3132 1904 3141 .
1931 3128 1942 3139 .
1969 3094 2032 3141 ad
2055 3131 2067 3142 .
2094 3129 2104 3140 .
2131 3128 2142 3140 .
2166 3091 2288 3140 festa
2312 3129 2321 3139 .
2348 3129 2359 3140 .
2385 3127 2396 3138 .
2421 3090 2603 3140 Pasche
2627 3098 2674 3139 et

653 3177 818 3226 Sanffi
835 3176 970 3225 Petri
989 3176 1252 3225 aduincula
1277 3213 1287 3224 .
1309 3216 1318 3225 .
1338 3215 1349 3227 .
1370 3178 1708 3230 Veruntamen
1726 3183 1841 3246 quia
1855 3184 2035 3232 dictum
2053 3183 2393 3232 Alexandrum
2409 3182 2459 3230 in
2476 3181 2673 3231 diuersis
