2762 3834
590 384 1021 438 REGISTRUM
1055 386 1154 437 DE
1190 386 1757 439 ABERBROTHOC.
2173 393 2200 445 ''c'

130 518 411 582 spectanda
449 546 459 558 ·
499 518 562 569 In
587 521 728 570 cuius
752 521 827 570 rei
860 520 1193 572 testimonium
1228 523 1447 588 presenti
1483 523 1666 588 scripto
1690 522 1902 589 figillum
1940 540 2200 574 commune

130 611 338 676 capituli
362 612 519 662 nostri
543 613 751 663 fecimus
776 615 961 680 apponi
997 642 1009 654 ·
1043 613 1234 665 Datum
1272 653 1283 664 .
1322 653 1333 664 .
1362 653 1374 664 .
1410 616 1546 681 apud
1572 614 1909 666 Abirbrothoc
1932 617 2094 682 primo
2120 617 2200 666 die

132 703 348 769 Augusti
374 722 506 754 anno
530 703 794 771 gracie'm⁰
815 714 921 757 ccc⁰
945 707 1192 758 tricefimo
1219 736 1229 747 ·
1254 707 1377 758 teste
1403 709 1579 758 eodem
1604 709 1839 774 capitulo.

130 969 306 1042 Carta
329 992 602 1042 tenementi
626 995 677 1040 in
707 992 875 1042 Perth.

46 1173 73 1225 7
130 1156 395 1230 Omnibus
442 1215 452 1226 .
497 1217 507 1226 .
555 1216 565 1227 .
608 1160 867 1228 Galfridus
906 1215 916 1226 .
958 1215 970 1227 .
1010 1215 1020 1225 .
1059 1178 1209 1226 abbas
1235 1178 1297 1225 de
1319 1177 1661 1226 Abirbrothoc
1698 1213 1710 1226 .
1752 1211 1763 1222 .
1801 1215 1813 1226 .
1851 1176 2069 1227 Nouerit
2093 1178 2197 1226 vni—

127 1269 332 1319 uerfitas
359 1269 522 1319 vestra
544 1287 637 1318 nos
662 1270 727 1318 ad.
761 1270 955 1318 firmam
980 1267 1204 1319 dimifiss‘e
1230 1271 1399 1320 Alano
1432 1272 1494 1320 de
1531 1271 1767 1338 Brechyn
1803 1272 1994 1321 tenenti
2029 1272 2197 1320 nostro

125 1364 187 1412 de
212 1363 367 1413 Perth
400 1364 541 1411 illam
576 1363 772 1428 peciam
808 1371 943 1412 terre
968 1363 1021 1411 in
1048 1381 1148 1428 qua
1170 1363 1449 1412 manerium
1484 1364 1709 1413 nostrum
1744 1364 2078 1414 construfflmm
2104 1365 2197 1413 effe

123 1456 309 1505 solebat
332 1456 385 1504 in
412 1456 538 1505 tofto
564 1455 733 1504 nostro
760 1457 821 1504 de
848 1455 1004 1504 Perth
1035 1473 1128 1520 pro
1160 1455 1353 1504 duobus
1382 1454 1553 1503 solidis
1591 1456 1786 1521 argenti
1821 1456 1884 1505 ad
1915 1456 2039 1505 festa
2070 1457 2197 1505 Pen-

122 1548 368 1597 thecostes
394 1554 444 1596 et
472 1546 641 1597 Sanffl
667 1547 879 1597 Martini
905 1548 956 1596 in
982 1565 1126 1614 yeme
1167 1586 1180 1598 .
1225 1585 1237 1596 .
1285 1586 1295 1596 .
1338 1547 1681 1613 persoluendis
1720 1576 1729 1586 ·
1770 1549 2077 1612 presentibus
2114 1549 2199 1597 fibi

123 1640 352 1689 valituris
378 1640 532 1704 usque
559 1640 678 1688 dum
714 1640 768 1688 in
793 1640 969 1689 eadem
1004 1640 1150 1705 pecia
1180 1648 1314 1690 terre
1340 1641 1513 1690 domos
1551 1657 1642 1706 pro
1668 1640 1754 1690 vsu
1791 1641 1958 1690 nostro
1996 1644 2199 1707 proprio

126 1733 362 1783 edificare
387 1733 763 1783 decreuerimus
798 1771 809 1782 .
838 1770 850 1782 .
879 1770 891 1781 .
926 1732 1117 1782 Datum
1143 1733 1278 1799 apud
1299 1733 1641 1782 Abirbrothoc
1666 1733 1746 1782 die
1775 1732 1979 1783 Sabbati
2002 1734 2055 1782 in
2080 1734 2200 1782 festo

128 1827 297 1878 Sancti
322 1827 576 1876 Dunstani
603 1826 819 1892 episcopi
846 1835 896 1876 et
922 1826 1208 1876 confessoris
1233 1845 1365 1877 anno
1390 1828 1560 1893 gracie
1584 1833 1652 1876 m⁰
1678 1834 1782 1878 ccc⁰
1803 1837 1934 1877 xxx0.

129 2090 306 2163 Carta
330 2111 604 2160 tenementi
630 2111 692 2160 de
718 2111 892 2159 Perth.

49 2302 78 2345 s
133 2275 400 2351 Omnibus
438 2334 449 2346 .
489 2335 500 2345 .
542 2334 553 2345 .
590 2296 851 2346 Ga1fridus
890 2334 901 2345 .
942 2335 953 2345 .
994 2334 1005 2345 .
1039 2297 1188 2345 abbas
1214 2297 1275 2345 de
1300 2295 1643 2345 Abirbrothoc
1682 2332 1693 2344 .
1731 2333 1742 2344 .
1780 2333 1791 2343 .
1832 2296 2088 2345 Noueritis
2112 2314 2201 2345 nos

250 2428 262 2439 .
306 2391 371 2439 ad
402 2390 746 2440 feodofirmam
771 2389 1000 2439 dimififfe
1025 2389 1193 2439 Alano
1218 2389 1280 2437 de
1317 2387 1551 2454 Brechyn
1590 2387 1821 2454 burgenfi
1859 2389 1921 2438 de
1959 2388 2114 2438 Perth
2153 2399 2202 2438 et

132 2484 400 2534 heredibus
424 2484 521 2533 suis
546 2491 731 2533 terram
769 2483 991 2533 nostram
1026 2483 1159 2533 infra
1194 2483 1373 2533 toftum
1409 2483 1631 2531 nostrum
1678 2519 1689 2531 .
1737 2520 1748 2532 .
1796 2520 1806 2531 .
1853 2490 1996 2532 extra
2019 2484 2201 2532 dietum

132 2578 343 2643 burgum
371 2577 503 2626 inter
528 2577 651 2626 duas
675 2584 845 2642 portas
869 2578 1002 2641 quod
1025 2584 1235 2627 vocatur
1258 2576 1840 2626 Merkarrawiacentem
1865 2577 1996 2626 inter
2018 2585 2201 2626 terram

135 2670 418 2720 Alexandri
447 2670 648 2737 Downy
674 2688 821 2736 quam
848 2672 909 2720 de
935 2670 1079 2720 nobis
1103 2677 1241 2720 tenet
1265 2687 1326 2719 ex
1350 2677 1493 2734 parte
1519 2669 1751 2719 orientali
1777 2686 1837 2718 ex
1861 2677 2003 2735 parte
2031 2688 2128 2718 vna
2154 2679 2201 2717 et

133 2773 320 2813 terram
343 2765 568 2829 priorisse
588 2772 638 2814 et
657 2764 881 2814 sororum
903 2763 1072 2815 Sanffi
1090 2763 1344 2813 Leonardi
1369 2764 1652 2813 tenencium
1679 2762 1957 2812 nostrarum
1977 2780 2036 2812 ex
2062 2772 2201 2827 parte

136 2857 435 2906 occidentali
460 2875 519 2906 ex
546 2857 705 2906 altera
742 2896 753 2906 .
794 2898 801 2904 .
846 2895 856 2906 .
897 2857 1193 2907 Tenendam
1232 2894 1242 2905 .
1284 2893 1294 2904 .
1336 2893 1347 2904 .
1384 2857 1438 2905 in
1462 2856 1621 2905 libero
1645 2855 1887 2920 burgagio
1922 2893 1932 2902 .
1974 2893 1984 2904 .
2022 2893 2033 2904 .
2070 2855 2201 2903 salua

135 2949 279 2998 nobis
303 2951 567 3015 regalitate
611 2989 621 2999 .
658 2989 668 2999 .
705 2988 716 3000 .
758 2951 1038 3001 Reddendo
1072 2989 1083 3000 .
1119 2988 1130 2999 .
1167 2989 1178 3000 .
1216 2950 1390 2998 decem
1416 2956 1466 2998 et
1492 2950 1602 2996 05120
1640 2947 1819 2996 solidos
1855 2946 2200 3011 sterlingorum

135 3042 199 3090 ad
224 3042 463 3092 terminos
488 3042 842 3094 Penthecostes
868 3052 918 3093 et
945 3043 1115 3094 saneti
1141 3042 1354 3093 Martini
1377 3042 1430 3091 in
1456 3042 1634 3108 hyeme
1674 3078 1685 3089 .
1725 3079 1735 3089 .
1778 3079 1788 3089 .
1829 3048 1878 3090 et
1901 3041 2198 3088 inueniendo

134 3134 277 3182 nobis
317 3142 366 3183 et
408 3134 588 3184 nostris
624 3136 1059 3200 quocienscunque
1106 3135 1226 3186 illuc
1266 3136 1548 3184 venerimus
1590 3133 1849 3182 honestum
1889 3131 2196 3194 hostilagium

138 3265 147 3274 .
185 3266 195 3275 .
233 3265 243 3275 .
280 3228 351 3277 ita
376 3230 509 3292 quod
546 3266 556 3278 .
594 3265 603 3276 .
642 3267 653 3278 .
691 3230 833 3279 nobis
858 3238 908 3280 et
930 3229 1109 3278 nostris
1147 3267 1157 3278 .
1197 3267 1206 3277 .
1245 3266 1256 3277 .
1290 3229 1352 3276 de
1378 3227 1604 3276 omnibus
1629 3226 1693 3274 ad
1716 3224 2025 3288 hostilagium
2050 3222 2197 3285 perti-
