2762 3834
613 332 1038 413 REGISTRUM
1070 363 1168 415 DE
1204 363 1754 415 ABERBROTHoc.
2114 371 2207 423 193

164 493 322 541 suetos
356 520 365 530 ·
401 509 594 541 necnon
620 512 711 558 pro
735 496 1020 544 molendino
1060 536 1069 545 .
1108 536 1116 545 .
1155 536 1164 545 .
1209 505 1257 546 et
1294 497 1607 558 multurissst
1641 498 1953 547 libertatibus
1993 499 2206 548 eiusdem

164 623 173 632 .
210 622 220 632 .
259 623 269 633 .
306 583 564 632 tresdecim
588 585 766 633 solidos
791 594 840 635 et
864 596 1075 650 quatuor
1100 589 1329 638 denarios
1354 590 1531 638 vsualis
1557 597 1752 639 monete
1777 592 1919 656 regni
1945 591 2117 641 Scocie
2143 593 2206 640 ad

163 678 284 724 duos
316 676 432 723 anni
471 676 708 723 terminos
742 715 751 724 .
790 716 799 725 .
838 716 846 725 .
885 686 933 726 et
969 680 1090 727 duas
1126 681 1318 730 celdras
1353 682 1538 730 farrine
1575 683 1832 731 auenatice
1868 691 1917 733 et
1953 683 2206 738 dimidiam

163 767 379 815 celdram
405 767 532 814 ordii
556 766 781 814 mensure
806 769 1026 831 predicte
1049 787 1140 833 pro
1165 772 1367 820 decimis
1391 773 1673 836 garbalibus
1709 774 1921 823 eiusdem
1955 803 1966 813 ·
2002 783 2051 823 et
2093 814 2101 823 .
2147 815 2155 823 .
2197 815 2205 823 .

161 859 303 907 liberi
348 865 494 906 erunt
535 859 597 906 ab
640 858 870 905 oneribus
915 897 925 906 .
970 898 978 906 .
1023 898 1032 907 .
1075 860 1456 910 husbandalibus
1498 903 1506 911 .
1552 903 1560 912 .
1604 903 1613 912 .
1657 872 1863 928 excepto
1911 866 2044 929 quod
2087 905 2095 913 .
2140 905 2148 913 .
2193 905 2202 914 .

162 939 471 999 communem
497 950 674 998 sedam
699 966 790 1013 pro
817 949 959 997 diffis
986 951 1130 999 terris
1156 953 1218 999 ad
1244 954 1431 1002 curiam
1454 957 1670 1004 nostram
1695 956 2047 1020 presentabunt
2091 997 2100 1005 .
2141 997 2150 1005 .
2194 996 2203 1006 .

161 1044 224 1090 Et
266 1081 275 1090 .
321 1070 335 1090 ,ι
375 1081 383 1090 .
428 1041 743 1090 concedimus
777 1041 907 1089 dicto
933 1041 1222 1091 Alexandro
1257 1051 1305 1092 et
1338 1045 1431 1093 suis
1467 1045 1714 1111 affignatis
1756 1087 1764 1096 .
1810 1087 1818 1095 .
1863 1087 1872 1096 .
1915 1048 2204 1112 potestatem

208 1173 216 1182 .
254 1172 264 1181 .
302 1133 635 1182 inhabitantes
671 1133 722 1180 in
760 1132 900 1181 dietis
933 1133 1080 1181 terris
1113 1150 1224 1181 cum
1248 1135 1532 1184 molendino
1557 1138 1826 1187 inducendi
1851 1148 1900 1188 et
1924 1140 2205 1204 expellendi

160 1225 335 1289 eosque
360 1225 644 1290 corrigendi
690 1262 700 1272 .
747 1262 758 1272 .
806 1261 815 1271 .
857 1223 1088 1272 in'caufis
1123 1227 1336 1290 propriis
1372 1227 1706 1278 iurisdictione
1736 1231 2008 1294 regalitatis
2040 1229 2204 1280 nostre

162 1357 171 1366 .
216 1357 225 1367 .
269 1357 279 1367 .
323 1318 511 1382 semper
548 1318 684 1367 salua
720 1344 731 1355 ·
769 1316 1006 1365 Preterea
1040 1334 1139 1365 non
1176 1317 1348 1366 licebit
1385 1320 1513 1367 dicto
1551 1320 1837 1370 Alexandro
1879 1359 1890 1370 .
1933 1358 1946 1371 .
1991 1359 2002 1370 .
2046 1334 2204 1373 terras

160 1429 269 1460 cum
309 1410 594 1459 molendino
637 1417 686 1458 et
727 1409 930 1458 decimis
979 1447 990 1457 .
1042 1446 1052 1456 .
1107 1447 1117 1457 .
1167 1409 1315 1458 alicui
1357 1410 1563 1474 persone
1605 1413 1803 1462 maioris
1846 1415 1997 1462 status
2036 1423 2204 1479 preter

158 1504 320 1569 proles
359 1503 580 1552 carnales
617 1503 843 1567 proprias
883 1502 1140 1551 masculini
1171 1502 1311 1550 sexus
1350 1539 1361 1549 .
1400 1539 1410 1549 .
1451 1503 1714 1552 saffedare
1753 1543 1763 1553 .
1804 1543 1813 1553 .
1856 1542 1866 1553 .
1903 1506 2001 1554 fine
2039 1507 2205 1556 nostra

158 1596 370 1644 licencia
403 1633 414 1644 .
455 1633 465 1643 .
507 1633 517 1643 .
553 1593 817 1643 husbandis
848 1602 897 1643 et
927 1594 1126 1643 cotariis
1156 1595 1398 1643 duntaxat
1427 1595 1644 1659 exceptis
1682 1632 1693 1642 .
1735 1632 1746 1644 .
1786 1633 1797 1644 .
1835 1597 1986 1661 Apud
2019 1601 2204 1647 monas-

158 1688 337 1736 terium
372 1725 382 1735 .
418 1726 426 1735 .
464 1727 472 1735 .
510 1686 671 1750 primo
697 1686 776 1734 die
801 1685 976 1734 mensis
1002 1686 1126 1752 May
1151 1703 1281 1735 anno
1306 1685 1513 1735 Domini
1538 1687 1791 1735 millefimo
1821 1695 1955 1737 cccc⁰
1980 1690 2204 1754 oetuage-

157 1779 273 1827 fimo
298 1779 465 1828 tercio.

155 2029 368 2100 Littera
392 2049 636 2114 penfionis
661 2050 775 2098 date
800 2049 1032 2115 magistro
1057 2048 1091 2097 J
1094 2049 1248 2097 acobo
1273 2048 1559 2113 Dowglace.

50 2253 59 2263 ·
140 2209 433 2282 ⁴[lniuerfis
468 2230 687 2296 pateat‘.
728 2269 737 2279 .
779 2270 787 2279 .
830 2247 919 2279 nos
955 2230 1261 2278 Willelmum
1299 2268 1309 2278 .
1351 2267 1361 2278 .
1403 2270 1412 2279 .
1450 2231 1676 2279 abbatem
1714 2267 1724 2277 .
1764 2268 1774 2278 .
1816 2269 1826 2278 .
1864 2232 1924 2279 de
1962 2231 2200 2280 Abirbro-

157 2323 270 2371 thoc
309 2360 319 2371 .
354 2361 365 2371 .
402 2360 412 2371 .
451 2322 725 2372 conceffifl‘e
753 2361 763 2370 .
792 2360 802 2370 .
831 2359 841 2370 .
869 2321 1048 2370 dilecto
1073 2321 1237 2370 nostro
1263 2323 1445 2371 clerico
1469 2322 1701 2387 magistro
1725 2322 1761 2370 J
1763 2323 1915 2371 acobo
1940 2315 2199 2389 Douglace

158 2432 303 2464 vnam
328 2433 542 2477 annuam
566 2414 845 2478 penfionem
874 2413 1060 2479 vigenti
1092 2430 1371 2463 marcarum
1408 2413 1584 2462 vsualis
1617 2421 1812 2462 monete
1850 2414 1992 2478 regni
2029 2414 2199 2463 Scocie

156 2525 246 2572 pro
269 2509 366 2557 suis
392 2509 527 2557 fideli
550 2508 756 2557 seruicio
782 2506 983 2557 oonsilio
1008 2505 1193 2555 auxilio
1219 2513 1268 2554 et
1291 2506 1542 2555 laboribus
1567 2505 1708 2553 nobis
1747 2543 1757 2553 .
1799 2543 1809 2553 .
1851 2543 1860 2553 .
1898 2506 2126 2570 impenfis
2151 2516 2198 2555 et

158 2603 403 2667 fignanter
425 2619 516 2667 pro
542 2601 863 2666 expedicione
896 2617 1024 2648 noue
1060 2598 1356 2663 prouifionis
1380 2598 1544 2646 nostre
1570 2598 1631 2645 de
1655 2597 1879 2646 Romana
1915 2599 2054 2647 curia
2089 2637 2099 2646 .
2138 2637 2148 2646 .
2186 2637 2195 2646 .

158 2694 365 2743 termino
390 2695 622 2743 introitus
663 2731 673 2741 .
720 2731 730 2741 .
780 2730 790 2740 .
832 2692 1102 2756 incipiente
1126 2691 1178 2738 in
1203 2690 1324 2739 festo
1360 2688 1528 2739 83.ῃὲὶί
1560 2688 1769 2737 Martini
1804 2690 1967 2738 datam
2003 2692 2196 2754 presen-

159 2786 286 2835 cium
310 2787 591 2835 immediate
616 2786 846 2849 sequente
871 2812 881 2823 ·
909 2783 1275 2848 Quamquidem
1299 2782 1534 2829 summam
1567 2818 1578 2828 .
1607 2817 1618 2828 .
1646 2817 1656 2827 .
1691 2780 1964 2845 obligamus
1988 2799 2076 2829 nos
2103 2819 2114 2829 .
2144 2819 2154 2829 .
2184 2820 2193 2829 .

156 2877 342 2926 soluere
380 2916 391 2927 .
430 2916 442 2927 .
482 2916 492 2927 .
531 2879 691 2927 eidem
729 2915 740 2925 .
780 2914 790 2925 .
831 2915 842 2925 .
880 2877 944 2924 ad
979 2876 1102 2924 duos
1138 2875 1257 2923 anni
1292 2872 1527 2921 terminos
1558 2871 1745 2921 vsuales
1789 2909 1799 2919 .
1839 2908 1851 2919 .
1892 2909 1902 2920 .
1946 2873 2193 2935 quousque

156 2986 245 3033 per
266 2987 356 3018 nos
385 2970 543 3019 eidem
582 3008 592 3018 .
634 3007 644 3018 .
690 3007 700 3017 .
737 2968 988 3033 prouisum
1023 2967 1174 3015 fuerit
1209 2967 1270 3014 de
1308 2965 1524 3014 vberiori
1559 2963 1798 3012 beneficio
1840 2991 1849 3000 ·
1886 2963 2072 3012 Datum
2108 2965 2192 3011 sub

158 3061 310 3127 figillo
344 3063 510 3111 nostro
547 3062 795 3111 communi
830 3061 963 3125 apud
998 3060 1178 3107 dietum
1210 3056 1559 3105 monasterium
1595 3057 1726 3104 sexto
1751 3055 1830 3103 die
1855 3054 2027 3103 mensis
2051 3054 2191 3103 Junii

159 3170 285 3202 anno
310 3154 516 3203 Domini
540 3159 607 3201 m⁰
631 3159 765 3202 cccc⁰
786 3151 921 3199 lxxx⁰
942 3155 1002 3200 3⁰.

1130 3237 1160 3280 2
1187 3249 1214 3279 B
