2586 3834
236 787 332 830 535

236 1603 457 1652 536..

238 2691 331 2743 537

382 384 478 427 420
828 374 1249 426 REGISTRUM
1282 373 1379 422 DE
1417 370 1972 423 ABERBROTHOC.

392 576 718 666 [Commiffio
743 600 803 646 (16
830 599 974 646 terris
999 598 1059 644 de
1086 594 1478 660 Kennymekyl.]

384 761 594 830 Vltimo
635 778 927 828 Decembris
971 793 1101 825 anno
1142 775 1349 823 Domini
1390 774 1645 822 millesimo
1693 774 2082 840 quingentesimo
2132 777 2421 826 duodecimo

384 871 644 921 commistio
685 871 810 918 facta
847 869 932 916 sub
974 867 1129 932 figillo
1173 865 1422 914 communi
1463 865 1631 914 versus
1669 864 1931 931 Edinburg
1971 883 2123 931 penes
2166 869 2422 917 materiam

382 961 701 1011 debatabilem
729 961 790 1008 (16
815 960 961 1008 terris
986 959 1047 1007 (16
1073 957 1429 1023 Kennymekyl
1452 957 1585 1006 inter
1607 958 1771 1006 locum
1796 966 1845 1007 et
1868 958 2114 1008 Jacobum
2140 959 2418 1026 Ochirlony

381 1056 441 1102 (16
467 1052 615 1117 Kelly
633 1081 643 1091 ·
664 1051 883 1100 Nomina
904 1048 1336 1099 commifl'ariorum
1357 1078 1367 1088 ·
1385 1049 1550 1097 Adam
1573 1049 1848 1114 Hepburne
1865 1078 1875 1088 ·
1898 1051 2128 1116 magister
2144 1051 2423 1100 Willelmus

385 1145 499 1194 Scot
524 1171 533 1181 ·
558 1143 787 1208 magister
805 1143 841 1191 J
843 1143 1024 1190 acobus
1050 1141 1300 1190 Henrison
1327 1170 1336 1179 ·
1364 1140 1597 1205 magister
1617 1141 1899 1190 Willelmus
1920 1142 2097 1207 Layng
2122 1172 2132 1181 ·
2160 1159 2270 1190 cum
2296 1143 2420 1191 aliis.

382 1400 592 1485 Quarta
614 1438 728 1485 pars
754 1422 814 1468 de
839 1421 884 1469 16
911 1420 1092 1484 Manys
1117 1420 1178 1467 (16
1203 1419 1339 1483 Athy
1367 1416 1608 1465 affedatur
1637 1417 1859 1482 Georgio
1885 1418 2130 1484 Lychton.

515 1641 525 1652 .
581 1603 755 1652 Pateat
799 1641 809 1651 .
854 1641 863 1650 .
906 1643 914 1651 .
957 1620 1047 1650 nos
1097 1601 1371 1665 Georgium
1414 1598 1553 1664 [etc.]
1599 1636 1609 1647 .
1651 1639 1659 1647 .
1704 1637 1714 1647 .
1761 1599 1986 1649 affedaffe
2029 1640 2037 1648 .
2091 1639 2100 1648 .
2152 1641 2160 1649 .
2205 1602 2421 1666 Georgio

383 1695 610 1761 Lychton
647 1703 695 1743 et
730 1694 946 1760 Alysone
985 1694 1118 1759 Boys
1152 1693 1322 1758 sponse
1357 1693 1438 1740 sue
1481 1728 1491 1738 .
1532 1728 1541 1738 .
1583 1728 1593 1738 .
1631 1707 1722 1754 pro
1759 1699 1863 1741 toto
1899 1700 2119 1757 tempore
2158 1693 2255 1741 vite
2297 1731 2307 1741 .
2353 1732 2362 1742 .
2410 1733 2419 1742 .

383 1794 606 1849 quartam
641 1793 831 1850 partem
869 1785 984 1833 ville
1019 1783 1184 1832 nostre
1221 1784 1282 1831 (16
1313 1783 1359 1830 16
1396 1782 1579 1847 Manys
1605 1783 1666 1830 de
1692 1782 1832 1848 Athy
1859 1800 1970 1831 cum
1995 1783 2117 1833 tofto
2143 1792 2191 1832 et
2217 1785 2422 1833 edificiis

385 1916 394 1925 .
439 1914 449 1924 .
491 1914 501 1924 .
547 1876 793 1926 Soluendo
834 1913 844 1923 .
886 1914 894 1923 .
938 1914 946 1923 .
990 1875 1256 1923 ofitodecim
1294 1875 1449 1923 bollas
1475 1882 1524 1923 et
1548 1883 1648 1923 tres
1683 1875 1870 1923 firlotas
1906 1877 2076 1924 mundi
2102 1877 2212 1924 ficci
2239 1886 2287 1926 et
2311 1878 2422 1941 puri

384 1968 616 2016 frumenti
642 1984 785 2015 vnam
810 1967 989 2015 bollam
1016 1984 1125 2015 cum
1152 1967 1357 2015 dimidia
1392 1967 1501 2014 albe
1537 1966 1697 2014 farine
1735 1974 1783 2014 et
1819 1966 1997 2031 viginti
2033 1967 2210 2015 solidos
2248 1968 2422 2016 vsualis

382 2065 578 2106 monete
606 2057 777 2106 Scocie
821 2095 831 2105 .
878 2095 887 2104 .
934 2095 944 2105 .
990 2075 1101 2106 cum
1125 2058 1206 2106 sex
1231 2058 1502 2122 caponibus
1527 2065 1577 2106 et
1601 2058 1807 2106 totidem
1837 2058 1984 2122 pullis
2009 2058 2189 2107 adultis
2214 2067 2263 2107 et
2306 2096 2315 2106 .
2357 2097 2366 2106 .

384 2150 491 2197 aliis
526 2149 887 2197 husbandorum
924 2149 1155 2197 oneribus
1210 2187 1220 2197 .
1277 2187 1288 2197 .
1351 2188 1359 2197 .
1418 2151 1613 2199 06111116
1656 2151 1736 2199 (116
1777 2150 1953 2199 mentis
1992 2150 2250 2199 Februarii
2292 2168 2422 2199 anno

382 2240 587 2288 Domini
612 2238 864 2288 millefimo
891 2240 1278 2305 quingentesimo
1304 2242 1613 2290 duodecimo.

383 2490 689 2561 Innerkelor
715 2515 955 2563 affedatur
982 2516 1210 2566 Gilberto
1237 2518 1436 2567 Straton
1463 2518 1649 2566 vicario
1675 2519 1903 2567 eiusdem,

388 2727 398 2736 .
442 2727 451 2737 .
496 2727 507 2737 .
544 2691 717 2740 Pateat
752 2732 760 2741 .
800 2733 807 2740 .
847 2733 854 2741 .
892 2712 982 2743 nos
1020 2696 1294 2762 Georgium
1322 2698 1457 2763 [etc.]
1498 2740 1506 2748 .
1546 2740 1554 2748 .
1594 2741 1602 2749 .
1641 2699 1866 2749 affedafl'e
1904 2741 1912 2748 .
1950 2740 1958 2749 .
1998 2740 2007 2750 .
2044 2703 2278 2766 magistro
2318 2702 2421 2750 Gil-

385 2781 525 2829 berto
552 2781 781 2831 Stratone
806 2793 855 2832 et
877 2785 972 2833 suis
997 2786 1242 2851 aflignatis
1281 2825 1291 2836 .
1333 2827 1342 2836 .
1384 2828 1393 2838 .
1432 2792 1696 2840 dummodo
1732 2793 2055 2842 admittantur
2077 2810 2167 2856 per
2190 2810 2279 2841 nos
2315 2831 2325 2841 .
2364 2832 2371 2841 .
2411 2833 2419 2841 .

387 2881 436 2920 et
473 2889 571 2919 non
617 2872 708 2921 fint
749 2875 946 2923 maioris
987 2876 1137 2925 status
1178 2895 1323 2941 quam
1362 2881 1462 2944 ipse
1498 2922 1507 2930 .
1545 2922 1553 2931 .
1592 2923 1600 2931 .
1639 2900 1729 2947 pro
1772 2891 1876 2933 toto
1918 2891 2138 2947 tempore
2183 2885 2280 2933 vite
2317 2923 2325 2931 .
2363 2923 2371 2932 .
2410 2923 2419 2931 .

387 2971 543 3011 terras
583 2964 643 3011 de
685 2963 1012 3014 Innerkelour
1054 2969 1115 3016 (16
1155 2969 1202 3017 16
1248 2970 1479 3035 Kyrkton
1530 3012 1538 3021 .
1590 3012 1600 3022 .
1651 3013 1659 3021 .
1717 2973 1850 3038 [cum
1893 2974 2098 3022 decimis
2140 2974 2420 3039 garbalibus

388 3054 655 3102 earundem
692 3094 699 3102 .
739 3095 747 3103 .
786 3096 794 3103 .
834 3074 943 3104 cum
964 3058 1166 3106 decimis
1180 3061 1463 3123 garbalibus
1480 3064 1540 3111 de
1557 3065 1849 3114 Ananstone
1886 3106 1893 3114 .
1933 3106 1941 3114 .
1980 3066 2013 3131 .]
2049 3067 2419 3131 quibusquidem

387 3144 531 3192 terris
563 3152 610 3192 et
642 3146 844 3193 decimis
881 3186 887 3194 .
926 3187 933 3195 .
974 3187 981 3194 .
1019 3150 1265 3212 gaudebat
1302 3188 1311 3197 .
1354 3189 1363 3199 .
1405 3190 1414 3199 .
1455 3171 1564 3202 cum
1596 3158 1836 3219 potestate
1867 3159 2154 3224 imponendi
2186 3167 2233 3207 et
2258 3159 2419 3222 expel-
