2762 3834
23 1786 27 1874 i

597 352 1020 404 REGISTRUM
1054 354 1151 403 DE
1187 354 1745 411 ABERBROTHOC.
2094 373 2189 416 383

156 552 510 643 [Constitucio
537 578 848 627 commissarii
872 595 964 643 pro
988 579 1309 645 burgensibus
1334 585 1563 634 creandis
1586 586 1639 634 in
1663 588 1822 653 burgo
1849 588 1909 636 de
1937 587 2140 655 Torre.]

38 769 97 813 80
149 739 558 813 Memorandum
606 762 738 825 quod
787 761 1130 811 constituimus
1178 764 1484 815 Willelmum
1531 767 1747 818 Rolland
1793 772 2083 835 burgensem
2132 774 2192 820 de

43 1690 96 1735 81

147 853 454 919 Abbyrdene
491 853 712 902 nostrum
749 852 989 902 balliuum
1032 862 1080 902 et
1123 857 1498 908 commiss'arium
1533 861 1618 909 sub
1653 861 1810 927 figillo
1847 866 2095 913 communi
2131 867 2192 913 ad

147 945 480 994 accedendum
519 945 582 994 ad
616 945 829 1010 burgum
867 944 1087 994 nostrum
1123 948 1185 996 de
1223 948 1386 999 Torre
1421 952 1617 1001 nouiter
1656 957 1870 1003 erastum
1908 972 1966 1004 ac
2006 956 2189 1004 ibidem

146 1054 300 1086 nouos
323 1038 590 1102 burgenses
615 1038 886 1086 creandum
909 1055 968 1087 ac
994 1039 1355 1091 admittendum
1383 1045 1561 1094 creatis
1593 1054 1642 1094 et
1677 1045 1886 1095 admiffis
1922 1048 2189 1112 perticatas

146 1133 227 1180 seu
261 1131 411 1180 rudas
448 1131 594 1180 crofti
631 1130 777 1196 ipfius
803 1131 864 1180 de
892 1130 1054 1180 Torre
1091 1131 1447 1197 disponendum
1483 1153 1574 1200 pro
1610 1137 1707 1185 loci
1745 1137 1953 1187 vtilitate
1992 1168 2002 1177 ·
2043 1139 2192 1187 Anno

146 1223 351 1272 Domini
375 1222 631 1272 millesimo
657 1223 1049 1289 quingentesimo
1074 1242 1222 1274 nono.

149 1476 322 1563 Carta
345 1498 587 1547 Willelmi
611 1497 644 1547 J
649 1499 885 1547 amesone.

152 1662 412 1736 Omnibus
457 1724 466 1733 .
511 1724 521 1733 .
564 1724 573 1733 .
616 1685 864 1751 Georgius
901 1723 911 1734 .
950 1724 959 1734 .
998 1723 1008 1733 .
1046 1686 1197 1735 abbas
1222 1687 1282 1735 de
1307 1686 1533 1735 Arbroth
1558 1687 1759 1736 ialutem
1798 1726 1808 1735 .
1849 1728 1856 1735 .
1892 1726 1901 1735 .
1940 1687 2194 1736 Noueritis

149 1793 237 1825 nos
278 1814 289 1825 .
330 1815 339 1825 .
383 1816 392 1825 .
431 1776 614 1826 dedisse
652 1815 663 1826 .
705 1815 715 1826 .
755 1818 764 1827 .
802 1777 1058 1827 Willelmo
1082 1777 1316 1827 Jameson
1342 1778 1603 1827 duodecim
1627 1778 1894 1842 perticatas
1930 1779 2010 1827 seu
2046 1780 2193 1827 rudas

78 1886 85 1890 ·
151 1877 393 1918 terrarum
418 1869 696 1919 nostrarum
731 1870 1008 1919 iacencium
1031 1870 1084 1919 in
1109 1871 1268 1936 burgo
1305 1870 1470 1919 nostro
1507 1871 1568 1918 de
1607 1869 1768 1919 Torre
1804 1887 1863 1919 ex
1900 1871 2193 1919 occidentali

150 1971 288 2027 parte
316 1963 461 2012 crofti
500 1962 715 2013 Cristine
740 1962 934 2012 Wilson
959 1964 1020 2013 ab
1046 1981 1144 2013 vna
1168 1970 1217 2012 et
1242 1971 1425 2012 terram
1461 1962 1631 2028 Egidii
1670 1961 1867 2011 Hunter
1903 1963 1963 2010 ab
1999 1962 2195 2010 australi

150 2055 370 2119 partibus
408 2056 470 2104 ab
508 2055 667 2104 altera
707 2064 756 2104 et
795 2056 1046 2120 porticum
1082 2056 1285 2104 nauium
1322 2056 1488 2104 versus
1525 2055 1689 2103 oriens
1730 2081 1740 2091 ·
1784 2054 2046 2104 Tenendas
2085 2094 2094 2102 .
2136 2095 2144 2102 .

150 2148 340 2211 prefato
363 2147 618 2196 Willelmo
654 2155 703 2196 et
741 2147 957 2198 Cristine
983 2148 1148 2197 Traill
1184 2148 1352 2213 sponse
1390 2148 1470 2196 sue
1508 2147 1743 2195 moderne
1782 2185 1793 2195 .
1833 2183 1844 2195 .
1886 2183 1897 2193 .
1933 2145 2193 2194 heredibus

151 2239 244 2288 suis
281 2249 330 2289 et
370 2240 620 2304 affignatis
661 2240 904 2305 legittime
941 2241 1074 2290 inter
1112 2257 1195 2290 eos
1236 2239 1507 2305 procreatis
1552 2277 1562 2286 .
1603 2277 1612 2286 .
1652 2277 1662 2287 .
1700 2239 1876 2301 quibus
1913 2238 2039 2286 forte
2078 2239 2191 2285 defi-

153 2331 392 2381 cientibus
412 2332 679 2381 heredibus
695 2332 813 2380 dieti
828 2333 1069 2381 Willelmi
1085 2332 1454 2397 quibuscunque
1487 2370 1495 2379 .
1535 2369 1544 2378 .
1583 2369 1591 2377 .
1629 2331 1680 2377 in
1697 2329 1840 2377 feodo
1856 2336 1904 2377 et
1918 2329 2191 2377 hereditate

153 2440 209 2471 ac
249 2423 404 2473 libero
446 2424 688 2490 burgagio
724 2424 1088 2489 imperpetuum
1127 2463 1136 2471 .
1176 2461 1185 2470 .
1222 2463 1229 2470 .
1274 2423 1548 2473 Reddendo
1591 2462 1600 2470 .
1644 2460 1653 2470 .
1698 2461 1705 2469 .
1749 2422 1830 2469 sex
1871 2420 2048 2468 solidos
2085 2459 2092 2467 .
2134 2461 2141 2467 .
2181 2459 2189 2467 .

153 2524 344 2564 monete
372 2515 546 2566 Scocie
579 2517 643 2565 ad
687 2554 697 2564 .
741 2555 750 2565 .
796 2555 804 2565 .
847 2517 972 2566 festa
1012 2556 1021 2565 .
1066 2555 1075 2565 .
1119 2555 1128 2566 .
1172 2514 1520 2565 Penthecostes
1553 2522 1601 2562 et
1636 2512 1800 2562 Sancti
1829 2512 2036 2560 Martini
2077 2553 2085 2560 .
2130 2551 2139 2559 .

151 2625 208 2656 ac
231 2608 458 2657 faciendo
484 2610 745 2658 seruicium
769 2610 1062 2675 burgagium
1096 2608 1317 2658 debitum
1343 2615 1391 2656 et
1415 2606 1698 2655 consuetum
1729 2612 1919 2653 tantum
1962 2642 1971 2650 .
2019 2642 2028 2651 .
2074 2642 2084 2651 .
2131 2604 2189 2651 In

155 2700 288 2749 cuius
334 2701 408 2750 rei
456 2702 790 2751 testimonium
849 2701 1059 2767 sigillum
1119 2716 1378 2750 commune
1437 2697 1641 2762 capituli
1686 2695 1837 2744 nostri
1887 2703 1936 2744 et
1982 2695 2187 2760 figillum

155 2790 453 2841 honorabilis
490 2793 585 2842 viri
617 2793 858 2842 Willelmi
896 2793 1120 2842 Rowand
1161 2791 1334 2841 balliui
1374 2788 1527 2838 nostri
1569 2788 1754 2836 datoris
1796 2785 1945 2834 safine
1981 2787 2192 2850 presenti

156 2889 287 2931 carte
333 2884 443 2933 sunt
491 2884 706 2949 appensa
746 2902 958 2934 vnacum
1004 2884 1358 2948 subscriptione
1405 2890 1455 2931 et
1501 2881 1636 2945 figno
1683 2867 1903 2944 magistri
1949 2878 2192 2926 Johannis

157 2972 398 3024 Merchell
420 2976 603 3025 notarii
627 2976 813 3041 publici
837 2977 901 3024 ad
925 2976 1020 3024 hoc
1044 2975 1322 3040 specialiter
1356 2973 1519 3038 rogati
1545 2979 1594 3020 et
1620 2970 1781 3019 vocati
1817 2970 1948 3033 apud
1984 2971 2187 3033 burgum

157 3065 371 3116 nostrum
407 3069 468 3117 de
506 3068 667 3118 Torre
704 3075 818 3118 xxv‘
842 3069 922 3117 die
957 3067 1133 3117 mensis
1170 3066 1295 3115 Maii
1332 3081 1461 3114 anno
1487 3062 1690 3111 Domini
1717 3068 1782 3109 m⁰
1806 3060 2189 3124 quingentesimo

158 3171 301 3205 nono,
