2762 3834
467 965 555 1009 211

613 387 705 431 184
1054 371 1475 428 REGISTRUM
1508 370 1605 422 DE
1641 366 2194 419 ABERBROTHOC.

613 582 821 655 Modus
845 608 894 650 et
917 600 1073 648 forma
1104 596 1354 645 electionis
1390 591 1576 641 domini
1600 590 1841 639 Willelmi
1879 590 2076 655 Bonkyl
2109 591 2338 655 monachi
2363 591 2555 656 profefli
2580 593 2641 641 de

612 691 946 743 Abirbrothoc
986 690 1038 736 in
1079 688 1302 735 abbatem
1344 683 1558 732 eiusdem
1596 699 1684 746 per
1725 683 1855 731 viam
1896 681 2109 748 Spiritus
2148 682 2311 732 Sanffi
2349 686 2524 733 o&aua
2561 685 2641 733 die

612 782 783 833 mensis
807 780 1017 845 Augusti
1040 794 1169 827 anno
1194 776 1399 826 Domini
1423 781 1491 823 m⁰
1515 779 1649 824 cccc⁰
1672 773 1852 822 lxxxii⁰.

613 941 685 1011 In
710 960 908 1009 nomine
931 958 1105 1008 Sancte
1125 964 1173 1005 et
1197 955 1462 1005 Indiuidue
1482 954 1746 1003 Trinitatis
1763 953 1927 1004 Patris
1951 962 2000 1004 et
2024 954 2140 1004 Filii
2165 963 2215 1005 et
2241 954 2453 1021 Spiritus
2480 956 2644 1007 Sanffi

614 1070 754 1101 amen
784 1081 794 1091 ·
831 1049 1080 1099 Nouerint
1101 1046 1312 1096 vniuerfi
1336 1085 1348 1096 .
1374 1084 1384 1095 .
1413 1033 1427 1094 ¹.
1461 1046 1593 1110 quod
1617 1058 1727 1095 cum
1753 1046 1814 1095 de
1838 1063 1969 1095 anno
2000 1085 2010 1096 .
2048 1086 2057 1095 .
2094 1084 2105 1095 .
2139 1047 2393 1097 millefimo
2412 1044 2643 1113 quadrina

613 1142 876 1209 gentefimo
899 1139 1220 1205 octuagesimo
1239 1138 1450 1187 secundo
1471 1166 1481 1177 ·
1499 1137 1767 1186 indiffione
1787 1138 1980 1187 decima
1998 1138 2172 1202 quinta
2195 1166 2207 1178 ·
2232 1139 2313 1188 die
2332 1155 2451 1188 uero
2471 1140 2644 1190 o6taua

613 1234 784 1284 menfis
809 1232 1021 1298 Augusti
1041 1261 1051 1271 ·
1075 1231 1391 1297 pontificatus
1427 1267 1437 1278 .
1468 1267 1479 1277 .
1516 1267 1527 1278 .
1563 1227 1689 1278 Sixti
1721 1266 1732 1277 .
1763 1267 1775 1278 .
1813 1266 1824 1277 .
1870 1246 1996 1294 pape
2022 1230 2187 1294 quarti
2206 1245 2337 1278 auno
2358 1231 2643 1280 vndecimo·

614 1326 956 1375 monasterium
992 1361 1002 1372 .
1030 1362 1040 1372 .
1075 1360 1085 1371 .
1111 1324 1172 1372 de
1197 1321 1536 1371 Abirbrothoc
1559 1358 1568 1367 .
1592 1357 1601 1366 .
1626 1359 1635 1368 .
1662 1327 1863 1369 vacaret
1885 1359 1894 1368 .
1927 1359 1937 1369 .
1970 1358 1979 1367 .
2004 1337 2093 1385 per
2117 1321 2305 1370 obitum
2330 1360 2369 1370 ..
2401 1361 2409 1370 .
2439 1321 2646 1388 Georgii

658 1458 665 1465 .
699 1458 706 1464 .
737 1416 924 1466 abbatis
950 1424 998 1465 et
1021 1414 1227 1480 pastoris
1250 1451 1259 1460 .
1284 1452 1291 1460 .
1317 1451 1325 1460 .
1351 1413 1550 1461 tandem
1576 1412 1639 1461 ad
1663 1412 1794 1460 diem
1816 1413 2200 1477 peremptoriam
2234 1453 2243 1462 .
2279 1453 2288 1461 .
2320 1453 2329 1462 .
2363 1415 2648 1464 conuocatis

616 1510 838 1558 omnibus
863 1516 911 1557 et
929 1506 1127 1572 singulis
1150 1505 1296 1570 ipfius
1314 1503 1597 1553 monasterii
1621 1504 1855 1553 fratribus
1873 1511 1923 1553 et
1942 1504 2050 1553 aliis
2068 1505 2152 1569 qui
2172 1505 2399 1555 eleffioni
2422 1506 2647 1556 faciende

617 1603 676 1650 de
713 1602 878 1650 futuro
905 1600 1081 1648 abbate
1117 1635 1126 1644 .
1162 1636 1171 1645 .
1209 1634 1220 1645 .
1256 1597 1532 1646 debuerunt
1563 1635 1573 1644 .
1613 1634 1623 1644 .
1659 1636 1667 1644 .
1699 1596 1927 1645 interesse
1966 1634 1975 1643 .
2020 1635 2030 1645 .
2072 1635 2081 1643 .
2123 1604 2173 1645 et
2203 1597 2339 1646 missa
2369 1599 2431 1647 de
2466 1597 2646 1648 Sanao

620 1693 806 1757 Spiritu
854 1691 1100 1740 celebrata
1143 1695 1192 1738 et
1231 1688 1462 1737 oracione
1503 1688 1685 1736 deuota
1728 1688 1927 1752 perfusa
1963 1689 2027 1737 ad
2066 1689 2333 1737 Dominum
2376 1728 2386 1738 .
2424 1727 2433 1736 .
2476 1729 2486 1739 .
2528 1698 2648 1739 tunc

621 1784 863 1848 [Thomas
899 1781 1014 1847 Bet]
1053 1780 1275 1846 supprior
1309 1818 1317 1826 .
1350 1819 1358 1827 .
1396 1819 1405 1828 .
1442 1787 1680 1844 tanquam
1716 1780 1878 1845 capud
1899 1779 2009 1844 post
2042 1781 2269 1831 abbatem
2292 1782 2495 1848 surgens
2530 1783 2647 1831 allo·

620 1884 759 1923 cutus
798 1874 867 1922 est
908 1874 1028 1922 alios
1065 1910 1075 1921 .
1118 1911 1125 1919 .
1162 1912 1169 1919 .
1198 1872 1375 1920 fratres
1411 1910 1418 1918 .
1449 1909 1458 1917 .
1493 1909 1501 1917 .
1539 1872 1707 1920 dicens
1743 1901 1754 1911 -
1792 1870 2118 1920 Venerabiles
2156 1872 2343 1920 domini
2380 1890 2438 1922 ac
2471 1873 2647 1923 fratres

620 1965 843 2015 carissimi
879 1966 932 2013 in
959 1965 1154 2015 Christo
1184 1991 1194 2001 ·
1225 1965 1394 2029 gracia
1421 1963 1586 2013 Sanffl
1610 1964 1823 2029 Spiritus
1847 1964 2100 2012 nobiscum
2135 1964 2313 2014 affistat
2337 1973 2386 2014 et
2410 1967 2647 2015 concedat

620 2059 758 2107 nobis
782 2058 910 2122 posse
935 2058 987 2105 id
1011 2057 1174 2106 debite
1198 2074 1435 2122 peragere
1471 2064 1674 2121 propter
1699 2055 1832 2119 quod
1865 2055 2048 2104 fuimus
2080 2056 2133 2104 in
2165 2056 2338 2105 eodem
2377 2056 2562 2122 Spiritu
2598 2069 2648 2109 et

619 2151 777 2197 sumus
801 2149 881 2196 hic
906 2148 1192 2213 congregati
1228 2176 1238 2186 ·
1274 2148 1475 2197 Fratres
1510 2165 1568 2196 ac
1604 2147 1790 2195 domini
1821 2146 2184 2212 prestantiflimi
2207 2176 2218 2187 ·
2245 2165 2331 2196 vos
2362 2150 2494 2198 scitis
2517 2152 2649 2215 quod

618 2257 707 2304 pro
733 2240 969 2288 electione
993 2239 1146 2287 futuri
1170 2239 1359 2288 abbatis
1381 2238 1535 2287 nostri
1561 2246 1609 2288 et
1632 2238 1841 2304 pastoris
1865 2238 2045 2288 fuimus
2069 2239 2152 2289 hic
2177 2243 2464 2307 congregati
2501 2269 2510 2278 ·
2543 2242 2646 2292 Vos

620 2349 739 2396 rogo
765 2332 888 2379 etin
927 2330 1188 2379 visceribus
1219 2330 1372 2379 Jhesu
1399 2330 1584 2380 Christi
1620 2330 1807 2379 domini
1841 2330 1994 2379 nostri
2030 2338 2166 2380 ortor
2196 2332 2437 2395 quatinus¹
2460 2334 2647 2383 dimissa

622 2422 876 2470 affefflonc
901 2421 1102 2486 propria
1126 2438 1211 2469 cor
1235 2421 1479 2470 eleuatum
1503 2422 1723 2471 habeatis
1748 2424 1811 2472 ad
1835 2423 2106 2473 Dominum
2140 2451 2151 2462 ·
2189 2423 2411 2483 Quilibet
2435 2426 2646 2476 vestrum

621 2513 672 2560 in
707 2512 855 2575 seipso
888 2512 1037 2576 eligat
1070 2512 1319 2561 meliorem
1354 2522 1403 2562 et
1440 2514 1719 2578 probiorem
1745 2532 1891 2579 quem
1921 2516 1974 2564 in
2010 2516 2317 2565 consciencia
2350 2517 2435 2566 sua
2454 2518 2574 2567 sciat
2595 2518 2646 2567 in

624 2604 846 2651 abbatem
872 2610 920 2650 et
947 2603 1189 2666 pastorem
1220 2603 1436 2652 nostrum
1472 2613 1521 2654 et
1555 2606 1709 2655 nostri
1743 2608 2027 2657 monasterii
2063 2638 2073 2648 ·
2113 2608 2315 2658 Modico
2349 2611 2465 2659 dato
2499 2610 2647 2659 inter·

625 2693 754 2741 uallo
787 2732 794 2739 .
831 2732 839 2740 .
875 2731 883 2739 .
920 2693 1145 2741 dominus
1168 2693 1203 2742 J
1206 2694 1422 2744 ohannes
1449 2696 1587 2746 Crail
1611 2715 1735 2747 vnus
1759 2698 1922 2748 senior
1946 2700 2185 2749 diaorum
2211 2701 2417 2749 fratrum
2443 2702 2648 2751 surrexit

625 2791 673 2832 et
698 2783 822 2830 dixit
857 2810 866 2819 ·
891 2782 1203 2831 Venerabilis
1228 2785 1422 2833 domine
1447 2786 1670 2851 supprior
1694 2818 1705 2829 ·
1732 2790 1870 2838 vobis
1891 2801 2126 2855 tanquam
2151 2791 2388 2855 superiori
2412 2793 2647 2842 incumbit

625 2892 681 2923 ac
706 2875 758 2921 in
784 2873 1087 2921 consciencia
1110 2874 1270 2922 vestra
1307 2875 1456 2924 solum
1493 2879 1762 2943 respefiimm
1796 2881 1974 2931 habete
2012 2883 2075 2931 ad
2104 2882 2374 2931 Dominum
2400 2885 2532 2947 quod
2554 2884 2646 2933 ele·

624 2965 748 3028 gatis
774 2980 920 3011 vnum
940 2980 1083 3027 quem
1107 2964 1237 3012 scitis
1257 2966 1510 3015 meliorem
1529 2977 1577 3017 et
1595 2971 1839 3020 vtiliorem
1860 2974 1923 3022 ad
1946 2974 2167 3038 regimen
2191 2974 2473 3023 monasterii
2497 2975 2645 3024 nostri

625 3056 675 3103 in
699 3055 923 3103 abbatem
947 3062 995 3103 et
1017 3054 1260 3118 pastorem
1284 3056 1501 3106 nostrum
1526 3085 1536 3096 ·
1574 3059 1717 3110 Tunc
1742 3102 1750 3110 .
1782 3101 1790 3109 .
1820 3101 1829 3110 .
1856 3064 2081 3128 supprior
2103 3065 2303 3131 surgens
2328 3074 2376 3115 et
2401 3065 2645 3131 signaculo

626 3146 787 3195 sancte
812 3145 970 3195 crucis
1005 3144 1050 3194 se
1085 3147 1307 3195 muniens
1331 3148 1400 3197 ait
1435 3177 1445 3187 ·
1483 3149 1544 3198 In
1566 3151 1871 3202 consciencia
1904 3170 2015 3202 mea
2037 3154 2263 3204 habendo
2287 3156 2439 3205 solum
2463 3156 2645 3221 respec-
