2762 3834
580 346 1005 398 REGISTRUM
1038 348 1135 398 DE
1172 350 1727 402 ABERBROTHOC.
2079 358 2173 406 165

133 478 310 525 iterum
335 493 663 540 prouocamus
688 486 736 526 et
766 480 1008 542 apostolos
1042 484 1254 546 petimus
1289 485 1477 533 vicibus
1510 485 1733 550 repetitis
1767 486 2058 535 subicientes
2082 505 2170 536 nos

132 567 482 616 monasterium
507 566 725 615 nostrum
751 571 915 618 omnia
938 572 1068 620 bona
1091 575 1256 624 nostra
1280 576 1540 641 omnesque
1564 577 1706 626 nobis
1730 577 2024 628 adherentes
2061 617 2071 627 .
2112 617 2122 627 .
2161 618 2171 627 .

134 658 401 707 defensioni
435 697 445 707 .
474 698 483 707 .
510 697 519 706 .
547 659 734 706 domini
758 659 910 707 nostri
933 662 1072 711 Pauli
1094 682 1220 729 pape
1249 704 1259 714 .
1289 705 1298 715 .
1329 704 1339 714 .
1361 676 1410 716 et
1437 705 1448 716 .
1476 706 1487 716 .
1515 705 1526 716 .
1546 669 1671 717 sedis
1696 669 1960 733 apostolice
1979 671 2170 734 predic-

134 758 294 798 torum
331 750 649 813 protestando
690 750 969 799 solemniter
1001 754 1061 801 de
1098 755 1226 804 hanc
1266 758 1479 807 nostram
1523 760 1909 824 appellacionem
1946 762 2172 810 addendo

132 842 418 889 innouando
444 849 492 888 et
527 841 578 888 in
614 857 796 888 nouam
822 848 870 888 et
893 843 1147 892 meliorem
1182 847 1389 896 formam
1423 851 1693 914 redigendo
1727 853 1914 900 tociens
1938 854 2172 917 quociens

136 950 257 996 opus
282 933 431 980 fuerit
457 970 467 980 .
496 970 506 980 .
535 969 546 980 .
574 932 924 996 quamquidem
950 935 1337 997 appellacionem
1362 940 1649 990 cessantibus
1673 941 1808 990 iustis
1835 952 1882 992 et
1918 944 2172 1009 legittimis

134 1024 496 1088 impedimentis
521 1024 652 1071 infra
676 1024 942 1072 terminum
968 1024 1086 1072 iuris
1112 1044 1257 1089 quam
1291 1029 1440 1078 cicius
1475 1033 1744 1095 poterimus
1767 1035 1994 1098 prosequi
2017 1038 2172 1084 inten-

136 1116 294 1163 dimus
311 1133 420 1164 cum
438 1117 613 1164 effectu
636 1144 646 1154 ·
674 1115 834 1180 Super
849 1116 1026 1180 quibus
1059 1153 1070 1163 .
1107 1156 1117 1165 .
1154 1155 1163 1164 .
1200 1119 1347 1167 abbas
1381 1158 1391 1168 .
1424 1159 1434 1168 .
1472 1158 1481 1168 .
1514 1123 1664 1185 peciit
1691 1161 1701 1172 .
1737 1162 1747 1172 .
1785 1162 1794 1171 .
1821 1125 2171 1176 instrumenta·

137 1209 267 1256 Acta
291 1215 432 1256 erant
455 1208 548 1255 hec
572 1208 625 1255 in
651 1208 841 1271 capella
870 1207 1024 1256 Beate
1048 1208 1209 1257 Marie
1235 1210 1440 1275 virginis
1464 1213 1524 1260 de
1552 1213 1827 1271 Quhitfeild
1855 1254 1865 1265 .
1895 1254 1906 1265 .
1934 1255 1944 1265 .
1971 1218 2036 1266 Et
2061 1219 2175 1281 quia

140 1299 325 1363 signum
352 1299 449 1346 mei
481 1299 663 1347 notarii
696 1299 788 1347 fuit
825 1299 986 1347 minus
1019 1300 1271 1364 cognitum
1311 1339 1321 1349 .
1367 1339 1377 1349 .
1422 1340 1433 1350 .
1477 1304 1624 1352 abbas
1659 1308 1943 1369 procurauit
1968 1308 2175 1373 figillum

142 1391 349 1455 predi&i
373 1391 636 1439 reuerendi
668 1391 822 1455 patris
848 1392 1062 1455 appendi
1097 1392 1220 1439 hora
1247 1396 1421 1441 mstaua
1447 1395 1525 1442 uel
1549 1396 1744 1444 eocirca
1774 1406 1886 1446 ante
1911 1401 2172 1448 merediem

139 1482 445 1545 presentibus
489 1520 499 1529 .
546 1519 556 1530 .
603 1520 613 1529 .
657 1482 882 1530 Waltero
909 1481 1116 1532 Stewart
1142 1483 1202 1531 de
1228 1483 1515 1533 Inuermeth
1539 1512 1548 1523 ·
1574 1487 1861 1536 Alexandro
1887 1489 2091 1539 Stewart
2116 1493 2176 1539 de

139 1574 357 1622 Pannale
383 1603 392 1612 ·
416 1573 649 1638 magistro
679 1574 928 1623 Willelmo
965 1574 1217 1623 Meldrum
1254 1582 1302 1623 et
1337 1575 1527 1624 Jacobo
1563 1576 1812 1626 Meldrum
1846 1579 1958 1627 filiis
1994 1582 2178 1628 domini

139 1668 198 1715 de
225 1666 354 1732 Segy
380 1692 389 1704 ·
417 1684 527 1715 cum
543 1666 719 1715 ,multis
744 1666 872 1714 alliis
901 1704 911 1714 .
941 1704 951 1714 .
981 1704 990 1714 .

204 1759 239 1807 J
242 1760 423 1807 acobus
449 1759 639 1824 Brydy.
666 1796 677 1806 .
708 1796 718 1806 .
748 1759 1007 1808 ,notarius
1035 1797 1044 1806 .
1076 1796 1086 1806 .
1120 1797 1130 1806 .

143 2007 355 2079 Electio
381 2030 583 2094 dompni
610 2030 815 2079 Ricardi
845 2030 1040 2079 Guthre
1064 2031 1116 2078 in
1142 2031 1368 2079 abbatem
1393 2048 1482 2095 per
1509 2032 1637 2080 viam
1666 2031 1876 2096 Spiritus
1905 2032 2087 2081 Sancti.

26 2210 97 2260 ,86
145 2190 464 2262 Reuerendo
518 2250 528 2260 .
579 2250 588 2260 .
641 2250 651 2260 .
699 2212 898 2260 domino
946 2212 1164 2260 Patricio
1210 2249 1220 2258 .
1274 2248 1284 2258 .
1342 2248 1352 2258 .
1397 2211 1621 2275 episcopo
1670 2211 2017 2260 Sanctiandree
2057 2250 2067 2260 .
2118 2250 2128 2259 .
2169 2250 2179 2260 .

146 2303 180 2350 J
183 2304 400 2352 ohannes
425 2305 639 2353 Ancolle
665 2304 890 2368 supprior
915 2303 1187 2352 claustralis
1213 2312 1261 2352 et
1287 2312 1558 2352 conuentus
1594 2304 1793 2352 ecclefie
1829 2304 2182 2352 monasterialis

22 2334 27 2420 i
150 2396 208 2444 de
244 2396 580 2445 Abirbrothoc
613 2433 623 2444 .
660 2434 671 2444 .
705 2434 716 2445 .
757 2397 1072 2446 reuerencias
1102 2396 1408 2444 omnimodas
1446 2433 1456 2443 .
1497 2433 1507 2442 .
1548 2433 1558 2443 .
1597 2395 1725 2444 Cum
1752 2404 1955 2444 vacante
1981 2397 2184 2444 abbacia

153 2486 278 2534 dicte
312 2487 513 2536 ecclefie
550 2525 559 2535 .
598 2525 614 2544 .,
645 2526 655 2536 .
699 2505 788 2551 per
811 2488 1150 2552 priuacionem
1197 2526 1206 2536 .
1251 2525 1262 2536 .
1307 2526 1316 2536 .
1354 2487 1591 2536 Malcomi
1617 2488 1789 2552 Brydy
1815 2487 1970 2536 vltimi
1996 2489 2183 2536 abbatis

158 2614 169 2624 .
204 2614 214 2624 .
254 2615 265 2626 .
302 2579 458 2626 tercia
481 2579 586 2626 dies
611 2578 786 2627 mensis
823 2579 1122 2627 Nouembris
1162 2596 1291 2627 anno
1327 2578 1531 2626 Domini
1563 2578 1817 2626 millesimo
1857 2579 2183 2643 quadringen-

156 2669 320 2717 tefimo
344 2670 694 2734 septuagesimo
730 2708 741 2718 .
786 2707 797 2718 .
838 2708 849 2718 .
892 2670 985 2719 fuit
1024 2707 1034 2718 .
1076 2708 1086 2718 .
1127 2707 1137 2718 .
1173 2669 1408 2734 affignata
1432 2670 1496 2717 ad
1520 2669 1809 2718 electionem
1848 2707 1859 2717 .
1899 2708 1909 2717 .
1948 2707 1959 2717 .
1998 2671 2184 2718 abbatis

210 2798 220 2808 .
259 2798 268 2808 .
308 2762 469 2810 citatis
493 2762 691 2810 interim
719 2762 930 2810 citandis
966 2799 975 2808 .
1012 2798 1022 2808 .
1059 2798 1068 2808 .
1107 2779 1164 2809 ac
1190 2760 1598 2809 conuenientibus
1616 2761 1898 2808 intermino
1914 2761 2185 2825 supradifflzo

159 2851 220 2898 ad
260 2853 456 2900 domum
497 2853 819 2917 capitularem
867 2852 984 2900 diffi
1029 2852 1313 2900 monasterii
1354 2889 1364 2898 .
1407 2889 1417 2898 .
1458 2889 1468 2898 .
1509 2851 1644 2899 miffa
1684 2851 1745 2899 de
1785 2850 1971 2915 Spiritu
2011 2851 2186 2900 Sancto

159 2932 381 3003 primitus
423 2944 673 2992 celebrata
714 2942 927 2991 eiusdem
970 2941 1135 2991 saneti
1180 2942 1392 3006 Spiritus
1427 2942 1598 3006 gracia
1630 2942 1863 2990 inuocata
1894 2951 1954 3012 ut*
1983 2942 2186 2989 firmiter

163 3032 402 3081 credimus
426 3034 651 3098 inspirati
682 3050 771 3081 nos
807 3049 976 3080 omnes
1014 3070 1025 3081 .
1065 3071 1075 3080 .
1116 3071 1126 3081 .
1161 3035 1430 3083 direximus
1464 3035 1516 3082 in
1555 3034 1887 3082 venerabilem
1925 3041 1974 3081 et
2014 3033 2187 3081 eximie

163 3122 367 3172 sciencie
391 3125 550 3173 virum
576 3123 862 3188 magistrum
887 3123 1190 3171 Richardum
1217 3124 1409 3173 Guthre
1434 3124 1567 3172 sacre
1603 3124 1848 3187 theologie
1879 3124 2187 3187 professorem
