2762 3834
580 384 1007 436 REGISTRUM
1040 386 1137 436 DE
1172 388 1731 443 ABERBROTHOC.
2076 404 2171 454 209

138 518 235 566 iam
257 517 486 566 (1011111ἃο
511 519 678 566 nostro
704 519 881 567 abbate
905 525 1047 583 pater
1072 522 1212 570 nobis
1236 522 1547 573 immediatus
1583 526 1696 574 estis
1719 526 1930 590 petimus
1955 529 2173 576 unamini

136 608 367 661 consensu
391 610 526 658 fideli
552 627 663 658 cum
687 609 980 658 obediencia
1015 611 1227 661 vestrum
1259 615 1311 663 in
1340 616 1495 664 futuri
1532 617 1687 665 nostri
1722 617 1911 666 abbatis
1936 618 2174 667 0108110110

134 700 304 748 sanum
339 700 591 748 confilium
629 729 640 740 ·
679 699 794 759 Quo
830 701 959 749 faeno
996 702 1153 752 dietus
1191 741 1202 753 .
1241 743 1253 753 .
1293 743 1304 754 .
1334 716 1476 770 pater
1513 745 1524 756 .
1566 746 1576 756 .
1617 746 1628 757 .
1665 709 1792 758 dixit
1815 736 1826 747 ·
1850 708 2176 758 Venerabiles

135 807 192 839 ac
218 791 386 839 deuoti
410 791 588 841 fratres
614 792 667 840 in
695 791 896 842 Christo
931 792 1158 842 cariffimi
1183 824 1193 834 -
1220 797 1356 846 vobis
1390 816 1491 847 non
1526 799 1788 849 innotescit
1831 838 1842 849 .
1887 839 1899 850 .
1944 840 1954 849 .
1993 809 2177 865 quanta

187 920 198 931 .
238 921 249 932 .
287 883 491 933 ecclesia
530 922 541 933 .
581 921 592 934 .
632 922 643 933 .
681 885 997 934 incommoda
1019 887 1206 950 patitur
1230 895 1279 937 et
1304 897 1512 953 quantas
1542 891 1893 940 tribulaciones
1931 929 1943 940 .
1982 930 1993 941 .
2032 932 2040 941 .
2079 893 2174 940 iam

132 975 274 1024 breui
298 976 350 1024 in
374 976 469 1025 hoc
504 994 661 1042 regno
685 976 916 1027 habuerit
951 985 1001 1026 et
1036 977 1261 1028 sustinuit
1285 1007 1295 1017 ·
1320 988 1369 1030 et
1404 982 1471 1029 ad‘
1499 981 1778 1031 huiusmodi
1814 984 2028 1049 dampna
2065 1022 2075 1032 .
2114 1023 2123 1032 .
2165 1023 2173 1032 .

134 1069 368 1118 euitanda
393 1086 450 1118 ac
476 1069 631 1118 eciam
657 1070 846 1119 maiora
880 1109 891 1119 .
932 1108 943 1118 .
984 1108 994 1119 .
1030 1070 1228 1119 consulo
1257 1110 1266 1120 .
1302 1108 1313 1120 .
1352 1110 1363 1120 .
1404 1074 1535 1136 quod
1559 1091 1645 1121 uos
1671 1074 1863 1139 eligatis
1899 1113 1908 1122 .
1948 1112 1959 1123 .
1999 1113 2009 1123 .
2048 1075 2175 1124 viam

132 1162 311 1209 bonam
325 1168 373 1210 et
388 1161 591 1210 breuem
612 1199 622 1210 .
655 1199 665 1210 .
696 1198 706 1210 .
722 1179 813 1227 per
829 1179 975 1226 quam
998 1198 1009 1210 .
1038 1199 1050 1210 .
1077 1199 1088 1210 .
1107 1162 1309 1211 breuius
1329 1163 1510 1227 poffitis
1528 1164 1790 1228 peruenire
1809 1166 1872 1213 ad
1889 1165 2175 1226 electionem

136 1290 147 1301 .
187 1289 198 1301 .
238 1290 248 1300 .
286 1253 477 1302 abbatis
512 1291 523 1302 .
563 1291 574 1302 .
615 1291 626 1302 .
666 1253 767 1312 Qui
803 1254 1158 1319 respondentes
1184 1254 1416 1304 dixerunt
1452 1283 1462 1294 ·
1499 1255 1917 1306 Reuerendiffime
1947 1258 2178 1306 domine·

132 1345 258 1393 bene
282 1345 472 1394 dixistis
496 1346 580 1394 sed
604 1345 816 1397 vestram
852 1385 862 1395 .
901 1382 913 1394 .
952 1383 963 1395 .
1001 1347 1351 1412 paternitatem
1392 1385 1402 1395 .
1441 1387 1451 1398 .
1490 1386 1500 1396 .
1536 1365 1766 1412 rogamus
1792 1350 2020 1412 quatinus
2043 1351 2177 1399 illam

134 1437 264 1486 viam
302 1476 313 1486 .
353 1476 364 1486 .
405 1475 416 1486 .
454 1438 595 1487 nobis
634 1439 828 1504 aperire
871 1439 1034 1488 velitis
1073 1467 1083 1476 ·
1127 1438 1273 1489 Tunc
1313 1441 1534 1505 prefatus
1575 1479 1586 1490 .
1627 1478 1638 1489 .
1678 1478 1689 1489 .
1722 1450 1864 1505 pater
1903 1443 2027 1491 dixit
2064 1471 2075 1482 ·
2118 1443 2177 1491 In

134 1531 301 1580 nostra
325 1532 633 1598 consciencia
653 1533 788 1581 omni
813 1533 1071 1582 affeEtione
1091 1532 1264 1581 reliaa
1282 1533 1471 1582 carnali
1511 1570 1522 1581 .
1563 1570 1574 1581 .
1612 1570 1623 1580 .
1659 1533 1887 1582 habendo
1912 1533 2074 1582 Deum
2091 1552 2179 1599 pre

134 1623 289 1672 oculis
313 1631 363 1672 et
389 1625 702 1674 commodum
745 1662 757 1674 .
803 1663 814 1674 .
857 1663 869 1674 .
910 1624 1194 1673 monasterii
1232 1662 1245 1674 .
1282 1621 1305 1673 .’
1329 1663 1339 1672 .
1371 1625 1513 1672 nobis
1543 1624 1738 1673 videtur
1777 1625 1909 1688 quod
1941 1625 2022 1673 via
2053 1642 2180 1673 com-

132 1716 349 1780 promiffi
379 1717 449 1766 est
472 1719 602 1767 bona
641 1726 690 1767 et
723 1719 891 1767 breuis
918 1726 966 1768 et
1002 1718 1166 1767 saneta
1189 1745 1200 1755 ·
1227 1716 1656 1781 Respondentibus
1695 1753 1707 1765 .
1746 1753 1757 1765 .
1798 1753 1809 1764 .
1846 1716 2098 1780 suppriore
2134 1725 2181 1765 et

135 1817 384 1858 conuentu
410 1838 419 1847 ·
446 1809 558 1859 Hec
583 1811 664 1860 via
687 1811 829 1860 nobis
854 1811 1019 1876 placet
1045 1819 1094 1860 et
1120 1809 1257 1858 illam
1283 1809 1511 1874 eligimus
1536 1838 1546 1848 ·
1574 1808 1655 1856 sed
1694 1815 1889 1873 oportet
1914 1808 2082 1857 videre
2122 1809 2181 1856 (10

135 1901 563 1966 compromiffariis
603 1940 614 1951 .
657 1941 668 1951 .
714 1940 725 1951 .
765 1903 917 1951 solum
955 1902 1122 1951 Deum
1159 1919 1248 1967 pre
1285 1901 1441 1949 oculis
1475 1899 2017 1958 habentibus-Quibus
2060 1936 2072 1948 .
2118 1938 2128 1948 .
2171 1936 2181 1948 .

135 1993 530 2059 archiepiscopus
555 1995 681 2044 dixit
706 2024 716 2034 ·
742 1995 955 2061 Eligatis
978 2013 1065 2044 vos
1090 1994 1202 2043 illos
1227 2021 1237 2030 ·
1259 2011 1322 2041 ne
1348 1992 1594 2041 discordia
1623 1993 1811 2040 oriatur
1835 1992 1966 2040 inter
2003 2009 2087 2040 vos
2123 1992 2182 2040 (10

136 2085 364 2151 eligendo
399 2104 632 2150 rogamus
663 2088 896 2152 quatinus
928 2088 1040 2136 illos
1077 2085 1343 2135 nominetis
1379 2065 1658 2150 fingiilatim
1698 2092 1746 2133 et
1781 2084 1834 2132 in
1866 2084 2182 2132 conscienciis

138 2178 309 2227 vestris
329 2205 339 2215 ·
357 2178 504 2228 Tunc
524 2179 749 2244 supprior
776 2218 787 2229 .
810 2217 821 2229 .
851 2218 863 2229 .
889 2188 1129 2245 querente
1146 2196 1223 2228 me
1249 2178 1444 2227 notario
1474 2177 1787 2242 infrascripto
1812 2176 1862 2224 111
1883 2194 2027 2241 quem
2054 2194 2180 2225 com-

136 2270 504 2334 promittentem
530 2272 651 2321 velit
690 2310 701 2321 .
738 2309 749 2320 .
790 2310 801 2321 .
840 2272 1094 2321 dominum
1119 2272 1465 2320 Alexandrum
1490 2270 1699 2318 Masoun
1720 2269 1937 2333 priorem
1963 2268 2023 2316 de
2048 2267 2179 2316 Fiwe

136 2361 560 2412 (1ίᾶ101011οἢ01ἰὶ
585 2364 881 2413 monachum
905 2365 1166 2429 professum
1195 2365 1354 2413 virum
1379 2363 1594 2412 nobilem
1618 2363 1825 2427 probum
1852 2369 1901 2410 et
1924 2361 2178 2410 honestum

136 2470 194 2503 ac
218 2454 541 2504 scientificum
567 2455 1038 2523 compromiffarium
1063 2456 1340 2505 nominauit
1379 2494 1389 2505 .
1426 2493 1437 2504 .
1477 2491 1489 2503 .
1527 2455 1588 2503 In
1622 2472 1766 2518 quem
1802 2454 2053 2502 dominum
2083 2492 2091 2501 .
2121 2491 2131 2500 .
2167 2490 2176 2501 .

137 2546 416 2612 fingillatim
442 2587 452 2597 .
479 2587 488 2597 .
515 2587 526 2597 .
553 2549 876 2614 vnusquisque
900 2566 1221 2598 monacorum
1242 2549 1452 2599 seorsum
1487 2586 1497 2597 .
1531 2586 1541 2596 .
1575 2586 1585 2597 .
1620 2546 1949 2612 compromisit
1974 2554 2022 2594 et
2063 2584 2072 2594 .
2116 2584 2124 2594 .
2170 2585 2178 2594 ‚

138 2655 304 2688 omnes
345 2658 458 2689 eum
500 2642 971 2707 compromiffarium
1012 2642 1259 2707 eligerunt
1301 2681 1310 2691 .
1348 2681 1358 2691 .
1397 2681 1405 2690 .
1446 2640 1511 2690 Et
1549 2640 1827 2704 intercapto
1861 2638 1988 2686 libro
2025 2638 2178 2685 dietus

142 2731 367 2781 dominus
393 2733 840 2798 compromiffarius
863 2734 1050 2783 iurauit
1074 2735 1207 2798 quod
1231 2734 1331 2798 ipse
1357 2734 1507 2798 eliget
1541 2733 1600 2781 in·
1631 2721 1940 2780 consciencia
1963 2730 2048 2777 sua
2070 2746 2179 2793 pro-

137 2822 325 2873 biorem
363 2863 372 2873 .
411 2863 422 2874 .
465 2863 476 2874 .
519 2842 666 2889 quem
703 2826 850 2874 sciret
883 2827 936 2874 in
977 2827 1206 2875 abbatem
1243 2865 1252 2875 .
1295 2865 1305 2875 .
1344 2865 1353 2875 .
1390 2825 1457 2874 Et
1497 2824 1718 2872 similiter
1756 2823 1841 2872 alii
1887 2821 2073 2870 domini
2120 2820 2178 2867 dc

140 2916 354 2980 capitulo
402 2917 631 2967 iurarunt
669 2919 958 2967 electionem
1045 2957 1055 2966 .
1098 2957 1108 2967 .
1140 2934 1288 2982 quam
1325 2925 1341 2965 .’
1373 2955 1383 2965 .
1421 2955 1431 2965 .
1469 2913 1909 2980 compromifl'arius
1951 2910 2174 2976 [faceret]

138 3014 294 3056 ratam
338 3045 349 3056 .
395 3046 406 3057 .
451 3046 463 3057 .
503 3009 688 3059 habere
740 3048 751 3059 .
801 3048 812 3059 .
866 3048 877 3059 .
927 3018 977 3059 et
1002 3017 1177 3059 contra
1213 3027 1323 3058 eam
1358 3026 1459 3057 non
1496 3007 1666 3056 venire
1715 3043 1727 3054 .
1777 3042 1790 3054 .
1840 3041 1851 3053 .
1902 3004 2014 3061 Quo
2054 3040 2065 3051 .
2110 3039 2122 3049 .

140 3096 415 3149 iuramento
437 3101 639 3165 prestito
677 3139 688 3150 .
728 3139 740 3150 .
780 3139 791 3150 .
829 3101 1269 3166 compromiffarius
1306 3119 1326 3150 .·
1358 3139 1369 3150 .
1409 3139 1420 3150 .
1458 3101 1518 3148 de
1542 3097 1816 3148 huiusmodi
1844 3093 2176 3159 compromisso

141 3188 518 3241 instrumentum
545 3229 556 3241 .
586 3230 597 3241 .
628 3229 639 3241 .
664 3193 817 3257 peciit
851 3230 862 3241 .
900 3229 911 3241 .
947 3229 958 3240 .
985 3200 1034 3242 et
1058 3193 1221 3241 statim
1243 3192 1413 3258 postea
1437 3208 1604 3240 coram
1628 3190 1757 3238 dieto
1781 3185 2175 3237 reuerendiffimo

1099 3279 1129 3323 2
1155 3292 1188 3324 D
