<?xml version="1.0" encoding="UTF-8"?>
<!DOCTYPE html PUBLIC "-//W3C//DTD XHTML 1.0 Transitional//EN"
    "http://www.w3.org/TR/xhtml1/DTD/xhtml1-transitional.dtd">
<html xmlns="http://www.w3.org/1999/xhtml" xml:lang="en" lang="en">
 <head>
  <title>
</title>
<meta http-equiv="Content-Type" content="text/html;charset=utf-8" />
  <meta name='ocr-system' content='tesseract 3.04.00' />
  <meta name='ocr-capabilities' content='ocr_page ocr_carea ocr_par ocr_line ocrx_word'/>
</head>
<body>
  <div class='ocr_page' id='page_1' title='image "./libersthomedea8602arbruoft_0580.png"; bbox 0 0 2742 3848; ppageno 0'>
   <div class='ocr_carea' id='block_1_1' title="bbox 411 1612 499 1666">
    <p class='ocr_par' dir='ltr' id='par_1_1' title="bbox 411 1612 499 1666">
     <span class='ocr_line' id='line_1_1' title="bbox 411 1612 499 1666; baseline 0 -4"><span class='ocrx_word' id='word_1_1' title='bbox 411 1612 499 1666; x_wconf 86' lang='lat'>691</span> 
     </span>
    </p>
   </div>
   <div class='ocr_carea' id='block_1_2' title="bbox 405 2543 500 2596">
    <p class='ocr_par' dir='ltr' id='par_1_2' title="bbox 405 2543 500 2596">
     <span class='ocr_line' id='line_1_2' title="bbox 405 2543 500 2596; baseline -0.011 -3"><span class='ocrx_word' id='word_1_2' title='bbox 405 2543 500 2596; x_wconf 84' lang='lat'>692</span> 
     </span>
    </p>
   </div>
   <div class='ocr_carea' id='block_1_3' title="bbox 572 367 2183 424">
    <p class='ocr_par' dir='ltr' id='par_1_3' title="bbox 572 367 2183 424">
     <span class='ocr_line' id='line_1_3' title="bbox 572 367 2183 424; baseline -0.004 0"><span class='ocrx_word' id='word_1_3' title='bbox 572 380 671 424; x_wconf 84' lang='lat'>480</span> <span class='ocrx_word' id='word_1_4' title='bbox 1024 370 1450 424; x_wconf 87' lang='lat' dir='ltr'><strong>REGISTRUM</strong></span> <span class='ocrx_word' id='word_1_5' title='bbox 1485 369 1582 418; x_wconf 90' lang='lat' dir='ltr'>DE</span> <span class='ocrx_word' id='word_1_6' title='bbox 1618 367 2183 419; x_wconf 88' lang='lat' dir='ltr'><strong>ABERBROTHOC.</strong></span> 
     </span>
    </p>
   </div>
   <div class='ocr_carea' id='block_1_4' title="bbox 563 501 2626 1399">
    <p class='ocr_par' dir='ltr' id='par_1_4' title="bbox 563 501 2626 1399">
     <span class='ocr_line' id='line_1_4' title="bbox 571 501 2625 569; baseline -0.004 -10"><span class='ocrx_word' id='word_1_7' title='bbox 571 509 606 558; x_wconf 86' lang='lat' dir='ltr'><strong>J</strong></span> <span class='ocrx_word' id='word_1_8' title='bbox 609 509 791 559; x_wconf 83' lang='lat' dir='ltr'>acobus</span> <span class='ocrx_word' id='word_1_9' title='bbox 818 508 982 558; x_wconf 86' lang='lat' dir='ltr'>Grant</span> <span class='ocrx_word' id='word_1_10' title='bbox 1007 514 1056 556; x_wconf 88' lang='lat' dir='ltr'>et</span> <span class='ocrx_word' id='word_1_11' title='bbox 1079 506 1317 555; x_wconf 89' lang='lat' dir='ltr'>Elezabet</span> <span class='ocrx_word' id='word_1_12' title='bbox 1342 504 1476 569; x_wconf 90' lang='lat' dir='ltr'>Boys</span> <span class='ocrx_word' id='word_1_13' title='bbox 1511 532 1521 542; x_wconf 93' lang='lat'><strong>·</strong></span> <span class='ocrx_word' id='word_1_14' title='bbox 1554 503 1719 551; x_wconf 86' lang='lat' dir='ltr'>Adam</span> <span class='ocrx_word' id='word_1_15' title='bbox 1743 501 1964 568; x_wconf 90' lang='lat' dir='ltr'>Peyrson</span> <span class='ocrx_word' id='word_1_16' title='bbox 1990 510 2091 552; x_wconf 87' lang='lat' dir='ltr'>tres</span> <span class='ocrx_word' id='word_1_17' title='bbox 2115 519 2257 552; x_wconf 83' lang='lat' dir='ltr'>acras</span> <span class='ocrx_word' id='word_1_18' title='bbox 2282 520 2393 552; x_wconf 89' lang='lat' dir='ltr'>cum</span> <span class='ocrx_word' id='word_1_19' title='bbox 2418 503 2625 551; x_wconf 89' lang='lat' dir='ltr'><strong>dimidio</strong></span> 
     </span>
     <span class='ocr_line' id='line_1_5' title="bbox 572 593 2624 666; baseline -0.004 -15"><span class='ocrx_word' id='word_1_20' title='bbox 572 619 693 666; x_wconf 85' lang='lat' dir='ltr'>quas</span> <span class='ocrx_word' id='word_1_21' title='bbox 729 602 865 666; x_wconf 85' lang='lat' dir='ltr'>prius</span> <span class='ocrx_word' id='word_1_22' title='bbox 901 597 1164 663; x_wconf 89' lang='lat' dir='ltr'>occupauit</span> <span class='ocrx_word' id='word_1_23' title='bbox 1199 595 1432 645; x_wconf 85' lang='lat' dir='ltr'>Matheus</span> <span class='ocrx_word' id='word_1_24' title='bbox 1463 594 1598 660; x_wconf 78' lang='lat' dir='ltr'>Boys</span> <span class='ocrx_word' id='word_1_25' title='bbox 1640 623 1651 634; x_wconf 87' lang='lat'><strong>·</strong></span> <span class='ocrx_word' id='word_1_26' title='bbox 1690 593 1974 643; x_wconf 81' lang='lat' dir='ltr'>Willelmus</span> <span class='ocrx_word' id='word_1_27' title='bbox 2009 594 2241 661; x_wconf 85' lang='lat' dir='ltr'>Blantyir</span> <span class='ocrx_word' id='word_1_28' title='bbox 2276 612 2421 644; x_wconf 90' lang='lat' dir='ltr'>vnam</span> <span class='ocrx_word' id='word_1_29' title='bbox 2459 612 2624 644; x_wconf 89' lang='lat' dir='ltr'>acram</span> 
     </span>
     <span class='ocr_line' id='line_1_6' title="bbox 571 685 2625 757; baseline -0.003 -16"><span class='ocrx_word' id='word_1_30' title='bbox 571 709 714 757; x_wconf 88' lang='lat' dir='ltr'>quam</span> <span class='ocrx_word' id='word_1_31' title='bbox 741 692 878 757; x_wconf 87' lang='lat' dir='ltr'><strong>prius</strong></span> <span class='ocrx_word' id='word_1_32' title='bbox 903 694 1275 753; x_wconf 87' lang='lat' dir='ltr'>occupauerunt</span> <span class='ocrx_word' id='word_1_33' title='bbox 1298 686 1520 735; x_wconf 87' lang='lat' dir='ltr'>Jacobus</span> <span class='ocrx_word' id='word_1_34' title='bbox 1558 685 1724 735; x_wconf 88' lang='lat' dir='ltr'>Grant</span> <span class='ocrx_word' id='word_1_35' title='bbox 1760 694 1810 735; x_wconf 91' lang='lat' dir='ltr'>et</span> <span class='ocrx_word' id='word_1_36' title='bbox 1844 686 2076 736; x_wconf 82' lang='lat' dir='ltr'><strong>Andreas</strong></span> <span class='ocrx_word' id='word_1_37' title='bbox 2116 686 2281 737; x_wconf 71' lang='lat' dir='ltr'>Grani:</span> <span class='ocrx_word' id='word_1_38' title='bbox 2324 716 2334 727; x_wconf 88' lang='lat'><strong>·</strong></span> <span class='ocrx_word' id='word_1_39' title='bbox 2380 686 2625 737; x_wconf 87' lang='lat' dir='ltr'>Cristiana</span> 
     </span>
     <span class='ocr_line' id='line_1_7' title="bbox 573 777 2626 845; baseline -0.002 -12"><span class='ocrx_word' id='word_1_40' title='bbox 573 785 804 834; x_wconf 88' lang='lat' dir='ltr'>Gardner</span> <span class='ocrx_word' id='word_1_41' title='bbox 842 799 962 830; x_wconf 85' lang='lat' dir='ltr'><strong>vxor</strong></span> <span class='ocrx_word' id='word_1_42' title='bbox 1004 778 1318 844; x_wconf 85' lang='lat' dir='ltr'>Kentegerni</span> <span class='ocrx_word' id='word_1_43' title='bbox 1355 777 1562 843; x_wconf 91' lang='lat' dir='ltr'>Dunlop</span> <span class='ocrx_word' id='word_1_44' title='bbox 1602 796 1749 827; x_wconf 87' lang='lat' dir='ltr'>vnam</span> <span class='ocrx_word' id='word_1_45' title='bbox 1791 796 1959 828; x_wconf 87' lang='lat' dir='ltr'>acram</span> <span class='ocrx_word' id='word_1_46' title='bbox 1995 797 2143 845; x_wconf 88' lang='lat' dir='ltr'>quam</span> <span class='ocrx_word' id='word_1_47' title='bbox 2178 780 2316 845; x_wconf 87' lang='lat' dir='ltr'><strong>prius</strong></span> <span class='ocrx_word' id='word_1_48' title='bbox 2352 781 2626 844; x_wconf 89' lang='lat' dir='ltr'>occupabat</span> 
     </span>
     <span class='ocr_line' id='line_1_8' title="bbox 568 870 2625 939; baseline -0.002 -14"><span class='ocrx_word' id='word_1_49' title='bbox 568 876 804 925; x_wconf 88' lang='lat' dir='ltr'>Elezabet</span> <span class='ocrx_word' id='word_1_50' title='bbox 842 874 976 939; x_wconf 87' lang='lat' dir='ltr'>Boys</span> <span class='ocrx_word' id='word_1_51' title='bbox 1019 900 1028 909; x_wconf 93' lang='lat'><strong>·</strong></span> <span class='ocrx_word' id='word_1_52' title='bbox 1073 871 1324 922; x_wconf 88' lang='lat' dir='ltr'>Soluendo</span> <span class='ocrx_word' id='word_1_53' title='bbox 1358 870 1605 919; x_wconf 87' lang='lat' dir='ltr'>monacho</span> <span class='ocrx_word' id='word_1_54' title='bbox 1645 873 1896 921; x_wconf 88' lang='lat' dir='ltr'><strong>communi</strong></span> <span class='ocrx_word' id='word_1_55' title='bbox 1932 873 2162 923; x_wconf 90' lang='lat' dir='ltr'>vndecim</span> <span class='ocrx_word' id='word_1_56' title='bbox 2196 873 2349 922; x_wconf 87' lang='lat' dir='ltr'>libras</span> <span class='ocrx_word' id='word_1_57' title='bbox 2384 872 2625 922; x_wconf 85' lang='lat' dir='ltr'>tredecim</span> 
     </span>
     <span class='ocr_line' id='line_1_9' title="bbox 564 962 2624 1030; baseline -0.001 -15"><span class='ocrx_word' id='word_1_58' title='bbox 564 968 743 1015; x_wconf 84' lang='lat' dir='ltr'>solidos</span> <span class='ocrx_word' id='word_1_59' title='bbox 768 974 817 1015; x_wconf 90' lang='lat' dir='ltr'>et</span> <span class='ocrx_word' id='word_1_60' title='bbox 841 972 1054 1030; x_wconf 86' lang='lat' dir='ltr'>quatuor</span> <span class='ocrx_word' id='word_1_61' title='bbox 1078 964 1311 1013; x_wconf 84' lang='lat' dir='ltr'>denarios</span> <span class='ocrx_word' id='word_1_62' title='bbox 1337 971 1534 1013; x_wconf 86' lang='lat' dir='ltr'>monete</span> <span class='ocrx_word' id='word_1_63' title='bbox 1562 962 1736 1013; x_wconf 88' lang='lat' dir='ltr'>Scocie</span> <span class='ocrx_word' id='word_1_64' title='bbox 1777 993 1787 1004; x_wconf 93' lang='lat'><strong>·</strong></span> <span class='ocrx_word' id='word_1_65' title='bbox 1824 965 2089 1015; x_wconf 83' lang='lat' dir='ltr'>reseruatis</span> <span class='ocrx_word' id='word_1_66' title='bbox 2115 965 2384 1015; x_wconf 89' lang='lat' dir='ltr'>conuentui</span> <span class='ocrx_word' id='word_1_67' title='bbox 2420 965 2624 1014; x_wconf 86' lang='lat' dir='ltr'><strong>decimis</strong></span> 
     </span>
     <span class='ocr_line' id='line_1_10' title="bbox 564 1056 2623 1123; baseline -0 -17"><span class='ocrx_word' id='word_1_68' title='bbox 564 1060 652 1107; x_wconf 91' lang='lat' dir='ltr'>lini</span> <span class='ocrx_word' id='word_1_69' title='bbox 689 1067 738 1108; x_wconf 87' lang='lat' dir='ltr'>et</span> <span class='ocrx_word' id='word_1_70' title='bbox 774 1058 977 1123; x_wconf 88' lang='lat' dir='ltr'>canopis</span> <span class='ocrx_word' id='word_1_71' title='bbox 1010 1056 1314 1106; x_wconf 88' lang='lat' dir='ltr'>cresencium</span> <span class='ocrx_word' id='word_1_72' title='bbox 1350 1056 1403 1104; x_wconf 92' lang='lat' dir='ltr'>in</span> <span class='ocrx_word' id='word_1_73' title='bbox 1440 1056 1582 1105; x_wconf 56' lang='lat' dir='ltr'>dietis</span> <span class='ocrx_word' id='word_1_74' title='bbox 1619 1057 1766 1106; x_wconf 84' lang='lat' dir='ltr'>terris</span> <span class='ocrx_word' id='word_1_75' title='bbox 1808 1086 1818 1096; x_wconf 91' lang='lat'><strong>·</strong></span> <span class='ocrx_word' id='word_1_76' title='bbox 1863 1065 1913 1106; x_wconf 87' lang='lat' dir='ltr'>et</span> <span class='ocrx_word' id='word_1_77' title='bbox 1948 1058 2177 1107; x_wconf 88' lang='lat' dir='ltr'>ducendo</span> <span class='ocrx_word' id='word_1_78' title='bbox 2213 1057 2457 1107; x_wconf 89' lang='lat' dir='ltr'>monacho</span> <span class='ocrx_word' id='word_1_79' title='bbox 2494 1075 2623 1105; x_wconf 89' lang='lat' dir='ltr'>com·</span> 
     </span>
     <span class='ocr_line' id='line_1_11' title="bbox 564 1148 2621 1215; baseline -0.001 -16"><span class='ocrx_word' id='word_1_80' title='bbox 564 1150 819 1200; x_wconf 88' lang='lat' dir='ltr'>munitatis</span> <span class='ocrx_word' id='word_1_81' title='bbox 868 1149 1045 1214; x_wconf 87' lang='lat' dir='ltr'><strong>viginti</strong></span> <span class='ocrx_word' id='word_1_82' title='bbox 1094 1148 1393 1214; x_wconf 85' lang='lat' dir='ltr'>plaustratus</span> <span class='ocrx_word' id='word_1_83' title='bbox 1439 1149 1696 1215; x_wconf 86' lang='lat' dir='ltr'>glebarum</span> <span class='ocrx_word' id='word_1_84' title='bbox 1744 1150 1804 1199; x_wconf 89' lang='lat' dir='ltr'>ad</span> <span class='ocrx_word' id='word_1_85' title='bbox 1855 1151 2208 1199; x_wconf 88' lang='lat' dir='ltr'>monasterium</span> <span class='ocrx_word' id='word_1_86' title='bbox 2253 1150 2485 1199; x_wconf 84' lang='lat' dir='ltr'>videlicet</span> <span class='ocrx_word' id='word_1_87' title='bbox 2531 1167 2621 1214; x_wconf 90' lang='lat' dir='ltr'>pro</span> 
     </span>
     <span class='ocr_line' id='line_1_12' title="bbox 564 1241 2620 1308; baseline -0 -17"><span class='ocrx_word' id='word_1_88' title='bbox 564 1259 855 1307; x_wconf 86' lang='lat' dir='ltr'>vnaquaque</span> <span class='ocrx_word' id='word_1_89' title='bbox 881 1259 998 1291; x_wconf 88' lang='lat' dir='ltr'>acra</span> <span class='ocrx_word' id='word_1_90' title='bbox 1021 1241 1280 1290; x_wconf 89' lang='lat' dir='ltr'><strong>dimidium</strong></span> <span class='ocrx_word' id='word_1_91' title='bbox 1307 1241 1607 1306; x_wconf 84' lang='lat' dir='ltr'>plaustratus</span> <span class='ocrx_word' id='word_1_92' title='bbox 1631 1243 1831 1308; x_wconf 91' lang='lat' dir='ltr'>quando</span> <span class='ocrx_word' id='word_1_93' title='bbox 1855 1243 2124 1307; x_wconf 87' lang='lat' dir='ltr'>premoniti</span> <span class='ocrx_word' id='word_1_94' title='bbox 2149 1242 2336 1291; x_wconf 88' lang='lat' dir='ltr'>fuerint</span> <span class='ocrx_word' id='word_1_95' title='bbox 2365 1272 2375 1281; x_wconf 88' lang='lat'><strong>·</strong></span> <span class='ocrx_word' id='word_1_96' title='bbox 2411 1259 2620 1291; x_wconf 88' lang='lat' dir='ltr'>vnacum</span> 
     </span>
     <span class='ocr_line' id='line_1_13' title="bbox 563 1333 2114 1399; baseline 0.001 -18"><span class='ocrx_word' id='word_1_97' title='bbox 563 1335 699 1384; x_wconf 61' lang='lat' dir='ltr'>sectis</span> <span class='ocrx_word' id='word_1_98' title='bbox 724 1335 786 1382; x_wconf 90' lang='lat' dir='ltr'>ad</span> <span class='ocrx_word' id='word_1_99' title='bbox 813 1334 975 1383; x_wconf 86' lang='lat' dir='ltr'>curias</span> <span class='ocrx_word' id='word_1_100' title='bbox 1000 1333 1341 1383; x_wconf 84' lang='lat' dir='ltr'>elemofinarie</span> <span class='ocrx_word' id='word_1_101' title='bbox 1367 1334 1608 1399; x_wconf 85' lang='lat' dir='ltr'>capitales</span> <span class='ocrx_word' id='word_1_102' title='bbox 1633 1363 1643 1372; x_wconf 90' lang='lat'><strong>·</strong></span> <span class='ocrx_word' id='word_1_103' title='bbox 1669 1333 1731 1387; x_wconf 84' lang='lat'>27</span> <span class='ocrx_word' id='word_1_104' title='bbox 1759 1334 1943 1383; x_wconf 87' lang='lat' dir='ltr'>Marcii</span> <span class='ocrx_word' id='word_1_105' title='bbox 1973 1338 2114 1383; x_wconf 85' lang='lat'>1528.</span> 
     </span>
    </p>
   </div>
   <div class='ocr_carea' id='block_1_5' title="bbox 560 1594 2619 1680">
    <p class='ocr_par' dir='ltr' id='par_1_5' title="bbox 560 1594 2619 1680">
     <span class='ocr_line' id='line_1_14' title="bbox 560 1594 2619 1680; baseline -0.002 -14"><span class='ocrx_word' id='word_1_106' title='bbox 560 1594 710 1666; x_wconf 82' lang='lat' dir='ltr'>Idem</span> <span class='ocrx_word' id='word_1_107' title='bbox 737 1615 918 1665; x_wconf 84' lang='lat' dir='ltr'>affedat</span> <span class='ocrx_word' id='word_1_108' title='bbox 942 1632 1034 1680; x_wconf 90' lang='lat' dir='ltr'>pro</span> <span class='ocrx_word' id='word_1_109' title='bbox 1058 1613 1389 1663; x_wconf 90' lang='lat' dir='ltr'>nouendecim</span> <span class='ocrx_word' id='word_1_110' title='bbox 1427 1614 1571 1663; x_wconf 84' lang='lat' dir='ltr'><strong>annis</strong></span> <span class='ocrx_word' id='word_1_111' title='bbox 1606 1604 1641 1662; x_wconf 84' lang='lat' dir='ltr'><strong>J</strong></span> <span class='ocrx_word' id='word_1_112' title='bbox 1644 1614 1799 1662; x_wconf 86' lang='lat' dir='ltr'>acobo</span> <span class='ocrx_word' id='word_1_113' title='bbox 1832 1611 2121 1680; x_wconf 84' lang='lat' dir='ltr'>Straquhyn</span> <span class='ocrx_word' id='word_1_114' title='bbox 2146 1614 2207 1662; x_wconf 89' lang='lat' dir='ltr'>de</span> <span class='ocrx_word' id='word_1_115' title='bbox 2233 1613 2533 1663; x_wconf 90' lang='lat' dir='ltr'><strong>Monbodow</strong></span> <span class='ocrx_word' id='word_1_116' title='bbox 2570 1622 2619 1662; x_wconf 87' lang='lat' dir='ltr'>et</span> 
     </span>
    </p>
   </div>
   <div class='ocr_carea' id='block_1_6' title="bbox 557 1704 2616 1864">
    <p class='ocr_par' dir='ltr' id='par_1_6' title="bbox 557 1704 2616 1864">
     <span class='ocr_line' id='line_1_15' title="bbox 557 1704 2616 1774; baseline 0 -19"><span class='ocrx_word' id='word_1_117' title='bbox 557 1708 590 1756; x_wconf 91' lang='lat' dir='ltr'>J</span> <span class='ocrx_word' id='word_1_118' title='bbox 595 1717 738 1757; x_wconf 90' lang='lat' dir='ltr'>onete</span> <span class='ocrx_word' id='word_1_119' title='bbox 761 1709 973 1774; x_wconf 87' lang='lat' dir='ltr'><strong>Gardyn</strong></span> <span class='ocrx_word' id='word_1_120' title='bbox 997 1708 1102 1757; x_wconf 84' lang='lat' dir='ltr'>eius</span> <span class='ocrx_word' id='word_1_121' title='bbox 1127 1708 1298 1773; x_wconf 85' lang='lat' dir='ltr'>sponse</span> <span class='ocrx_word' id='word_1_122' title='bbox 1325 1734 1334 1744; x_wconf 91' lang='lat'><strong>·</strong></span> <span class='ocrx_word' id='word_1_123' title='bbox 1359 1706 1395 1756; x_wconf 85' lang='lat' dir='ltr'>J</span> <span class='ocrx_word' id='word_1_124' title='bbox 1398 1705 1584 1756; x_wconf 90' lang='lat' dir='ltr'><strong>ohanni</strong></span> <span class='ocrx_word' id='word_1_125' title='bbox 1612 1704 1898 1771; x_wconf 88' lang='lat' dir='ltr'>Straquhyn</span> <span class='ocrx_word' id='word_1_126' title='bbox 1925 1713 1975 1754; x_wconf 90' lang='lat' dir='ltr'>et</span> <span class='ocrx_word' id='word_1_127' title='bbox 1998 1705 2306 1755; x_wconf 85' lang='lat' dir='ltr'>Allexandro</span> <span class='ocrx_word' id='word_1_128' title='bbox 2330 1705 2616 1773; x_wconf 87' lang='lat' dir='ltr'>Straquhyn</span> 
     </span>
     <span class='ocr_line' id='line_1_16' title="bbox 558 1797 2615 1864; baseline -0 -16"><span class='ocrx_word' id='word_1_129' title='bbox 558 1817 727 1849; x_wconf 88' lang='lat' dir='ltr'>eorum</span> <span class='ocrx_word' id='word_1_130' title='bbox 771 1800 884 1848; x_wconf 87' lang='lat' dir='ltr'>filiis</span> <span class='ocrx_word' id='word_1_131' title='bbox 932 1829 942 1838; x_wconf 94' lang='lat'><strong>·</strong></span> <span class='ocrx_word' id='word_1_132' title='bbox 990 1808 1038 1849; x_wconf 88' lang='lat' dir='ltr'>et</span> <span class='ocrx_word' id='word_1_133' title='bbox 1082 1816 1255 1849; x_wconf 91' lang='lat' dir='ltr'>eorum</span> <span class='ocrx_word' id='word_1_134' title='bbox 1299 1799 1550 1864; x_wconf 83' lang='lat' dir='ltr'>affignatis</span> <span class='ocrx_word' id='word_1_135' title='bbox 1592 1797 1965 1847; x_wconf 87' lang='lat' dir='ltr'>subtenentibus</span> <span class='ocrx_word' id='word_1_136' title='bbox 2007 1805 2056 1847; x_wconf 89' lang='lat' dir='ltr'>et</span> <span class='ocrx_word' id='word_1_137' title='bbox 2098 1799 2471 1848; x_wconf 87' lang='lat' dir='ltr'>coadiutoribus</span> <span class='ocrx_word' id='word_1_138' title='bbox 2514 1817 2615 1848; x_wconf 89' lang='lat' dir='ltr'>non</span> 
     </span>
    </p>
   </div>
   <div class='ocr_carea' id='block_1_7' title="bbox 556 1890 2613 2330">
    <p class='ocr_par' dir='ltr' id='par_1_7' title="bbox 556 1890 2613 2330">
     <span class='ocr_line' id='line_1_17' title="bbox 556 1890 2613 1957; baseline 0.001 -17"><span class='ocrx_word' id='word_1_139' title='bbox 556 1893 755 1941; x_wconf 82' lang='lat' dir='ltr'>maioris</span> <span class='ocrx_word' id='word_1_140' title='bbox 796 1893 947 1942; x_wconf 85' lang='lat' dir='ltr'>status</span> <span class='ocrx_word' id='word_1_141' title='bbox 989 1891 1131 1941; x_wconf 84' lang='lat' dir='ltr'>villas</span> <span class='ocrx_word' id='word_1_142' title='bbox 1179 1899 1227 1940; x_wconf 87' lang='lat' dir='ltr'>et</span> <span class='ocrx_word' id='word_1_143' title='bbox 1271 1900 1431 1941; x_wconf 86' lang='lat' dir='ltr'>terras</span> <span class='ocrx_word' id='word_1_144' title='bbox 1477 1892 1538 1940; x_wconf 92' lang='lat' dir='ltr'>de</span> <span class='ocrx_word' id='word_1_145' title='bbox 1583 1890 1762 1957; x_wconf 86' lang='lat' dir='ltr'>Mekyl</span> <span class='ocrx_word' id='word_1_146' title='bbox 1807 1890 2003 1941; x_wconf 85' lang='lat' dir='ltr'>Culbak</span> <span class='ocrx_word' id='word_1_147' title='bbox 2051 1900 2100 1941; x_wconf 88' lang='lat' dir='ltr'>et</span> <span class='ocrx_word' id='word_1_148' title='bbox 2143 1891 2317 1957; x_wconf 82' lang='lat' dir='ltr'>Lytyll</span> <span class='ocrx_word' id='word_1_149' title='bbox 2367 1892 2562 1942; x_wconf 87' lang='lat' dir='ltr'>Culbak</span> <span class='ocrx_word' id='word_1_150' title='bbox 2603 1921 2613 1931; x_wconf 93' lang='lat'><strong>·</strong></span> 
     </span>
     <span class='ocr_line' id='line_1_18' title="bbox 558 1983 2613 2051; baseline 0 -17"><span class='ocrx_word' id='word_1_151' title='bbox 558 1986 805 2034; x_wconf 83' lang='lat' dir='ltr'>Soluendo</span> <span class='ocrx_word' id='word_1_152' title='bbox 830 2003 921 2051; x_wconf 90' lang='lat' dir='ltr'>pro</span> <span class='ocrx_word' id='word_1_153' title='bbox 948 1985 1141 2051; x_wconf 86' lang='lat' dir='ltr'>Mekyll</span> <span class='ocrx_word' id='word_1_154' title='bbox 1169 1983 1389 2034; x_wconf 86' lang='lat' dir='ltr'>Cowbak</span> <span class='ocrx_word' id='word_1_155' title='bbox 1416 1983 1779 2050; x_wconf 83' lang='lat' dir='ltr'><strong>quinquaginta</strong></span> <span class='ocrx_word' id='word_1_156' title='bbox 1802 1990 1904 2032; x_wconf 87' lang='lat' dir='ltr'>tres</span> <span class='ocrx_word' id='word_1_157' title='bbox 1939 1983 2120 2032; x_wconf 86' lang='lat' dir='ltr'>solidos</span> <span class='ocrx_word' id='word_1_158' title='bbox 2145 1992 2194 2033; x_wconf 84' lang='lat' dir='ltr'>et</span> <span class='ocrx_word' id='word_1_159' title='bbox 2218 1992 2431 2049; x_wconf 87' lang='lat' dir='ltr'>quatuor</span> <span class='ocrx_word' id='word_1_160' title='bbox 2466 1986 2613 2034; x_wconf 89' lang='lat' dir='ltr'>dena-</span> 
     </span>
     <span class='ocr_line' id='line_1_19' title="bbox 556 2075 2612 2143; baseline 0 -18"><span class='ocrx_word' id='word_1_161' title='bbox 556 2078 655 2125; x_wconf 86' lang='lat' dir='ltr'><strong>rios</strong></span> <span class='ocrx_word' id='word_1_162' title='bbox 690 2086 886 2127; x_wconf 88' lang='lat' dir='ltr'>monete</span> <span class='ocrx_word' id='word_1_163' title='bbox 923 2076 1095 2127; x_wconf 86' lang='lat' dir='ltr'>Scocie</span> <span class='ocrx_word' id='word_1_164' title='bbox 1136 2107 1146 2117; x_wconf 89' lang='lat'><strong>·</strong></span> <span class='ocrx_word' id='word_1_165' title='bbox 1186 2085 1235 2126; x_wconf 87' lang='lat' dir='ltr'>et</span> <span class='ocrx_word' id='word_1_166' title='bbox 1268 2095 1359 2142; x_wconf 88' lang='lat' dir='ltr'>pro</span> <span class='ocrx_word' id='word_1_167' title='bbox 1396 2077 1552 2143; x_wconf 86' lang='lat' dir='ltr'>Lityll</span> <span class='ocrx_word' id='word_1_168' title='bbox 1591 2075 1811 2126; x_wconf 89' lang='lat' dir='ltr'>Cowbak</span> <span class='ocrx_word' id='word_1_169' title='bbox 1851 2076 2184 2142; x_wconf 84' lang='lat' dir='ltr'>quadraginta</span> <span class='ocrx_word' id='word_1_170' title='bbox 2216 2084 2317 2126; x_wconf 88' lang='lat' dir='ltr'>tres</span> <span class='ocrx_word' id='word_1_171' title='bbox 2349 2077 2527 2126; x_wconf 87' lang='lat' dir='ltr'>solidos</span> <span class='ocrx_word' id='word_1_172' title='bbox 2564 2086 2612 2127; x_wconf 90' lang='lat' dir='ltr'>et</span> 
     </span>
     <span class='ocr_line' id='line_1_20' title="bbox 557 2168 2610 2235; baseline 0 -16"><span class='ocrx_word' id='word_1_173' title='bbox 557 2180 767 2235; x_wconf 87' lang='lat' dir='ltr'>quatuor</span> <span class='ocrx_word' id='word_1_174' title='bbox 792 2171 1022 2221; x_wconf 86' lang='lat' dir='ltr'>denarios</span> <span class='ocrx_word' id='word_1_175' title='bbox 1048 2171 1266 2219; x_wconf 84' lang='lat' dir='ltr'>eiusdem</span> <span class='ocrx_word' id='word_1_176' title='bbox 1292 2178 1489 2219; x_wconf 89' lang='lat' dir='ltr'>monete</span> <span class='ocrx_word' id='word_1_177' title='bbox 1524 2199 1534 2209; x_wconf 93' lang='lat'><strong>·</strong></span> <span class='ocrx_word' id='word_1_178' title='bbox 1569 2185 1782 2218; x_wconf 89' lang='lat' dir='ltr'>vnacum</span> <span class='ocrx_word' id='word_1_179' title='bbox 1807 2175 2033 2234; x_wconf 88' lang='lat' dir='ltr'>rynmart</span> <span class='ocrx_word' id='word_1_180' title='bbox 2059 2168 2250 2233; x_wconf 87' lang='lat' dir='ltr'>veddyr</span> <span class='ocrx_word' id='word_1_181' title='bbox 2275 2169 2463 2218; x_wconf 86' lang='lat' dir='ltr'>custum</span> <span class='ocrx_word' id='word_1_182' title='bbox 2490 2188 2610 2219; x_wconf 91' lang='lat' dir='ltr'>corn</span> 
     </span>
     <span class='ocr_line' id='line_1_21' title="bbox 556 2260 2402 2330; baseline -0.001 -18"><span class='ocrx_word' id='word_1_183' title='bbox 556 2282 710 2330; x_wconf 88' lang='lat' dir='ltr'>cayne</span> <span class='ocrx_word' id='word_1_184' title='bbox 737 2272 786 2313; x_wconf 90' lang='lat' dir='ltr'>et</span> <span class='ocrx_word' id='word_1_185' title='bbox 810 2264 920 2312; x_wconf 87' lang='lat' dir='ltr'>aliis</span> <span class='ocrx_word' id='word_1_186' title='bbox 944 2263 1310 2312; x_wconf 89' lang='lat' dir='ltr'>husbandorum</span> <span class='ocrx_word' id='word_1_187' title='bbox 1336 2262 1571 2312; x_wconf 86' lang='lat' dir='ltr'><strong>oneribus</strong></span> <span class='ocrx_word' id='word_1_188' title='bbox 1597 2270 1646 2311; x_wconf 88' lang='lat' dir='ltr'>et</span> <span class='ocrx_word' id='word_1_189' title='bbox 1669 2261 1891 2310; x_wconf 80' lang='lat' dir='ltr'>seruiciis</span> <span class='ocrx_word' id='word_1_190' title='bbox 1917 2289 1928 2300; x_wconf 90' lang='lat'><strong>·</strong></span> <span class='ocrx_word' id='word_1_191' title='bbox 1954 2265 2020 2310; x_wconf 87' lang='lat'>30</span> <span class='ocrx_word' id='word_1_192' title='bbox 2046 2260 2228 2310; x_wconf 89' lang='lat' dir='ltr'>Marcii</span> <span class='ocrx_word' id='word_1_193' title='bbox 2258 2266 2402 2311; x_wconf 80' lang='lat'>1528.</span> 
     </span>
    </p>
   </div>
   <div class='ocr_carea' id='block_1_8' title="bbox 551 2523 2605 2886">
    <p class='ocr_par' dir='ltr' id='par_1_8' title="bbox 551 2523 2605 2886">
     <span class='ocr_line' id='line_1_22' title="bbox 554 2523 2605 2609; baseline -0.002 -15"><span class='ocrx_word' id='word_1_194' title='bbox 554 2523 703 2594; x_wconf 81' lang='lat' dir='ltr'>Idem</span> <span class='ocrx_word' id='word_1_195' title='bbox 742 2561 831 2608; x_wconf 90' lang='lat' dir='ltr'>pro</span> <span class='ocrx_word' id='word_1_196' title='bbox 872 2552 1008 2593; x_wconf 87' lang='lat' dir='ltr'>certa</span> <span class='ocrx_word' id='word_1_197' title='bbox 1045 2545 1232 2593; x_wconf 90' lang='lat' dir='ltr'>summa</span> <span class='ocrx_word' id='word_1_198' title='bbox 1269 2545 1480 2609; x_wconf 84' lang='lat' dir='ltr'>pecunie</span> <span class='ocrx_word' id='word_1_199' title='bbox 1517 2544 1700 2592; x_wconf 84' lang='lat' dir='ltr'>affedat</span> <span class='ocrx_word' id='word_1_200' title='bbox 1731 2560 1823 2608; x_wconf 87' lang='lat' dir='ltr'>pro</span> <span class='ocrx_word' id='word_1_201' title='bbox 1856 2542 2185 2591; x_wconf 89' lang='lat' dir='ltr'>nouendecim</span> <span class='ocrx_word' id='word_1_202' title='bbox 2216 2543 2358 2590; x_wconf 87' lang='lat' dir='ltr'><strong>annis</strong></span> <span class='ocrx_word' id='word_1_203' title='bbox 2382 2542 2605 2591; x_wconf 89' lang='lat' dir='ltr'><strong>Johanni</strong></span> 
     </span>
     <span class='ocr_line' id='line_1_23' title="bbox 557 2635 2604 2701; baseline 0 -17"><span class='ocrx_word' id='word_1_204' title='bbox 557 2636 818 2685; x_wconf 85' lang='lat' dir='ltr'>Chawmar</span> <span class='ocrx_word' id='word_1_205' title='bbox 848 2636 1078 2701; x_wconf 69' lang='lat' dir='ltr'>burgensi</span> <span class='ocrx_word' id='word_1_206' title='bbox 1105 2637 1166 2684; x_wconf 91' lang='lat' dir='ltr'>de</span> <span class='ocrx_word' id='word_1_207' title='bbox 1191 2636 1449 2685; x_wconf 90' lang='lat' dir='ltr'>Abirdene</span> <span class='ocrx_word' id='word_1_208' title='bbox 1486 2644 1535 2685; x_wconf 86' lang='lat' dir='ltr'>et</span> <span class='ocrx_word' id='word_1_209' title='bbox 1572 2635 1781 2685; x_wconf 87' lang='lat' dir='ltr'>Isobelle</span> <span class='ocrx_word' id='word_1_210' title='bbox 1817 2635 2036 2685; x_wconf 89' lang='lat' dir='ltr'>Rolland</span> <span class='ocrx_word' id='word_1_211' title='bbox 2071 2636 2175 2684; x_wconf 88' lang='lat' dir='ltr'>eius</span> <span class='ocrx_word' id='word_1_212' title='bbox 2211 2635 2379 2700; x_wconf 89' lang='lat' dir='ltr'>sponse</span> <span class='ocrx_word' id='word_1_213' title='bbox 2416 2635 2604 2699; x_wconf 86' lang='lat' dir='ltr'>suisque</span> 
     </span>
     <span class='ocr_line' id='line_1_24' title="bbox 553 2727 2602 2792; baseline 0.001 -17"><span class='ocrx_word' id='word_1_214' title='bbox 553 2727 800 2792; x_wconf 82' lang='lat' dir='ltr'>affignatis</span> <span class='ocrx_word' id='word_1_215' title='bbox 825 2728 1193 2776; x_wconf 84' lang='lat' dir='ltr'>coadiutoribus</span> <span class='ocrx_word' id='word_1_216' title='bbox 1218 2736 1267 2776; x_wconf 89' lang='lat' dir='ltr'>et</span> <span class='ocrx_word' id='word_1_217' title='bbox 1290 2728 1663 2778; x_wconf 85' lang='lat' dir='ltr'>subtenentibus</span> <span class='ocrx_word' id='word_1_218' title='bbox 1687 2745 1789 2777; x_wconf 92' lang='lat' dir='ltr'>non</span> <span class='ocrx_word' id='word_1_219' title='bbox 1814 2728 2015 2778; x_wconf 81' lang='lat' dir='ltr'>maioris</span> <span class='ocrx_word' id='word_1_220' title='bbox 2040 2728 2192 2778; x_wconf 87' lang='lat' dir='ltr'>status</span> <span class='ocrx_word' id='word_1_221' title='bbox 2218 2736 2376 2777; x_wconf 88' lang='lat' dir='ltr'>terras</span> <span class='ocrx_word' id='word_1_222' title='bbox 2400 2728 2516 2776; x_wconf 90' lang='lat' dir='ltr'>ville</span> <span class='ocrx_word' id='word_1_223' title='bbox 2541 2729 2602 2777; x_wconf 92' lang='lat' dir='ltr'>de</span> 
     </span>
     <span class='ocr_line' id='line_1_25' title="bbox 551 2819 2601 2886; baseline 0.001 -20"><span class='ocrx_word' id='word_1_224' title='bbox 551 2819 819 2884; x_wconf 83' lang='lat' dir='ltr'>Petcrethy</span> <span class='ocrx_word' id='word_1_225' title='bbox 857 2819 987 2867; x_wconf 84' lang='lat' dir='ltr'>infra</span> <span class='ocrx_word' id='word_1_226' title='bbox 1023 2819 1279 2867; x_wconf 85' lang='lat' dir='ltr'><strong>baroniam</strong></span> <span class='ocrx_word' id='word_1_227' title='bbox 1318 2820 1378 2868; x_wconf 90' lang='lat' dir='ltr'>de</span> <span class='ocrx_word' id='word_1_228' title='bbox 1418 2819 1611 2869; x_wconf 87' lang='lat' dir='ltr'>Teruas</span> <span class='ocrx_word' id='word_1_229' title='bbox 1653 2828 1702 2870; x_wconf 86' lang='lat' dir='ltr'>et</span> <span class='ocrx_word' id='word_1_230' title='bbox 1741 2820 2050 2886; x_wconf 85' lang='lat' dir='ltr'>regalitatem</span> <span class='ocrx_word' id='word_1_231' title='bbox 2091 2821 2153 2869; x_wconf 91' lang='lat' dir='ltr'>de</span> <span class='ocrx_word' id='word_1_232' title='bbox 2189 2820 2448 2885; x_wconf 85' lang='lat' dir='ltr'>Arbroyth</span> <span class='ocrx_word' id='word_1_233' title='bbox 2489 2838 2601 2869; x_wconf 90' lang='lat' dir='ltr'>cum</span> 
     </span>
    </p>
   </div>
   <div class='ocr_carea' id='block_1_9' title="bbox 551 2909 2696 2976">
    <p class='ocr_par' dir='ltr' id='par_1_9' title="bbox 551 2909 2696 2976">
     <span class='ocr_line' id='line_1_26' title="bbox 551 2909 2696 2976; baseline 0.001 -19"><span class='ocrx_word' id='word_1_234' title='bbox 551 2909 791 2974; x_wconf 85' lang='lat' dir='ltr'>potestate</span> <span class='ocrx_word' id='word_1_235' title='bbox 834 2917 1057 2958; x_wconf 88' lang='lat' dir='ltr'>tenentes</span> <span class='ocrx_word' id='word_1_236' title='bbox 1100 2918 1148 2957; x_wconf 85' lang='lat' dir='ltr'>et</span> <span class='ocrx_word' id='word_1_237' title='bbox 1189 2910 1502 2959; x_wconf 87' lang='lat' dir='ltr'>subtenentes</span> <span class='ocrx_word' id='word_1_238' title='bbox 1542 2911 1833 2976; x_wconf 87' lang='lat' dir='ltr'><strong>imponendi</strong></span> <span class='ocrx_word' id='word_1_239' title='bbox 1869 2920 1919 2961; x_wconf 90' lang='lat' dir='ltr'>et</span> <span class='ocrx_word' id='word_1_240' title='bbox 1960 2911 2250 2960; x_wconf 81' lang='lat' dir='ltr'>remouendi</span> <span class='ocrx_word' id='word_1_241' title='bbox 2292 2941 2301 2949; x_wconf 93' lang='lat'><strong>·</strong></span> <span class='ocrx_word' id='word_1_242' title='bbox 2351 2910 2599 2960; x_wconf 90' lang='lat' dir='ltr'>Soluendo</span> <span class='ocrx_word' id='word_1_243' title='bbox 2693 2951 2696 2953; x_wconf 17' lang='grc' dir='ltr'><strong>Α</strong></span> 
     </span>
    </p>
   </div>
   <div class='ocr_carea' id='block_1_10' title="bbox 551 3000 2599 3158">
    <p class='ocr_par' dir='ltr' id='par_1_10' title="bbox 551 3000 2599 3158">
     <span class='ocr_line' id='line_1_27' title="bbox 551 3000 2599 3069; baseline 0.001 -21"><span class='ocrx_word' id='word_1_244' title='bbox 551 3002 782 3050; x_wconf 88' lang='lat' dir='ltr'>summam</span> <span class='ocrx_word' id='word_1_245' title='bbox 809 3001 959 3049; x_wconf 90' lang='lat' dir='ltr'>trium</span> <span class='ocrx_word' id='word_1_246' title='bbox 981 3000 1217 3049; x_wconf 83' lang='lat' dir='ltr'>librarum</span> <span class='ocrx_word' id='word_1_247' title='bbox 1242 3010 1439 3051; x_wconf 90' lang='lat' dir='ltr'>monete</span> <span class='ocrx_word' id='word_1_248' title='bbox 1467 3001 1640 3052; x_wconf 86' lang='lat' dir='ltr'>Scocie</span> <span class='ocrx_word' id='word_1_249' title='bbox 1666 3020 1778 3052; x_wconf 92' lang='lat' dir='ltr'>cum</span> <span class='ocrx_word' id='word_1_250' title='bbox 1803 3011 2030 3069; x_wconf 86' lang='lat' dir='ltr'>rynmart</span> <span class='ocrx_word' id='word_1_251' title='bbox 2052 3003 2243 3068; x_wconf 90' lang='lat' dir='ltr'>veddyr</span> <span class='ocrx_word' id='word_1_252' title='bbox 2265 3002 2452 3052; x_wconf 87' lang='lat' dir='ltr'>custum</span> <span class='ocrx_word' id='word_1_253' title='bbox 2479 3021 2599 3052; x_wconf 89' lang='lat' dir='ltr'>corn</span> 
     </span>
     <span class='ocr_line' id='line_1_28' title="bbox 552 3092 2597 3158; baseline 0.001 -17"><span class='ocrx_word' id='word_1_254' title='bbox 552 3102 601 3141; x_wconf 91' lang='lat' dir='ltr'>et</span> <span class='ocrx_word' id='word_1_255' title='bbox 624 3092 772 3158; x_wconf 86' lang='lat' dir='ltr'>pullis</span> <span class='ocrx_word' id='word_1_256' title='bbox 797 3093 858 3141; x_wconf 91' lang='lat' dir='ltr'>de</span> <span class='ocrx_word' id='word_1_257' title='bbox 882 3093 929 3141; x_wconf 88' lang='lat' dir='ltr'>le</span> <span class='ocrx_word' id='word_1_258' title='bbox 955 3109 1077 3141; x_wconf 90' lang='lat' dir='ltr'>cane</span> <span class='ocrx_word' id='word_1_259' title='bbox 1102 3099 1150 3140; x_wconf 89' lang='lat' dir='ltr'>et</span> <span class='ocrx_word' id='word_1_260' title='bbox 1176 3092 1285 3140; x_wconf 87' lang='lat' dir='ltr'>aliis</span> <span class='ocrx_word' id='word_1_261' title='bbox 1308 3092 1672 3143; x_wconf 86' lang='lat' dir='ltr'><strong>husbandorum</strong></span> <span class='ocrx_word' id='word_1_262' title='bbox 1699 3096 1932 3145; x_wconf 87' lang='lat' dir='ltr'><strong>oneribus</strong></span> <span class='ocrx_word' id='word_1_263' title='bbox 1957 3104 2006 3144; x_wconf 91' lang='lat' dir='ltr'>et</span> <span class='ocrx_word' id='word_1_264' title='bbox 2031 3095 2251 3144; x_wconf 88' lang='lat' dir='ltr'>seruiciis</span> <span class='ocrx_word' id='word_1_265' title='bbox 2270 3122 2292 3133; x_wconf 91' lang='lat'>-·</span> <span class='ocrx_word' id='word_1_266' title='bbox 2326 3099 2385 3143; x_wconf 91' lang='lat'>31</span> <span class='ocrx_word' id='word_1_267' title='bbox 2416 3094 2597 3144; x_wconf 83' lang='lat' dir='ltr'>Marcii</span> 
     </span>
    </p>
   </div>
   <div class='ocr_carea' id='block_1_11' title="bbox 556 3190 700 3234">
    <p class='ocr_par' dir='ltr' id='par_1_11' title="bbox 556 3190 700 3234">
     <span class='ocr_line' id='line_1_29' title="bbox 556 3190 700 3234; baseline 0.014 -2"><span class='ocrx_word' id='word_1_268' title='bbox 556 3190 700 3234; x_wconf 84' lang='lat'>1528.</span> 
     </span>
    </p>
   </div>
  </div>
 </body>
</html>
