2762 3834
444 1856 540 1904 409

584 369 683 414 330
1033 357 1457 413 REGISTRUM
1490 355 1589 405 DE
1624 353 2181 404 ABERBROTHOC.

641 535 652 545 .
689 535 699 545 .
740 496 940 545 venient
964 494 1028 543 ad
1051 492 1387 542 molendinum
1408 488 1626 536 nostrum
1648 485 1836 534 Warde
1860 486 1924 535 ad
1942 485 2226 535 molendum
2245 494 2403 537 totum
2426 486 2624 536 bladum

584 588 719 636 suum
769 625 778 635 .
822 626 831 634 .
880 625 889 635 .
938 584 1191 634 reddendo
1234 619 1246 630 .
1295 621 1303 629 .
1353 620 1362 629 .
1411 579 1541 628 dian
1584 577 1870 626 molendino
1918 586 2017 626 tres
2063 578 2266 628 ferlotas
2306 578 2368 627 de
2410 579 2627 643 qualibet

586 678 754 727 coldra
777 683 966 725 tantum
991 674 1107 723 licet
1130 680 1287 722 totum
1314 671 1496 719 di&um
1520 669 1722 718 bladum
1756 669 1821 718 ad
1854 670 2066 734 burgum
2093 669 2243 719 fuerit
2267 670 2579 734 deportatum
2616 697 2626 708 ·

588 768 696 817 Nec
720 766 890 815 licebit
927 801 939 813 .
984 802 995 813 .
1041 802 1052 812 .
1095 763 1277 812 Jonete
1318 800 1330 810 .
1376 799 1386 809 .
1427 799 1438 809 .
1482 761 1644 809 virum
1670 760 1949 810 conducere
1993 798 2005 810 .
2054 798 2063 807 .
2110 798 2121 810 .
2165 760 2265 810 fine
2289 760 2456 810 nostra
2478 761 2630 810 licen·

586 859 663 907 cia
699 894 710 905 .
750 894 761 905 .
808 893 819 905 .
861 856 927 905 Et
953 855 1157 904 vlterius
1181 872 1281 902 non
1307 852 1477 902 licebit
1515 890 1526 901 .
1566 890 1578 901 .
1618 890 1630 901 .
1665 851 1850 901 Jonete
1888 889 1899 901 .
1940 890 1951 901 .
1991 890 2003 900 .
2053 851 2273 909 Roberto
2308 879 2320 891 ·
2355 851 2581 901 Esobelle
2619 879 2628 890 ·

586 958 634 998 et
661 948 949 997 Alexandro
988 985 998 995 .
1047 985 1057 995 .
1098 984 1109 995 .
1146 955 1305 996 terras
1347 982 1358 994 .
1406 983 1416 994 .
1456 982 1467 994 .
1506 944 1655 994 alicui
1690 982 1701 993 .
1746 982 1757 992 .
1803 981 1815 993 .
1859 942 2076 993 affedare
2101 943 2201 992 fine
2227 942 2396 992 nostra
2418 943 2629 992 licencia

640 1078 651 1088 .
691 1077 701 1088 .
739 1039 960 1088 cottariis
997 1078 1006 1087 .
1045 1077 1054 1086 .
1092 1078 1101 1086 .
1138 1037 1356 1102 exceptis
1382 1065 1393 1075 ·
1421 1036 1660 1086 Termino
1687 1053 1805 1085 vero
1830 1036 2063 1086 introitus
2104 1073 2116 1084 .
2157 1073 2169 1085 .
2211 1072 2222 1084 .
2260 1035 2526 1084 inchoante
2550 1035 2630 1083 die

587 1132 700 1180 date
723 1130 1030 1195 presencium
1055 1137 1105 1178 et
1128 1129 1432 1194 perdurante
1469 1127 1619 1193 usque
1644 1128 1709 1176 ad
1732 1127 1919 1176 exitum
1955 1127 2157 1176 termini
2181 1127 2279 1176 vite
2315 1127 2585 1175 eorundem
2622 1154 2631 1165 ·

586 1223 822 1271 Preterea
846 1220 875 1268 fi
903 1221 1019 1269 dieti
1041 1258 1052 1269 .
1094 1258 1105 1267 .
1145 1257 1156 1268 .
1194 1219 1323 1268 male
1346 1218 1683 1284 persoluentes
1704 1220 1785 1269 vel
1822 1257 1833 1269 .
1868 1257 1880 1269 .
1914 1258 1926 1269 .
1963 1218 2185 1269 iniuriofi
2230 1258 2241 1269 .
2279 1257 2291 1268 .
2325 1258 2337 1269 .
2376 1219 2631 1268 extiterint

590 1352 601 1362 .
647 1352 657 1362 .
704 1351 715 1361 .
757 1314 849 1362 hec
882 1313 1121 1362 affedacio
1160 1312 1343 1361 nullius
1385 1313 1482 1362 erit
1520 1312 1713 1361 roboris
1756 1349 1768 1360 .
1818 1349 1829 1360 .
1881 1349 1892 1360 .
1933 1312 2086 1376 Apud
2120 1349 2131 1360 .
2174 1351 2183 1360 .
2228 1349 2239 1360 .
2284 1310 2633 1361 monasterium

588 1406 760 1470 quinto
784 1405 866 1454 die
892 1403 1067 1454 menfis
1090 1404 1122 1452 J
1126 1404 1214 1452 ulii
1239 1420 1370 1453 anno
1395 1403 1603 1452 Domini
1627 1401 1886 1452 millefimo
1905 1402 2312 1469 quingentefimo.

592 1656 835 1741 Forglen
868 1704 878 1713 ·
914 1675 1247 1726 Confirmaeio
1272 1683 1515 1725 terrarum
1544 1674 1771 1724 eiusdem.

594 1836 854 1911 Omnibus
898 1896 908 1905 .
954 1895 965 1906 .
1008 1894 1019 1905 .
1061 1856 1231 1906 Dauid
1271 1893 1282 1905 .
1325 1894 1335 1904 .
1382 1893 1393 1903 .
1438 1857 1588 1905 abbas
1627 1892 1639 1904 .
1679 1892 1691 1904 .
1730 1892 1741 1904 .
1781 1856 1843 1904 de
1869 1855 2207 1905 Abirbrothoc
2246 1893 2257 1904 .
2297 1892 2308 1904 .
2348 1893 2359 1905 .
2398 1856 2635 1906 salutem·

595 1950 849 1998 Noueritis
897 1966 986 1997 nos
1033 1950 1280 2013 quandam
1328 1956 1517 1997 cartam
1558 1984 1570 1995 .
1615 1985 1626 1996 .
1671 1985 1682 1996 .
1725 1947 2014 1997 intellexisse
2056 1948 2140 1997 sub
2182 1949 2274 1997 hac
2318 1986 2330 1997 .
2375 1986 2386 1997 .
2426 1986 2437 1998 .
2480 1950 2639 1998 forma

595 2082 603 2090 .
642 2081 651 2091 .
690 2081 699 2090 .
740 2042 983 2092 Omnibus
1016 2081 1025 2090 .
1059 2080 1068 2090 .
1102 2079 1112 2090 .
1146 2041 1437 2090 Alexander
1460 2040 1616 2106 Irvyn
1649 2041 1710 2090 de
1745 2039 1919 2089 Drwm
1957 2080 1966 2090 .
1999 2080 2008 2089 .
2040 2079 2050 2090 .
2086 2041 2290 2090 salutem
2329 2070 2340 2081 ·
2382 2041 2638 2092 Noueritis

595 2152 672 2183 me
706 2172 717 2183 .
751 2174 760 2184 .
796 2172 807 2182 .
837 2133 1110 2184 conceffiss'e
1146 2172 1156 2182 .
1194 2171 1205 2182 .
1242 2171 1253 2183 .
1287 2133 1577 2183 Alexandro
1603 2132 1772 2198 Irwyn
1794 2132 1898 2181 filio
1934 2150 2043 2181 meo
2078 2172 2087 2181 .
2124 2170 2136 2181 .
2173 2170 2185 2181 .
2218 2141 2267 2182 et
2291 2133 2466 2183 heredi
2491 2151 2638 2199 appa·

596 2227 725 2275 renti
764 2235 813 2276 et
852 2227 1034 2275 Jonete
1074 2226 1307 2275 Allerdes
1342 2227 1425 2274 sue
1460 2225 1630 2290 sponse
1664 2261 1675 2273 .
1713 2264 1723 2273 .
1760 2263 1770 2272 .
1809 2233 1967 2273 terras
2010 2242 2142 2273 meas
2183 2225 2244 2273 de
2286 2224 2501 2290 Forglen
2534 2265 2543 2274 .
2578 2264 2588 2274 .
2628 2263 2637 2274 .

596 2319 727 2366 infra
748 2318 1145 2367 vicecomitatum
1170 2318 1231 2366 de
1257 2317 1393 2366 Banf
1421 2345 1431 2356 ·
1466 2316 1733 2366 Tenendas
1771 2353 1782 2364 .
1823 2352 1834 2363 .
1869 2354 1878 2364 .
1910 2316 2116 2380 prefatis
2155 2354 2166 2365 .
2203 2354 2214 2365 .
2256 2354 2266 2365 .
2305 2325 2354 2366 et
2376 2317 2639 2366 heredibus

599 2409 727 2457 inter
761 2408 887 2473 ipsos
922 2409 1163 2474 legittime
1198 2409 1474 2473 procreatis
1515 2446 1525 2456 .
1568 2447 1577 2456 .
1621 2446 1632 2456 .
1675 2407 1852 2472 quibus
1882 2407 2011 2456 forte
2052 2408 2393 2458 deficientibus
2434 2409 2554 2457 mihi
2590 2419 2638 2458 et

598 2500 862 2550 heredibus
885 2500 1006 2548 meis
1031 2500 1284 2564 legittimis
1327 2538 1337 2548 .
1383 2537 1393 2548 .
1435 2538 1445 2548 .
1486 2499 1805 2548 reuertendas
1844 2517 1925 2548 ·.a
1948 2516 2026 2548 me
2051 2507 2101 2548 et
2125 2499 2388 2549 heredibus
2423 2501 2543 2549 meis
2579 2502 2639 2549 de

649 2628 659 2637 .
694 2629 703 2638 .
742 2590 915 2638 abbate
958 2591 1019 2638 de
1061 2590 1398 2639 Abirbrothoc
1443 2628 1454 2639 .
1496 2628 1508 2639 .
1547 2629 1559 2639 .
1601 2592 1654 2639 in
1694 2591 1840 2640 feodo
1877 2600 1926 2640 et
1964 2591 2239 2641 hereditate
2281 2591 2639 2657 imperpetuum

603 2721 613 2729 .
658 2718 668 2728 .
709 2718 720 2729 .
763 2671 1014 2729 Faciendo
1038 2682 1154 2729 inde
1179 2683 1432 2731 annuatim
1470 2721 1479 2731 .
1519 2721 1529 2731 .
1568 2721 1577 2731 .
1614 2682 1876 2731 seruicium
1913 2720 1924 2730 .
1957 2720 1968 2731 .
2003 2720 2015 2731 .
2053 2682 2271 2732 debitum
2310 2720 2321 2731 .
2358 2720 2369 2731 .
2403 2720 2411 2729 .
2450 2691 2639 2732 tantum

606 2810 616 2820 .
663 2809 674 2820 .
718 2808 729 2819 .
768 2772 918 2835 Apud
966 2772 1266 2821 Abberdene
1314 2774 1505 2828 decimo
1554 2775 1634 2823 die
1681 2773 1856 2823 menfis
1907 2772 2209 2838 Septembris
2256 2792 2387 2823 anno
2434 2774 2639 2823 Domini

604 2860 856 2910 millefimo
882 2861 1361 2926 quadringentesimo
1386 2863 1700 2929 nonogefimo
1724 2882 1857 2914 nono
1883 2882 2050 2915 coram
2082 2902 2093 2913 .
2128 2905 2137 2914 .
2172 2903 2181 2915 .
2216 2865 2448 2932 magistro
2474 2867 2638 2915 Adam

609 2952 847 3002 Gordone
866 2959 1157 3015 precentore
1178 2951 1478 3002 Morauienfi
1496 2982 1506 2992 ·
1522 2954 1557 3003 J
1560 2955 1755 3005 ohanne
1775 2956 2112 3006 Rutherfurde
2136 2957 2291 3006 milite
2315 2974 2374 3006 ac
2396 2956 2641 3022 prepofito

605 3045 666 3092 de
710 3043 1010 3094 Abberdene
1052 3069 1061 3078 ·
1106 3042 1395 3091 Alexandro
1436 3044 1664 3111 Menyeis
1708 3075 1718 3086 ·
1760 3047 1979 3096 Roberto
2026 3047 2254 3113 Blynsele
2298 3077 2308 3087 ·
2351 3048 2640 3097 Alexandro

608 3135 746 3184 Rede
788 3163 798 3172 ·
842 3133 1072 3198 magistro
1108 3133 1338 3182 Johanne
1379 3135 1617 3186 Gordone
1655 3137 1840 3186 vicario
1875 3139 1938 3187 de
1976 3137 2256 3203 Streveling
2298 3168 2308 3179 ·
2351 3139 2639 3189 Alexandro
