2742 3848
510 347 609 398 586

508 489 740 541 Mediltoun,
762 493 987 534 Willelmus
1006 494 1065 545 de,
1088 495 1153 534 60.

508 561 695 614 Megmer,
716 564 803 604 vide
822 564 1017 605 Gordone.

508 633 725 686 Meingnes,
748 636 965 688 Mengyeis,
987 636 1075 676 vide
1094 636 1284 687 Menyeis.

508 705 732 757 Meldrome,
768 707 999 758 Meldroum,
1036 706 1244 758 Meldrum,
1281 707 1517 760 Melgdrum,

562 777 788 817 Alexander
806 778 865 828 de,
889 780 957 818 43.

653 848 880 888 Alexander
920 849 980 899 de,
1025 849 1206 890 dominus
1245 851 1293 890 de
1334 851 1452 904 Fyvy
1480 858 1521 892 et

560 920 718 959 baronie
738 919 786 958 de
806 919 1182 973 Banchorydeveny,
1205 924 1271 962 71.

632 990 812 1030 dominus
831 991 890 1041 de,
916 993 1108 1032 105-108.

628 1062 808 1103 dominus
826 1063 886 1114 de,
909 1065 992 1103 vide
1011 1064 1203 1116 Findark,
1228 1065 1390 1106 Setoun.

630 1135 844 1177 Elizabeth
878 1138 1025 1178 Berkla
1058 1152 1200 1191 sponsa
1230 1139 1436 1191 willelmi,
1472 1140 1519 1180 de

559 1207 698 1259 way,
723 1210 816 1259 217,
840 1210 934 1250 300.

630 1279 851 1331 Elizabeth,
869 1281 952 1320 filia
972 1281 1191 1322 Alexandri
1207 1282 1268 1330 de,
1290 1282 1355 1334 43,
1377 1285 1444 1323 46.

630 1350 841 1391 Elizabeth
889 1353 1010 1393 Innes
1056 1367 1198 1407 sponsa
1246 1353 1420 1406 Georgii,
1471 1355 1520 1394 de

557 1422 691 1474 wae,
713 1424 807 1474 406,
830 1425 924 1463 407.

631 1493 837 1546 Georgius,
882 1496 930 1535 de
970 1496 1104 1548 wae,
1146 1498 1240 1548 406,
1284 1499 1378 1546 407,
1425 1499 1518 1549 464,

560 1567 653 1606 519.

631 1638 780 1678 Hector
798 1640 847 1691 of,
868 1654 1010 1692 macer,
1030 1642 1120 1692 138,
1147 1643 1238 1681 139.

631 1710 870 1751 Helizabeth
910 1711 1100 1765 Gwmyne
1133 1726 1275 1766 sponsa
1305 1713 1334 1754 J
1337 1713 1513 1764 ohannis,

557 1782 816 1822 Marchmond
836 1783 998 1835 Herald,
1021 1785 1115 1824 514.

637 1854 823 1906 Jacobus‚
845 1855 950 1895 filius
969 1855 1118 1895 domini
1137 1856 1184 1895 de
1207 1856 1324 1908 Segy,
1349 1857 1440 1896 165.

637 1926 665 1966 J
668 1927 841 1967 ohannes
882 1928 942 1978 de,
993 1928 1174 1968 dominus
1221 1927 1407 1979 ejusdem,
1450 1930 1513 1977 12,

556 1999 621 2038 20.

627 2071 655 2110 J
658 2071 843 2122 ohannes,
880 2071 984 2112 filius
1018 2072 1046 2112 J
1048 2071 1214 2111 ohannis
1256 2071 1515 2111 Marchmond

555 2142 706 2181 Herald
726 2148 766 2182 et
785 2142 996 2183 Elizabeth
1018 2142 1219 2194 Cwmyne,
1243 2144 1335 2182 514.

628 2214 656 2253 J
659 2213 844 2263 ohannes,
866 2214 1127 2254 Marchmond
1145 2213 1309 2264 Herald,
1332 2215 1424 2253 514.

626 2285 774 2324 Joneta
794 2284 981 2325 Gordoun
1001 2299 1142 2338 sponsa
1162 2284 1336 2337 Georgii,
1357 2287 1451 2325 464.

626 2357 816 2408 magister
835 2357 980 2408 David,
997 2357 1207 2397 canonieus
1221 2356 1515 2396 Dunkeldensis

553 2443 599 2468 ac
619 2429 793 2469 officialis
812 2429 1039 2481 principalis
1061 2428 1351 2478 Sanctiandree,
1374 2429 1467 2467 297.

640 2500 827 2552 magister
859 2499 1096 2551 Willelmus,
1139 2499 1244 2539 filius
1285 2499 1433 2540 domini
1467 2499 1514 2538 de

558 2573 676 2625 Segy,
701 2574 793 2614 165.

635 2644 824 2695 magister
851 2643 1088 2695 WiHelmus,
1118 2644 1290 2684 vicarius
1324 2643 1373 2683 de
1404 2643 1511 2684 Stra-

553 2716 663 2766 brok,
686 2717 779 2755 517.

626 2787 807 2837 Mariota,
829 2786 988 2825 domina
1006 2786 1192 2837 ejusdem,
1212 2787 1299 2826 vide
1321 2786 1480 2827 Setoun.

628 2858 836 2908 Patricius,
866 2857 971 2896 filius
999 2857 1027 2897 J
1029 2857 1196 2897 ohannis
1224 2857 1280 2896 M.
1310 2862 1351 2896 et
1378 2857 1511 2897 Eliza-

555 2930 650 2971 beth
671 2929 871 2981 Gwmyne,
892 2929 985 2967 514.

628 3001 836 3054 Philippus
854 2999 915 3050 de,
936 2998 1060 3049 miles,
1086 2999 1149 3049 19,
1173 2999 1265 3038 541.

501 3097 611 3105 ——
630 3072 854 3113 Willelmus
872 3071 933 3121 de,
955 3069 1134 3109 dominus
1154 3069 1342 3121 ejusdem,
1360 3071 1425 3121 50,
1448 3072 1513 3121 51,

560 3148 652 3186 106.

501 3241 610 3248 --
631 3215 856 3256 Willelmus
898 3214 958 3265 de,
1004 3212 1107 3252 filius
1139 3212 1334 3252 ,Iohannis
1363 3213 1410 3252 de
1445 3213 1514 3263 M„

1223 354 1461 404 INDEX
1497 354 1880 405 NOMINUM.

1645 495 1930 535 commissarius
1950 494 2142 534 Willelmi
2166 496 2319 536 comitis
2338 498 2387 537 de
2406 498 2517 547 Ross,
2541 503 2603 549 11,

1648 568 1710 616 12,
1736 567 1798 616 19,
1821 567 1888 606 20.

1590 635 1817 685 Meldrome,
1846 636 2082 688 Willelmus,
2112 637 2160 677 de
2190 638 2351 690 waey,
2384 642 2475 689 217,
2508 642 2605 680 274-

1644 710 1972 759 276‚279,300.

1718 780 1956 830 Willelmus,
1986 780 2091 821 filius
2120 780 2281 834 Georgii
2310 782 2366 822 M.
2397 789 2437 823 et
2465 784 2493 824 J
2496 791 2607 824 onete

1645 851 1845 904 Gordonn,
1869 853 1964 892 464.

1645 997 1741 1036 326.

1590 1067 1790 1119 Melgond,
1812 1067 2009 1119 Melgone,
2027 1067 2256 1120 Melgound,
2277 1068 2489 1120 Melgown,
2507 1069 2605 1109 Mel-

1643 1139 1800 1190 gownd,
1846 1139 2061 1191 Melgwnd,
2110 1140 2197 1179 vide
2239 1140 2397 1189 Annan,
2443 1141 2604 1191 Betone‚

1645 1209 1888 1250 Cravmund.

1589 1282 1822 1333 Melmakar,
1882 1282 2112 1334 Melmaker,
2162 1282 2342 1322 dominus
2388 1283 2416 1323 J
2419 1283 2604 1331 ohannes,

1642 1354 1813 1394 vicarius
1832 1354 1880 1394 de
1901 1353 2019 1405 Athe,
2041 1356 2135 1394 261.

1721 1426 1937 1477 Johannes,
1967 1426 2179 1478 presbyter,
2210 1426 2380 1467 vicarius
2409 1427 2456 1466 de
2486 1427 2603 1477 Athe,

1645 1488 1738 1549 2'61,
1761 1500 1855 1537 271.

1718 1569 1957 1620 Willelmus,
1980 1570 2045 1608 82.

1589 1642 1740 1692 Menar,
1761 1641 1848 1681 vide
1867 1641 2009 1680 Lowis.

1588 1712 1803 1763 Meneteht,
1860 1712 2075 1763 Meneteth‚
2135 1713 2349 1763 Menethet,
2408 1713 2601 1762 Menteth‚

1643 1797 1772 1824 comes
1791 1784 1851 1835 de,
1873 1784 1963 1824 vide
1984 1784 2063 1823 Fif.

1714 1856 1895 1897 dominus
1914 1855 2115 1896 Walterus
2134 1856 2193 1905 de,
2215 1855 2339 1907 miles,
2363 1858 2428 1896 29.

1586 1951 1676 1958 —
1715 1928 1919 1968 Johannes
1938 1927 1998 1978 de,
2017 1929 2109 1968 537.

1714 2000 1742 2040 J
1745 2000 1919 2039 ohannes
1941 1999 2001 2048 de,
2032 1998 2138 2038 filius
2166 1998 2314 2038 domini
2334 1999 2513 2050 Walteri,
2537 2003 2601 2051 29,

1641 2072 1707 2110 30.

1712 2143 1741 2183 J
1743 2143 1928 2193 ohannes,
1950 2142 1998 2181 de
2018 2142 2217 2193 Vestkars,
2239 2142 2363 2193 miles,
2387 2144 2478 2181 522.

1594 2238 1693 2243 —-
1713 2214 1951 2262 Willelmus,
1972 2213 2020 2252 de
2040 2213 2242 2264 Vestkars,
2264 2213 2389 2264 miles,
2412 2215 2504 2252 522.

1714 2285 1950 2336 Willelmus,
1996 2285 2044 2324 de
2085 2284 2286 2335 Vestkars,
2330 2299 2520 2338 pronepos
2562 2293 2602 2325 et

1640 2357 1752 2397 heres
1781 2356 1987 2407 Willelmi,
2018 2361 2059 2396 et
2087 2369 2284 2396 successor
2313 2356 2510 2398 Johannis
2544 2358 2599 2396 M.

1634 2430 1682 2468 de
1702 2429 1884 2480 Veskars,
1908 2430 2002 2468 522.

1586 2501 1780 2551 Menmur,
1803 2501 2025 2553 Menmuyr,
2046 2499 2217 2540 vicarius
2236 2499 2296 2550 de,
2318 2500 2405 2540 vide
2423 2501 2549 2540 Lesle.

1713 2572 1800 2612 vide
1818 2571 1974 2612 Rollok.

1586 2644 1776 2695 Menyeis,
1797 2644 1971 2694 Menzas,
1989 2643 2176 2692 Menzeis,
2193 2644 2363 2694 Menzes,
2381 2643 2598 2695 Meingnes,

1639 2715 1859 2768 Mengyeis,
1884 2715 2131 2766 Alexander,
2164 2715 2372 2767 burgensis
2405 2715 2452 2754 de
2484 2716 2591 2754 Abir-

1639 2786 1750 2837 dene,
1775 2788 1866 2836 117,
1891 2787 1981 2837 178,
2007 2787 2097 2837 179,
2120 2787 2212 2826 330.

1713 2857 1902 2908 Andreas,
1928 2859 2018 2907 117,
2041 2859 2131 2897 136.

1558 2944 1560 2946 ’
1585 2951 1693 2958 --
1713 2927 1927 2979 Gilbertus,
1950 2930 2043 2979 433,
2066 2930 2159 2978 447,
2182 2930 2276 2968 448.

1714 2998 1928 3050 Gilbertus,
1949 2997 2064 3052 (forte
2083 2998 2218 3052 idem),
2232 2988 2437 3050 burgensis
2456 3006 2494 3038 et
2514 3013 2596 3052 pre-

1639 3070 1788 3123 positus
1807 3070 1856 3110 de
1875 3070 2088 3122 Abirdeyn,
2110 3072 2204 3121 461,
2226 3071 2320 3121 463,
2342 3071 2435 3118 465,
2457 3072 2549 3109 466.

1715 3141 1901 3181 Marioria
1930 3140 2119 3192 Chalmyr
2137 3154 2277 3194 sponsa
2300 3140 2480 3192 Gilberti,
2503 3144 2596 3190 447,

1643 3213 1736 3251 448.

1717 923 1954 975 Willelmus,
1975 924 2096 964 frater
2116 925 2203 964 avie
2219 925 2413 965 Willelmi
2434 926 2605 977 Rankin,
2691 985 2694 987 Δ
