2762 3834
69 2883 129 2932 68

622 365 1051 419 REGISTRUM
1082 369 1180 419 DE
1216 367 1774 421 ABERBROTHOC.
2124 377 2218 428 149

172 567 345 642 Carta
367 588 639 638 tenementi
664 588 717 637 in
741 590 788 639 le
814 590 1043 658 Almory.

140 743 448 818 ‹Uniuerfis
471 773 641 833 pateat
690 802 702 815 .
753 803 765 815 .
817 802 830 815 .
876 785 966 816 nos
991 767 1294 822 Malcomum
1343 811 1355 824 .
1406 812 1418 824 .
1470 813 1481 824 .
1529 776 1754 827 abbatem
1804 814 1815 825 .
1867 813 1879 825 .
1929 813 1941 824 .
1990 777 2051 824 de
2074 775 2220 824 Abir-

170 858 378 907 brothoc
428 895 440 907 .
491 896 502 907 .
552 896 564 907 .
613 857 841 907 affedaffe
890 896 901 906 .
955 896 966 908 .
1018 897 1029 908 .
1078 860 1368 914 Alexandro
1409 866 1632 934 Caytour
1672 876 1722 918 et
1757 868 2017 918 Elizabeth
2051 868 2220 932 sponse

175 952 394 1001 eiusdem
431 989 443 1002 .
483 989 496 1002 .
535 989 546 1001 .
583 951 721 1000 illam
749 952 1044 1017 perticatam
1080 961 1212 1003 terre
1250 993 1261 1004 .
1302 994 1312 1006 .
1351 995 1363 1007 .
1398 958 1639 1008 iacentem
1675 960 1807 1009 inter
1836 968 2019 1009 terram
2043 960 2222 1009 Jacobi

172 1043 310 1110 Vyot
351 1045 414 1093 ad
453 1045 656 1094 boream
704 1052 753 1094 et
800 1053 984 1093 terram
1026 1045 1235 1095 Patricii
1273 1047 1516 1113 Haghous
1558 1051 1622 1099 ad
1663 1051 1877 1099 austrum
1925 1052 2221 1116 quequidem

175 1174 186 1186 .
224 1174 236 1186 .
275 1175 287 1186 .
323 1138 417 1187 fuit
458 1138 575 1186 olim
619 1137 838 1187 Gilberti
877 1137 988 1186 Liel
1023 1138 1108 1202 qui
1146 1175 1157 1187 .
1197 1176 1208 1186 .
1245 1175 1257 1187 .
1295 1140 1502 1188 eandem
1541 1177 1552 1190 .
1591 1178 1602 1190 .
1643 1179 1654 1190 .
1690 1142 1743 1190 in
1781 1143 2005 1192 manibus
2046 1142 2222 1191 nostris

227 1268 238 1280 .
278 1267 290 1278 .
326 1229 597 1295 refignauit
626 1259 637 1270 ·
663 1228 962 1278 Tenendam
1000 1264 1011 1277 .
1051 1266 1063 1278 .
1102 1265 1115 1278 .
1152 1229 1442 1279 Alexandro
1467 1239 1518 1280 et
1541 1232 1802 1282 Elizabeth
1835 1251 1893 1283 ac
1930 1271 1942 1282 .
1981 1270 1993 1283 .
2035 1272 2046 1283 .
2080 1235 2221 1283 here-

175 1323 317 1372 dibus
339 1323 471 1372 inter
496 1323 691 1372 eosdem
714 1322 958 1388 legittime
993 1322 1270 1387 procreatis
1320 1360 1333 1371 .
1385 1360 1397 1371 .
1448 1359 1459 1372 .
1509 1324 1684 1387 quibus
1720 1325 1846 1374 forte
1883 1326 2221 1376 deficientibus

173 1415 437 1464 heredibus
459 1415 899 1481 propinquioribus
930 1415 1047 1464 dieti
1072 1415 1353 1464 Alexandri
1388 1416 1756 1481 quibuscunque
1808 1455 1819 1467 .
1872 1456 1883 1467 .
1935 1456 1947 1468 .
1979 1419 2222 1484 imperpe-

173 1516 310 1557 tuum
362 1543 374 1556 .
428 1545 439 1556 .
493 1544 504 1555 .
555 1507 795 1557 Preterea
828 1506 864 1554 fi
898 1507 1156 1573 contingat
1192 1516 1379 1557 terram
1409 1507 1589 1556 Jacobi
1621 1508 1760 1573 Vyot
1790 1509 2033 1559 iacentem
2082 1548 2094 1560 .
2146 1549 2158 1559 .
2210 1550 2221 1560 .

177 1600 350 1667 [inter]
379 1607 565 1650 terram
603 1600 720 1650 dicti
752 1600 1032 1650 Alexandri
1068 1601 1132 1650 ad
1167 1598 1383 1649 austrum
1419 1607 1468 1648 et
1504 1599 1746 1665 capellam
1772 1600 1937 1650 Sanffl
1962 1602 2222 1651 Michaelis

173 1693 235 1742 ad
275 1694 478 1743 boream
518 1693 626 1742 fore
677 1731 688 1742 .
741 1732 752 1742 .
804 1731 815 1742 .
863 1692 1300 1759 indistringibilem
1342 1710 1434 1758 pro
1480 1711 1645 1742 annuo
1692 1694 1891 1743 redditu
1932 1732 1943 1743 .
1994 1731 2006 1743 .
2057 1731 2067 1743 .
2116 1698 2224 1743 οὸὶο

173 1785 439 1835 solidorum
464 1786 607 1834 nobis
646 1821 658 1834 .
697 1823 708 1834 .
749 1823 760 1835 .
798 1786 860 1835 de
886 1786 1060 1834 eadem
1100 1824 1110 1834 .
1151 1823 1162 1834 .
1203 1822 1214 1834 .
1251 1785 1530 1835 debitorum
1556 1785 1779 1834 volumus
1818 1822 1830 1834 .
1869 1824 1880 1834 .
1920 1823 1931 1834 .
1968 1787 2098 1850 quod
2125 1787 2225 1851 ipse

174 1894 365 1927 annuus
389 1877 614 1927 redditus
658 1915 670 1927 .
715 1915 727 1926 .
773 1915 784 1926 .
828 1878 890 1926 de
916 1877 1057 1926 dietis
1082 1878 1272 1926 duabus
1295 1877 1442 1927 terris
1491 1914 1502 1925 .
1554 1914 1566 1926 .
1616 1915 1628 1926 .
1675 1878 1952 1926 Alexandri
1977 1885 2025 1927 et
2049 1877 2226 1927 Jacobi

293 2008 305 2020 .
352 1974 577 2036 capietur
607 1971 692 2020 ubi
715 1970 891 2020 melius
925 1970 1097 2019 licebit
1120 1969 1262 2019 nobis
1312 2007 1323 2019 .
1374 2007 1386 2019 .
1438 2007 1448 2018 .
1498 1970 1710 2018 eundem
1745 1969 1913 2018 leuare
1962 2007 1973 2018 .
2024 2008 2035 2018 .
2087 2008 2097 2018 .
2147 1969 2226 2018 Id-

175 2063 308 2112 circo
337 2063 369 2111 fi
394 2069 529 2111 terra
550 2062 776 2128 predicta
798 2062 834 2112 J
836 2062 979 2111 acobi
1003 2062 1161 2128 Wyot
1204 2099 1216 2111 .
1258 2099 1271 2112 .
1314 2100 1325 2110 .
1365 2063 1423 2111 fit
1446 2080 1537 2127 pro
1561 2062 1663 2127 ipso
1688 2079 1853 2111 annuo
1886 2062 2083 2110 redditu
2119 2063 2224 2109 oao

174 2155 439 2204 solidorum
473 2155 588 2205 satis
625 2154 968 2221 distringibilis
1006 2192 1017 2203 .
1058 2192 1070 2204 .
1110 2192 1121 2204 .
1159 2154 1386 2204 uolumus
1423 2154 1557 2218 quod
1579 2154 1641 2201 de
1666 2160 1799 2201 terra
1833 2152 2056 2217 predicta
2096 2190 2107 2200 .
2155 2190 2165 2201 .
2211 2191 2221 2200 .

174 2247 398 2310 redditus
443 2247 644 2296 omnino
686 2247 882 2297 leuetur
927 2286 938 2297 .
983 2284 996 2296 .
1041 2284 1052 2296 .
1096 2246 1184 2295 nisi
1225 2245 1675 2303 casuadueniente
1714 2243 1986 2308 supradfflm
2027 2275 2037 2285 -
2073 2244 2225 2307 Apud

176 2339 524 2389 monasterium
565 2340 786 2389 nostrum
832 2377 843 2389 .
886 2378 898 2389 .
943 2377 955 2390 .
999 2340 1078 2388 die
1116 2339 1391 2405 penultimo
1431 2335 1606 2386 menfis
1649 2335 1828 2385 Marcii
1863 2353 1992 2385 anno
2017 2334 2221 2383 Domini

177 2430 429 2480 millesimo
455 2431 939 2498 quadringentesimo
963 2431 1098 2481 lxvi⁰.

180 2680 529 2754 Confirmacio
554 2712 690 2753 carte
715 2703 777 2754 de
802 2703 1182 2771 Kynnymykle.

182 2863 441 2937 Omnibus
461 2924 472 2936 .
496 2924 507 2936 .
528 2924 543 2938 ,
562 2886 840 2936 Malcomus
865 2924 877 2935 .
904 2924 916 2936 .
944 2924 955 2936 .
977 2887 1128 2936 abbas
1149 2923 1159 2934 .
1183 2923 1196 2935 .
1219 2924 1230 2935 .
1251 2887 1313 2935 de
1331 2885 1669 2935 Abirbrothoc
1691 2921 1702 2933 .
1725 2921 1737 2933 .
1760 2920 1771 2932 .
1792 2884 1994 2933 salutem
2012 2912 2022 2923 ·
2046 2881 2221 2932 Sciatis

179 2994 266 3025 nos
306 3015 318 3026 .
362 3015 374 3026 .
418 3015 431 3027 .
475 2978 856 3027 instrumentum
900 3015 911 3026 .
954 3015 966 3027 .
1007 3015 1019 3027 .
1061 2979 1346 3027 tenencium
1370 2978 1649 3026 nostrorum
1675 2975 1950 3025 Alexandri
1974 2975 2034 3023 de
2059 2973 2222 3023 Ouch-

130 3140 131 3143 ,
179 3069 394 3136 tirlovny
418 3071 508 3119 filii
532 3079 581 3120 et
603 3071 803 3120 heredis
838 3110 847 3120 .
885 3109 895 3119 .
934 3109 944 3119 .
980 3070 1223 3119 Willelmi
1260 3070 1322 3118 de
1356 3069 1722 3134 Ouchtirlovny
1754 3066 2036 3120 dominide
2072 3065 2220 3129 Kelly

180 3167 228 3208 et
244 3161 461 3226 Georgei
487 3163 751 3212 Mortimer
775 3162 994 3212 scutiferi
1018 3161 1356 3226 procuratoris
1377 3160 1593 3209 Mariote
1620 3160 1681 3208 de
1707 3157 2028 3206 Drovmonde
2052 3155 2219 3219 sponse
