2742 3848
560 373 659 417 544
1198 368 1498 420 CARTAE
1537 365 1950 418 ORIGINALE
1958 365 2006 416 S.

560 504 841 554 animarum
868 504 1090 567 omnium
1141 541 1152 552 .
1204 541 1214 553 .
1264 543 1273 552 .
1322 519 1498 568 regum
1539 501 1717 551 Scocie
1754 509 1804 550 et
1839 500 2124 566 specialiter
2158 518 2251 566 pro
2287 502 2442 551 salute
2479 502 2643 550 anime

630 637 640 647 .
693 635 705 647 .
754 597 967 647 Roberti
1019 635 1029 645 .
1079 635 1090 645 .
1140 634 1150 644 .
1199 595 1335 659 regis
1381 593 1667 644 Scottorum
1717 631 1728 642 .
1780 633 1789 643 .
1840 633 1850 642 .
1898 593 2239 660 progenitoris
2287 594 2445 643 nostri
2486 596 2643 644 eciam

560 707 654 756 pro
696 690 851 739 salute
897 689 1063 738 anime
1105 687 1274 735 nostre
1317 694 1368 735 et
1409 686 1574 734 anime
1619 685 1863 736 cariffime
1907 686 2151 736 consortis
2200 687 2364 736 nostre
2407 687 2645 736 Anabille

562 783 737 848 regine
766 781 942 831 Scocie
967 788 1017 830 et
1042 779 1324 829 animarum
1348 778 1624 828 liberorum
1648 778 1934 828 nostrorum
1972 819 1982 829 .
2008 799 2036 828 ’.
2081 817 2091 828 .
2133 780 2268 845 quod
2307 817 2319 829 .
2362 817 2373 828 .
2415 818 2426 829 .
2467 781 2647 845 imper-

561 884 769 942 petuum
819 912 830 923 .
880 912 890 923 .
941 913 949 923 .
999 873 1221 922 habeant
1262 910 1275 922 .
1321 908 1333 921 .
1377 910 1387 920 .
1435 872 1695 922 dimidiam
1737 890 1958 922 marcam
1997 873 2061 922 de
2100 873 2324 938 quolibet
2359 874 2501 922 sacco
2533 874 2647 923 lane

563 967 845 1019 crescencie
870 966 1147 1032 regalitatis
1173 966 1257 1016 sue
1284 966 1346 1015 de
1368 965 1733 1032 Abyrbrothoc
1758 967 1824 1016 ad.
1847 974 2049 1032 portum
2075 967 2294 1016 eiusdem
2321 967 2647 1017 custumando

562 1056 611 1112 et
637 1061 862 1111 similiter
887 1067 1117 1125 quartam
1142 1067 1340 1126 partem
1367 1059 1592 1109 custume
1618 1060 1842 1110 omnium
1877 1060 2085 1126 pellium
2122 1060 2411 1110 lanutarum
2437 1069 2486 1111 ct
2512 1079 2648 1111 core-

561 1174 703 1206 orum
742 1156 807 1205 ad
839 1154 1115 1205 custumam
1157 1154 1379 1204 nostram
1421 1153 1609 1203 ibidem
1650 1154 2069 1220 proueniencium
2112 1182 2123 1193 ·
2168 1153 2465 1204 Tenendam
2516 1193 2526 1203 .

561 1249 837 1300 custumam
861 1249 1141 1315 predictam
1188 1287 1199 1297 .
1249 1289 1258 1298 .
1309 1287 1320 1298 .
1372 1265 1471 1298 vna
1495 1265 1608 1297 cum
1635 1247 1815 1297 coketo
1840 1247 2066 1312 preditiso
2092 1256 2142 1296 et
2164 1248 2409 1313 potestate
2431 1249 2651 1299 habendi

560 1352 759 1394 tronam
813 1383 824 1394 .
879 1383 888 1394 .
943 1382 954 1392 .
1009 1343 1197 1392 ibidem
1250 1380 1260 1391 .
1313 1380 1325 1392 .
1378 1379 1389 1390 .
1438 1342 1811 1408 imperpetuum
1862 1380 1872 1390 .
1923 1379 1934 1390 .
1985 1380 1995 1390 .
2042 1341 2097 1390 in
2147 1377 2158 1389 .
2207 1379 2217 1390 .
2271 1379 2283 1390 .
2334 1342 2650 1392 elemosinam

559 1438 793 1488 faciendo
834 1437 954 1486 inde
989 1436 1134 1486 nobis
1171 1442 1221 1486 et
1255 1435 1526 1485 heredibus
1568 1435 1752 1485 nostris
1795 1435 2089 1485 oracionum
2130 1435 2368 1502 suffragia
2408 1443 2603 1485 tantum
2641 1465 2650 1475 ·

560 1532 679 1580 dum
718 1538 887 1580 tamen
930 1529 1221 1580 custumarii
1263 1530 1326 1579 de
1365 1528 1726 1595 Abyrbrothoc
1765 1565 1778 1578 .
1816 1559 1830 1578 ›.
1871 1566 1882 1578 .
1919 1528 2071 1579 semel
2114 1529 2339 1595 quolibet
2383 1547 2517 1578 anno
2560 1547 2683 1595 per·

488 1665 496 1672 .
562 1625 902 1691 calumpniam
929 1624 1198 1674 camerarii
1221 1622 1379 1673 nostri
1408 1622 1586 1674 Scocie
1612 1622 1694 1672 vel
1718 1622 1825 1671 eius
1850 1622 2206 1689 deputatorum
2245 1661 2255 1672 .
2293 1661 2304 1672 .
2343 1661 2354 1672 .
2391 1623 2445 1672 in
2469 1623 2652 1673 itinere

563 1719 830 1770 camerarii
863 1718 985 1768 dieti
1022 1718 1217 1769 abbatis
1247 1717 1437 1767 ibidem
1469 1717 1737 1783 paciantur
1769 1715 1957 1765 affisam
1991 1717 2126 1781 quod
2161 1716 2319 1766 nichil
2349 1717 2402 1765 in
2434 1717 2653 1783 preiudi-

562 1813 696 1863 cium
719 1829 902 1878 magne
929 1812 1151 1862 custume
1175 1799 1344 1861 nostre
1368 1811 1557 1862 ibidem
1594 1810 1815 1860 transeat
1840 1818 2020 1860 contra
2051 1818 2280 1860 tenorem
2311 1810 2450 1859 istius
2487 1811 2652 1859 nostre

564 1905 889 1957 conceflionis
913 1906 1001 1955 sub
1026 1922 1158 1971 pena
1184 1921 1281 1970 que
1308 1905 1548 1971 competit
1573 1905 1628 1954 in
1650 1904 1747 1954 hac
1770 1912 1916 1970 parte
1940 1931 1952 1943 ·
1977 1903 2038 1953 In
2061 1904 2201 1954 cuius
2221 1905 2294 1954 rei
2315 1905 2651 1954 testimonium

563 1999 783 2066 presenti
812 2006 951 2048 carte
975 1999 1145 2048 nostre
1172 1998 1397 2047 nostrum
1433 1998 1751 2064 precepimus
1778 1998 1964 2067 apponi
1992 1998 2207 2065 sigillum
2245 2029 2255 2039 ·
2293 1998 2500 2048 testibus
2543 2038 2553 2047 .
2592 2038 2600 2048 .
2643 2038 2651 2047 .

564 2093 774 2143 Matheo
812 2100 862 2142 et
901 2092 1136 2142 Gilberto
1164 2091 1482 2157 Glasgvenfis
1517 2100 1567 2141 et
1601 2091 1980 2159 Abyrdonenfis
2013 2092 2333 2142 ecclesiarum
2371 2092 2614 2158 episcopis
2642 2122 2650 2131 -

564 2187 791 2237 Roberto
817 2188 880 2236 de
906 2186 1029 2252 Fyff
1058 2194 1109 2236 et
1143 2187 1205 2235 de
1231 2186 1496 2235 Meneteth
1519 2186 1677 2235 fratre
1702 2186 1872 2236 nostro
1899 2187 2144 2236 cariffimo
2188 2217 2198 2227 ·
2242 2187 2566 2236 Archebaldo
2593 2188 2653 2236 de

563 2281 793 2347 Douglas
819 2281 1024 2330 domino
1059 2280 1326 2347 Galwydie
1364 2281 1734 2347 consanguineo
1759 2280 1929 2329 nostro
1968 2308 1978 2319 ·
2017 2281 2283 2331 comitibus
2322 2311 2332 2321 ·
2370 2281 2566 2330 Jacobo
2592 2282 2653 2329 de

564 2375 795 2442 Douglas
823 2375 1027 2424 domino
1054 2374 1117 2423 de
1141 2373 1370 2423 Dalketh
1400 2403 1411 2413 ·
1448 2373 1648 2423 Thoma
1674 2374 1736 2423 de
1762 2373 1992 2440 Erfkyne
2025 2401 2035 2411 ·
2068 2374 2451 2440 consanguineis
2472 2373 2654 2422 nostris

567 2469 760 2519 dilectis
801 2497 812 2508 ·
853 2468 1098 2518 militibus
1136 2495 1147 2507 ·
1187 2475 1238 2517 et
1266 2467 1565 2518 Alexandro
1602 2468 1666 2517 de
1706 2466 1981 2518 Cokburne
2014 2468 2076 2517 de
2111 2467 2412 2534 Langtoune
2451 2467 2654 2516 custode

570 2562 744 2628 magni
768 2560 917 2628 sigilli
940 2561 1099 2611 nostri
1124 2589 1134 2600 ·
1160 2562 1296 2628 apud
1318 2561 1475 2611 Perth
1503 2569 1684 2627 quarto
1711 2560 1792 2611 die
1818 2560 1947 2610 Maii
1971 2579 2104 2611 anno
2127 2561 2273 2628 regni
2295 2561 2450 2611 nostri
2477 2561 2651 2611 tercio,

570 2822 930 2898 Confirmacio
966 2843 1100 2910 regis
1138 2843 1175 2894 J
1177 2844 1322 2894 acobi
1358 2844 1505 2910 super
1542 2851 1683 2895 carta
1719 2845 1854 2912 regis
1881 2844 2126 2895 Willelmi
2159 2846 2222 2895 de
2255 2846 2483 2896 omnibus
2507 2846 2654 2895 liber-

569 2939 773 2989 tatibus.

370 3136 518 3188 XIV,
569 3102 812 3177 Jacobus
855 3161 867 3173 .
912 3160 926 3172 .
971 3160 982 3172 .
1026 3140 1114 3172 rex
1144 3122 1411 3174 Scotorum
1437 3123 1667 3174 omnibus
1711 3163 1723 3175 .
1769 3163 1780 3174 .
1825 3164 1835 3175 .
1879 3125 2087 3176 salutem
2127 3156 2138 3166 ·
2178 3125 2265 3175 Ad
2289 3125 2447 3174 nostri
2471 3126 2653 3192 regalis

573 3218 806 3269 culminis
842 3217 1140 3283 dignitatem
1179 3234 1240 3266 ex
1275 3216 1500 3267 iniun6to
1535 3218 1680 3267 nobis
1715 3218 1877 3268 officio
1912 3219 2134 3286 spe&are
2170 3219 2471 3269 dinoscimus
2497 3219 2652 3269 eccle-
