2742 3848
524 394 623 439 554

525 530 621 582 Ard,
643 529 762 579 Arde,
785 529 981 570 Cristinus
999 529 1059 579 de,
1082 530 1119 579 4,
1143 530 1179 568 5.

651 600 832 641 dominus
859 600 887 640 J
889 600 1062 639 ohannes
1090 599 1149 648 de,
1181 603 1383 637 succentor
1402 597 1533 636 Mora-

581 672 737 720 viensis,
758 674 824 712 33.

653 744 738 783 vide
758 741 1051 793 Halyburtoun.

526 814 745 864 Ardalicht,
766 813 853 853 vide
874 811 1077 863 Oliphant.

526 885 685 935 Ardros,
706 884 941 933 Willelmus,
972 880 1187 921 monachus
1215 880 1263 921 de
1292 880 1329 920 le
1358 880 1535 932 Almery,

586 956 675 995 155.

526 1027 719 1078 Armiger,
743 1024 931 1073 Andreas,
953 1025 1046 1064 381.

526 1097 778 1144 Arnaldston‚
798 1096 1080 1149 prebendarius
1098 1094 1158 1147 de,
1179 1095 1266 1135 vide
1289 1095 1496 1136 Schawnd.

527 1168 664 1219 Arnot,
686 1168 867 1207 dominus
894 1168 922 1208 J
925 1167 1112 1219 ohannes,
1133 1167 1306 1207 vicarius
1335 1167 1383 1207 de
1413 1167 1536 1219 Fyue,

583 1241 791 1290 506‚529.

534 1336 635 1343 ———-
654 1313 859 1363 Robertus,
882 1314 976 1353 335.

527 1385 687 1434 Arthur,
710 1384 923 1434 Gilbertus,
946 1385 1012 1424 69.

527 1455 708 1506 Asloane,
730 1456 758 1495 J
760 1455 945 1506 ohannes,
967 1455 1154 1505 notarius,
1176 1455 1270 1494 458.

528 1527 644 1579 Athe,
665 1527 786 1579 Athy,
809 1527 985 1566 Bronton
1005 1527 1065 1578 de,
1086 1528 1174 1567 vide
1193 1526 1399 1566 Lichtone.

654 1599 824 1639 vicarius
852 1599 912 1650 de,
939 1599 1026 1639 vide
1053 1598 1210 1649 Chatto,
1241 1598 1415 1649 Fordise,
1447 1598 1541 1638 Ful-

582 1671 745 1721 lartone,
769 1670 867 1721 Ged,
889 1671 1093 1721 Lichtone,
1115 1670 1349 1712 Melmakar.

529 1745 775 1784 Athenarum
793 1743 985 1794 dominus,
1005 1743 1093 1783 vide
1113 1743 1256 1782 Brana.

530 1816 738 1866 Athilmer‚
772 1815 959 1867 magister
986 1815 1015 1856 J
1017 1815 1202 1866 ohannes,
1233 1814 1450 1867 prepositus
1483 1828 1543 1853 ec-

586 1889 701 1929 clesie
721 1888 928 1939 collegiate
946 1888 1081 1928 Sancti
1098 1888 1314 1929 Salvatoris
1332 1887 1435 1927 infra
1449 1888 1543 1927 civi—

586 1966 707 2000 tatem
730 1959 1020 2009 Sanctiandree,
1042 1961 1108 1999 87.

531 2032 704 2082 Atholie,
736 2031 872 2082 Ethal,
903 2031 1036 2070 David
1065 2044 1203 2082 comes,
1235 2030 1546 2070 constabularius

517 2138 519 2140 .
589 2104 734 2155 Scocie,
757 2104 850 2154 535,
874 2104 966 2143 536.

659 2176 687 2216 J
690 2176 862 2216 ohannes
882 2187 1019 2225 comes,
1045 2175 1135 2214 125.

662 2249 718 2288 M.
739 2260 879 2296 comes,
902 2248 995 2295 535,
1017 2247 1110 2286 540.

533 2321 702 2371 Athone,
725 2320 913 2370 Andreas,
935 2324 1061 2358 rector
1079 2317 1126 2356 de
1149 2317 1256 2369 Spot,
1277 2318 1370 2357 467.

534 2393 772 2444 Auchindor,
789 2391 1067 2446 prebendarius
1085 2390 1144 2441 de,
1159 2390 1244 2430 vide
1266 2389 1420 2439 Curror,
1443 2389 1546 2441 Spit-

588 2464 671 2504 tell.

535 2537 835 2586 Auchirmonze,
856 2535 942 2575 vide
964 2533 1174 2585 Lindesay.

534 2608 782 2660 Auchlevyn,
802 2607 890 2646 vide
910 2605 1070 2657 Ogilvy.

535 2679 803 2731 Auchmuthy,
834 2676 1131 2726 Auchmowthe,
1153 2675 1333 2714 dominus
1360 2674 1387 2715 J
1391 2674 1545 2722 acobus,

591 2750 760 2790 vicarius
778 2750 825 2788 de
846 2747 1084 2799 Abyrbroth,
1108 2749 1199 2797 527,
1223 2748 1314 2786 529.

536 2822 752 2869 Auchnaci‚
774 2821 858 2860 vide
879 2818 1076 2858 Gordoun.

535 2892 848 2944 Auchtyndrum,
868 2890 952 2930 vide
973 2889 1102 2928 Innes.

536 2964 701 3014 Aulech,
731 2963 932 3002 Walterus
960 2960 1076 3008 filius,
1107 2952 1234 2999 comes
1265 2959 1313 2998 de
1347 2960 1545 3010 Leuenax,

592 3038 657 3086 28,
679 3037 744 3074 29.

537 3108 733 3158 Authlair,
757 3106 939 3153 Thomas,
962 3105 1070 3143 246..

538 3179 755 3227 Avandale,
786 3177 964 3217 Andreas
994 3174 1174 3215 dominus
1205 3174 1264 3224 de,
1296 3173 1548 3213 cancellarius

594 3251 740 3302 Scocie,
764 3250 854 3299 140,
880 3249 970 3288 181.

1238 387 1475 438 INDEX
1511 386 1892 437 NOMINUM.

1606 526 1736 574 Awas,
1757 525 1949 576 William,
1974 528 2065 566 138.

1606 596 1893 648 Awthyrhows‚
1913 597 2001 637 vide
2022 597 2180 650 Ogilvy.

1606 667 1701 720 Ayr,
1722 668 1749 708 J
1753 668 1937 720 ohannes,
1961 671 2026 709 79.

1610 883 1712 933 BAD,
1735 882 1915 934 Isobella,
1936 884 2024 924 vide
2045 884 2169 924 Chen.

1737 954 1765 994 J
1768 954 1951 1006 ohannes,
1972 955 2198 1007 monachus,
2220 957 2312 1008 316,
2334 959 2426 1008 410,
2449 959 2541 998 439.

1611 1024 1839 1075 Badwhase,
1860 1026 1946 1065 vide
1967 1025 2131 1066 Gardin.

1611 1095 1763 1147 Bagby,
1784 1096 1871 1135 vide
1891 1096 2032 1148 Inglis.

1611 1168 1792 1219 Bagraw,
1813 1169 1900 1208 vide
1918 1168 2104 1209 Annand.

1612 1239 1848 1291 Baidenach,
1869 1240 2134 1292 Baidyenach,
2155 1242 2418 1295 Boidyenach,
2440 1244 2625 1297 magister

1667 1311 1694 1350 J
1697 1310 1871 1351 ohannes
1889 1312 2059 1352 vicarius
2078 1313 2126 1352 de
2148 1313 2332 1366 Gamery,
2354 1317 2447 1356 421.

1741 1383 1945 1432 Patricius,
1971 1386 2061 1433 117,
2087 1386 2177 1434 135,
2202 1387 2291 1436 136,
2317 1388 2407 1427 152.

1615 1455 1746 1510 Baird,
1778 1455 1895 1506 Bard,
1927 1456 2067 1507 Barde,
2099 1457 2242 1508 Bardy‚
2272 1457 2462 1509 Andreas,
2492 1472 2625 1498 mona-

1669 1526 1777 1577 chus,
1799 1529 1893 1567 410.

1742 1599 1948 1650 Robertus,
1973 1601 2063 1639 120.

1614 1693 1724 1701 -——
1743 1671 1928 1730 Thomas,
1950 1671 1998 1711 de
2019 1671 2237 1724 Ordynhuf,
2260 1675 2353 1724 275,
2376 1676 2468 1726 276,
2492 1677 2584 1715 279.

1742 1742 1977 1794 Willelmus,
1999 1743 2047 1783 de
2069 1743 2210 1796 Sydde,
2233 1746 2326 1784 478.

1616 1813 1822 1866 Balargus,
1841 1815 1928 1855 vide
1949 1815 2136 1855 Graham.

1617 1887 1831 1939 Balbyrny,
1852 1888 2095 1928 Laurencius
2109 1889 2169 1939 de,
2186 1890 2403 1943 prepositus
2415 1890 2462 1930 de
2478 1891 2625 1941 Forfar,

1673 1961 1738 1999 95.

1746 2031 1940 2072 Patricius
1959 2032 2019 2083 de,
2042 2033 2107 2072 80.

1619 2102 1832 2154 Balcolmy,
1880 2103 2060 2143 dominus
2107 2104 2367 2155 Arehbaldus,
2416 2107 2627 2158 presbyter,

1670 2179 1915 2226 presentatus
1934 2175 1984 2213 ad
2003 2175 2190 2214 vicariam
2209 2175 2258 2215 de
2279 2177 2441 2228 Tarvas,
2463 2179 2556 2218 334.

1620 2245 1807 2296 Baldouy,
1840 2245 2030 2297 Baldovy,
2062 2246 2264 2298 Baldowy,
2296 2247 2499 2300 Balduwy,
2526 2249 2627 2288 Bau-

1673 2316 1797 2368 dewy,
1815 2317 2037 2368 Baulduvy,
2055 2317 2292 2369 Alexander,
2308 2319 2412 2359 filius
2426 2325 2465 2360 et
2480 2334 2627 2360 succes-

1674 2401 1735 2429 sor
1747 2388 1941 2427 Willelmi
1957 2389 2004 2428 de
2020 2389 2067 2428 B.
2084 2389 2131 2429 de
2152 2390 2298 2441 eodem,
2319 2392 2408 2441 138,
2429 2393 2518 2441 146,
2539 2394 2626 2442 151,

1677 2461 1767 2510 153,
1796 2461 1885 2510 158,
1912 2462 2001 2511 174,
2025 2462 2117 2512 286,
2140 2462 2232 2512 291,
2255 2463 2347 2510 308,
2370 2464 2461 2513 337,
2484 2465 2575 2503 340.

1744 2530 1924 2570 dominus
1945 2532 2128 2584 Thomas,
2150 2532 2386 2585 capellanus,
2411 2537 2500 2574 176.

1747 2602 1929 2654 Isabella,
1950 2605 2034 2643 vide
2055 2604 2158 2643 Bois.

1618 2697 1727 2703 --—-
1745 2674 1969 2714 Willelmus
1995 2675 2054 2723 de,
2083 2675 2130 2715 de
2155 2676 2301 2727 eodem,
2333 2678 2397 2727 88,
2422 2680 2512 2728 120,
2538 2680 2625 2727 158,

1677 2748 1767 2797 172,
1793 2749 1883 2786 174.

1744 2817 1980 2867 Willelmus,
2001 2819 2043 2858 in
2062 2819 2278 2871 Murdrum,
2300 2822 2393 2871 479,
2415 2822 2507 2862 521.

1619 2889 1805 2938 Balfouir,
1835 2891 2016 2942 Balfowr,
2045 2892 2253 2944 Balfowyr,
2290 2893 2474 2943 Baufour,
2508 2894 2624 2933 Baul-

1672 2961 1767 3010 four,
1790 2962 1982 3013 Bawfour,
2001 2963 2231 3015 Bawfowyr‚
2249 2963 2465 3004 Elezabeth
2482 2964 2627 3017 Ogiluy

1673 3047 1813 3085 sponsa
1831 3033 1992 3085 Thome,
2014 3036 2106 3085 431,
2128 3036 2222 3074 484.

1744 3105 1929 3156 Jacobus,
1952 3105 2055 3146 filius
2086 3106 2236 3146 Thome
2265 3106 2311 3145 B.
2342 3111 2382 3145 et
2410 3106 2624 3147 Elezabeth

1675 3174 1832 3227 Ogiluy,
1855 3177 1948 3216 484.

1620 3267 1726 3274 —--
1744 3246 1931 3298 magister
1957 3251 1998 3287 et
2022 3247 2200 3289 dominus
2227 3247 2432 3297 Martinus,
2458 3247 2623 3287 vicarius
