2586 3834
391 392 489 441 426
838 388 1263 440 REGISTRUM
1297 386 1395 435 DE
1432 384 1816 435 ABERBROT
1825 384 1990 437 HOC.

244 614 340 659 548
389 592 625 666 Jacobus
650 611 1094 662 commendatarius
1119 611 1180 658 (10
1206 608 1498 674 Abyrbroth
1523 615 1573 659 et
1598 616 1874 659 conuentus
1898 610 2115 659 ass'edant
2148 610 2438 660 Alexandro

394 706 560 755 comiti
597 705 658 754 (10
695 703 884 753 IIuntlo
918 710 966 751 ot
1002 700 1262 750 Elizabcth
1300 700 1469 765 sponse
1505 701 1611 750 01110
1647 701 1865 751 decimas
1889 703 2116 767 garbalos
2149 703 2349 752 00010110
2377 704 2439 751 (10

393 797 626 847 Glamnos
662 811 752 859 pro
788 794 1005 858 quinque
1045 793 1187 841 annis
1221 810 1250 840 a
1282 790 1402 841 festo
1438 793 1502 841 ad
1539 792 1740 843 uincula
1781 792 1949 843 Sancti
1986 794 2123 843 Petri
2159 793 2439 843 immediate

392 889 620 952 sequente
655 914 666 925 ·
707 885 955 935 Soluendo
989 892 1186 934 centum
1223 884 1373 933 libras
1409 894 1607 936 monete
1635 885 1808 942 Scocio
1834 887 1896 935 ad
1921 885 2043 936 festa
2074 886 2259 937 Pasche
2296 894 2344 936 et
2381 887 2443 934 ad

393 979 590 1029 uincula
617 977 782 1028 Sancti
807 977 943 1028 Petri
983 1007 992 1018 ·
1034 976 1186 1042 Apud
1212 976 1438 1027 Arbroth
1460 977 1522 1031 27
1552 976 1786 1027 Octobris
1815 981 1960 1027 1518.

248 1258 344 1307 549
393 1231 627 1304 Jacobus
659 1251 1105 1301 commendatarius
1131 1251 1192 1299 do
1219 1250 1514 1317 Abyrbroth
1539 1260 1588 1301 et
1614 1260 1889 1302 conuentus
1926 1253 2220 1302 confirmant
2257 1259 2443 1302 cartam

395 1347 571 1395 Jacobi
610 1344 823 1395 Dunbar
855 1346 916 1394 de
955 1344 1188 1395 Cumnok
1224 1361 1323 1409 qua
1359 1343 1530 1392 vendit
1554 1342 1810 1392 Willelmo
1836 1342 1982 1409 Haye
2007 1344 2059 1392 in
2082 1342 2267 1393 Fothre
2289 1351 2446 1393 terras

398 1439 457 1486 do
506 1437 868 1502 Auchquhorfk
922 1436 1054 1485 infra
1101 1436 1499 1486 vicecomitatum
1547 1436 1609 1484 (10
1659 1434 1817 1484 Banfe
1859 1452 1950 1500 pro
1998 1436 2209 1500 quadam
2263 1435 2449 1485 summa

396 1530 604 1595 pecunie
647 1558 657 1569 ·
703 1528 971 1578 Tonondas
1014 1530 1075 1578 (10
1115 1529 1292 1578 abbate
1334 1529 1396 1578 de
1435 1527 1729 1594 Abyrbroth
1771 1527 2073 1577 hereditarie
2120 1557 2130 1568 ·
2173 1527 2447 1577 Reddendo

398 1622 728 1686 quadraginta
752 1620 982 1670 denarios
1007 1628 1203 1670 monete
1232 1619 1406 1670 Scocie
1431 1621 1495 1670 ad
1519 1620 1756 1669 terminos
1782 1620 2039 1670 consuetos
2075 1621 2274 1669 nomine
2299 1622 2450 1670 feodi·

396 1714 534 1762 firme
560 1720 749 1762 tantum
775 1739 784 1749 ·
810 1712 963 1778 Apud
986 1714 1198 1778 burgum
1220 1713 1281 1761 (10
1300 1711 1457 1762 Foras
1485 1712 1547 1763 16
1568 1712 1827 1763 Februarii
1850 1716 1977 1762 1514
1998 1712 2198 1763 testibus
2217 1713 2449 1779 magistro

402 1804 708 1853 Alloxandro
735 1804 933 1870 Ogilwy
962 1803 1067 1870 [(10]
1099 1804 1390 1854 Gleshalcht
1414 1834 1424 1844 ·
1452 1804 1702 1855 Duncano
1727 1804 1963 1854 Leuanax
1996 1804 2359 1855 constabulario
2385 1807 2445 1855 (10

402 1895 586 1946 Caldor
625 1925 634 1935 ·
672 1896 903 1945 Johanne
939 1896 1082 1962 Logy
1121 1924 1130 1934 ·
1175 1896 1428 1946 Willolmo
1468 1896 1622 1947 Come
1670 1927 1680 1937 ·
1728 1896 2035 1947 Archibaldo
2078 1896 2398 1963 Camyburgh
2438 1927 2447 1937 ·

399 1986 630 2036 Johanno
667 1987 795 2036 Reid
832 2014 841 2024 ·
880 1995 929 2037 et
964 1987 1194 2054 magistro
1232 1988 1441 2038 Andrea
1474 1988 1684 2055 Synclar
1718 1989 1906 2039 uicario
1932 1990 1993 2039 de
2019 1989 2191 2054 Logan
2219 1991 2413 2039 notario
2440 2020 2450 2030 ·

403 2094 513 2126 cum
552 2078 755 2126 diuersis
797 2078 905 2127 aliis
942 2106 951 2116 ·
988 2079 1141 2144 Apud
1179 2080 1490 2146 Edynburgh
1534 2085 1556 2129 1
1598 2080 1770 2131 Martii
1807 2085 1935 2130 1518
1976 2089 2025 2130 ot
2068 2082 2450 2132 consecrationis

403 2170 756 2236 archiepiscopi
782 2188 912 2220 anno
938 2172 1146 2220 docimo.

258 2455 354 2499 550
402 2422 724 2510 Preceptum
760 2447 910 2497 safine
947 2449 1188 2498 dictarum
1225 2456 1469 2501 terrarum
1507 2451 1747 2502 directum
1783 2452 1980 2502 balliuis
2018 2453 2250 2519 magistro
2285 2454 2451 2504 Allex·

406 2535 560 2584 andro
593 2534 789 2601 Ogilwy
827 2546 877 2587 et
914 2538 1104 2588 Jacobo
1145 2539 1355 2590 Stewart
1390 2542 1667 2593 vicecomiti
1709 2544 1770 2593 de
1806 2543 1960 2593 Banff
1989 2574 1998 2585 ·
2036 2546 2188 2610 Apud
2227 2545 2449 2595 Arbroth

410 2629 470 2673 14
498 2624 668 2675 Martii
698 2632 841 2677 1518.

264 2906 352 2950 551
413 2880 892 2955 Commendatarius
927 2902 1171 2966 presentat
1205 2906 1490 2972 magistrum
1527 2911 1784 2962 Andream
1820 2911 1961 2962 Dure
1996 2913 2059 2962 ad
2085 2913 2318 2963 vicariam
2344 2932 2451 2980 per-

412 3001 611 3060 petuam
637 2991 837 3041 00010110
861 2994 1158 3057 parochialis
1194 2997 1255 3046 de
1292 2997 1525 3066 Newtyld
1562 3003 1781 3069 dyocesis
1814 3002 2169 3055 Sanaiandree
2196 3015 2448 3057 vacantem

413 3103 502 3151 per
525 3091 732 3134 mortem
757 3084 975 3150 magistri
999 3086 1237 3138 Willelmi
1262 3089 1493 3158 Lyndsay
1520 3122 1529 3133 ·
1561 3098 1621 3143 13
1647 3095 1828 3146 Marcii
1858 3100 2000 3151 1519.
