2762 3834
474 763 568 807 482

474 2786 570 2829 483

625 362 721 406 384
1072 353 1496 406 REGISTRUM
1532 351 1626 402 DE
1663 349 2223 401 ABERBROTHOC.

626 559 876 630 Laitham
901 578 1106 627 dimidia
1127 593 1242 641 pars
1267 574 1512 624 affedatur
1537 573 1793 622 Willelmo
1818 572 2010 638 Brydy.

627 740 902 813 Uniuersis
947 798 957 808 .
1000 799 1010 809 .
1048 799 1057 808 .
1097 757 1344 822 Georgius
1386 796 1395 805 .
1436 796 1445 805 .
1489 793 1500 804 .
1543 756 1694 805 abbas
1730 796 1739 805 .
1780 796 1789 805 .
1828 796 1838 805 .
1876 757 1938 804 de
1963 755 2275 804 Abbirbroth
2312 795 2322 804 .
2365 795 2374 804 .
2414 793 2425 804 .
2470 755 2670 806 salutem

629 892 639 900 .
691 890 700 899 .
748 890 758 900 .
802 851 1059 900 Noueritis
1100 867 1190 898 nos
1233 886 1245 897 .
1292 887 1303 896 .
1348 885 1359 896 .
1403 846 1629 897 affedafl'e
1674 885 1685 897 .
1730 885 1742 897 .
1787 885 1799 896 .
1842 847 2099 897 Willelmo
2147 846 2321 913 Brydy
2361 856 2410 898 et
2458 847 2674 898 Mariote

623 942 790 1007 sponse
815 942 896 991 sue
919 942 1155 990 moderne
1181 958 1292 989 cum
1328 939 1425 988 suis
1460 939 1833 988 subtenentibus
1869 938 2231 988 dimidietatem
2261 939 2376 988 ville
2411 939 2577 988 nostre
2613 941 2675 989 de

624 1034 851 1083 Laitham
902 1071 913 1081 .
964 1071 976 1081 .
1028 1070 1039 1082 .
1087 1049 1179 1098 pro
1216 1039 1320 1082 toto
1367 1043 1591 1096 tempore
1629 1031 1731 1080 vite
1772 1048 1943 1080 eorum
1985 1059 1996 1070 ·
2040 1038 2089 1080 et
2125 1030 2235 1095 post
2272 1030 2513 1080 decessum
2555 1031 2673 1080 dieti

625 1125 864 1173 Willelmi
901 1133 951 1174 et
988 1124 1205 1174 Mariote
1249 1124 1443 1172 Thome
1486 1123 1662 1189 Brydy
1702 1123 1805 1172 filio
1844 1123 2115 1172 eorundem
2165 1160 2177 1171 .
2228 1161 2239 1171 .
2286 1160 2297 1171 .
2345 1132 2394 1172 et
2434 1123 2531 1172 suis
2569 1122 2672 1172 sub-

623 1218 903 1266 tenentibus
953 1255 964 1266 .
1013 1256 1024 1266 .
1074 1257 1083 1266 .
1130 1234 1223 1282 pro
1245 1224 1350 1266 toto
1372 1223 1596 1281 tempore
1620 1215 1769 1280 ipfius
1795 1213 1990 1263 Thome
2026 1242 2038 1253 ·
2075 1221 2125 1263 et
2148 1213 2251 1278 ipso
2275 1213 2471 1263 Tboma
2495 1215 2556 1263 ab
2579 1214 2673 1263 hac

623 1310 732 1357 luce
757 1308 945 1358 sublato
971 1316 1087 1358 ante
1112 1307 1355 1357 decefl'um
1378 1308 1536 1372 patris
1561 1315 1610 1357 et
1634 1306 1807 1356 matris
1830 1305 2002 1354 licebit
2037 1304 2306 1354 Malcolmo
2331 1305 2506 1372 Brydy
2529 1306 2671 1355 fratri

624 1417 859 1465 germano
884 1401 1099 1450 eiusdem
1126 1400 1320 1450 Thome
1344 1400 1529 1449 habere
1564 1399 1836 1465 predictam
1870 1405 2064 1463 partem
2107 1435 2119 1447 .
2161 1435 2173 1447 .
2217 1437 2226 1447 .
2272 1397 2522 1447 Soluendo
2558 1399 2673 1447 inde

624 1493 877 1541 annuatim
925 1492 1042 1541 diesi
1082 1492 1365 1542 Willelmus
1407 1499 1457 1541 et
1499 1491 1719 1542 Mariota
1765 1492 1873 1538 οὸὶο
1919 1490 2073 1539 libras
2121 1529 2131 1539 .
2180 1529 2190 1539 .
2241 1528 2252 1539 .
2299 1498 2498 1539 monete
2546 1530 2555 1539 .
2603 1530 2613 1540 .
2661 1531 2672 1541 .

627 1585 798 1634 Scocie
823 1586 888 1634 ad
925 1625 935 1634 .
975 1625 984 1634 .
1026 1622 1037 1634 .
1075 1585 1200 1635 festa
1236 1625 1246 1635 .
1285 1625 1294 1634 .
1334 1623 1344 1634 .
1384 1583 1737 1634 Penthecostes
1762 1592 1811 1634 et
1839 1583 2006 1634 Sanffi
2030 1583 2241 1633 Martini
2280 1622 2291 1632 .
2331 1624 2340 1633 .
2380 1623 2390 1634 .
2430 1585 2673 1634 monacho

626 1677 991 1727 communitatis
1039 1714 1050 1724 .
1094 1716 1103 1726 .
1147 1717 1157 1727 .
1205 1694 1297 1742 pro
1322 1677 1690 1726 omnibus-aliis
1723 1677 1943 1726 seruiciis
1968 1684 2018 1725 et
2040 1675 2406 1725 husbandorum
2442 1678 2675 1727 oneribus

628 1808 639 1817 .
683 1808 693 1817 .
734 1808 744 1819 .
781 1770 913 1818 saluo
933 1777 1097 1819 tamen
1118 1771 1319 1835 lysoute
1336 1771 1391 1818 in
1410 1776 1550 1819 court
1574 1796 1584 1807 ·
1606 1768 1845 1819 Preterea
1862 1769 2019 1818 dictus
2037 1768 2257 1817 Thomas
2275 1776 2361 1818 aut
2377 1768 2672 1819 Malcolmus

624 1861 733 1925 post
757 1861 945 1910 obitum
968 1862 1123 1926 patris
1148 1869 1197 1911 et
1221 1862 1392 1911 matris
1415 1861 1572 1911 soluet
1597 1861 1853 1911 annuatim
1877 1861 2048 1910 decem
2084 1860 2380 1925 plaustratus
2415 1862 2669 1927 glebarum

625 1962 675 2002 et
698 1953 779 2002 sex
801 1953 1098 2018 plaustratus
1121 1954 1222 2003 feni
1247 1972 1340 2019 pro
1365 1955 1592 2004 omnibus
1616 1953 1726 2003 aliis
1750 1952 2119 2002 husbandorum
2150 1953 2381 2003 oneribus
2405 1971 2464 2002 ac
2486 1953 2673 2002 summa

625 2049 732 2094 oeto
756 2045 995 2094 librarum
1019 2047 1267 2095 antedicta
1291 2048 1355 2095 ad
1378 2047 1615 2096 terminos
1638 2045 1936 2112 prescriptos
1961 2074 1972 2085 ·
2001 2043 2055 2095 Si
2091 2083 2101 2094 .
2136 2084 2147 2094 .
2187 2083 2198 2094 .
2235 2045 2364 2094 male
2391 2046 2672 2110 persoluent

624 2137 793 2186 licebit
833 2137 975 2186 nobis
1014 2175 1024 2186 .
1064 2177 1074 2187 .
1115 2176 1125 2186 .
1169 2139 1230 2188 de
1267 2179 1276 2188 .
1314 2176 1324 2188 .
1363 2177 1373 2188 .
1410 2138 1557 2188 terris
1592 2138 1852 2204 disponere
1895 2177 1905 2187 .
1943 2175 1954 2186 .
1992 2177 2001 2187 .
2045 2136 2271 2203 Sigillum
2312 2177 2322 2186 .
2360 2176 2370 2187 .
2411 2174 2422 2185 .
2465 2137 2668 2202 capituli

682 2269 691 2277 .
740 2268 748 2277 .
796 2229 1103 2293 presentibus
1142 2230 1212 2279 est
1250 2232 1517 2296 appensum
1553 2236 1638 2287 xx⁰
1672 2232 1753 2281 die
1794 2230 1971 2280 menfis
2007 2230 2044 2280 J
2048 2231 2151 2280 unii
2189 2248 2320 2280 anno
2356 2230 2563 2281 Domini
2598 2237 2669 2279 m⁰
2761 2271 2762 2288 ξ

625 2320 861 2385 quingen‘
882 2338 1027 2370 nono.

626 2576 795 2647 Sexta
818 2615 932 2663 pars
957 2598 1165 2650 Latham
1192 2601 1438 2651 affedatur
1463 2602 1658 2652 Thome
1683 2602 1875 2670 Brydy.

622 2756 751 2828 Nos
798 2778 1043 2845 Georgius
1093 2819 1103 2829 .
1147 2822 1156 2830 .
1200 2822 1210 2832 .
1251 2784 1400 2832 abbas
1442 2824 1451 2834 .
1495 2824 1504 2834 .
1548 2825 1558 2834 .
1602 2786 1663 2834 de
1710 2785 2024 2836 Abbirbroth
2070 2827 2079 2837 .
2126 2823 2137 2836 .
2180 2826 2189 2836 .
2237 2786 2507 2837 affedamus
2548 2828 2557 2837 .
2601 2828 2609 2837 .
2652 2827 2661 2838 .

624 2868 817 2918 Thome
866 2870 1037 2936 Brydy
1084 2911 1094 2921 .
1143 2912 1152 2921 .
1202 2912 1212 2922 .
1259 2875 1444 2923 sextam
1489 2883 1680 2940 partem
1726 2878 1788 2927 de
1836 2878 2051 2928 Latham
2098 2897 2245 2944 quam
2291 2888 2481 2945 partem
2527 2881 2664 2946 prius

622 2961 865 3025 ocupabat
905 2961 941 3010 J
943 2962 1163 3011 ohannes
1199 2963 1343 3029 Logy
1384 2982 1476 3030 pro
1520 2974 1626 3016 toto
1666 2975 1890 3034 tempore
1935 2971 2091 3035 patris
2138 2979 2188 3021 et
2232 2972 2403 3021 matris
2450 2972 2661 3021 eiusdem

622 3050 814 3100 Thome
858 3080 868 3091 ·
910 3060 959 3102 et
991 3053 1102 3117 post
1136 3054 1377 3103 decess'um
1413 3056 1629 3121 ipsorum
1665 3062 1982 3111 concedimus
2023 3063 2182 3114 eidem
2220 3063 2413 3113 Thome
2452 3064 2660 3114 liberum

617 3142 879 3209 ingressum
907 3144 962 3193 in
986 3152 1035 3194 et
1059 3146 1122 3195 ad
1145 3145 1398 3195 dimidiam
1435 3157 1628 3212 partem
1665 3152 1727 3200 de
1761 3152 1991 3202 Laitham
2028 3171 2176 3218 qua-m
2211 3172 2344 3204 nunc
2379 3163 2521 3220 pater
2557 3155 2659 3206 eius
