2762 3834
382 2215 475 2257 133

521 390 616 440 116
966 384 1392 439 REGISTRUM
1426 382 1523 432 DE
1558 378 2120 431 ABERBROTHOQ

519 530 568 573 et
603 523 664 571 de
702 521 1016 571 Halfdavach
1049 522 1256 569 debetur
1290 517 1436 565 modo
1470 514 1687 562 multura
1720 512 2009 560 molendino
2040 513 2102 562 de
2141 512 2373 564 Conueth
2398 544 2409 554 ·
2436 516 2569 579 quod

519 615 589 664 est
613 614 802 663 abbatis
839 650 851 661 .
888 650 899 661 .
938 649 950 661 .
988 613 1049 660 de
1074 608 1412 659 Abirbrothoc
1448 633 1459 644 ·
1494 614 1545 655 et
1579 606 1714 670 quod
1748 606 1809 654 de
1848 605 2075 654 omnibus
2113 643 2126 654 .
2165 642 2176 654 .
2216 644 2227 655 .
2254 608 2401 656 terris
2438 609 2572 657 infra

521 706 831 771 parrochiam
856 706 917 752 de
945 702 1174 753 Conueth
1195 701 1468 749 debebatur
1493 699 1553 747 ab
1579 698 1783 762 antiquo
1808 697 1967 746 libera
1991 697 2209 746 multura
2232 699 2362 747 dieto
2386 700 2571 748 molen-

522 798 638 846 dino
664 796 896 845 videlicet
920 793 1202 843 vicesimum
1238 798 1467 855 quartum
1496 806 1579 839 vas
1605 790 1666 840 de
1692 789 1826 837 omni
1861 789 2010 838 blado
2047 790 2182 854 quod
2215 790 2484 840 moluerint
2508 793 2572 840 ad

522 890 703 938 dictum
734 887 1073 935 molendinum
1098 912 1108 922 ·
1134 892 1183 933 et
1208 884 1341 947 quod
1378 883 1509 932 dieza
1540 881 1759 931 multura
1793 881 2045 930 detinetur
2081 882 2143 933 ab
2179 882 2354 931 eodem
2388 882 2574 931 molen-

522 983 638 1031 dino
662 998 751 1045 per
790 1018 800 1028 .
842 1017 852 1027 .
893 1017 903 1027 .
942 978 1221 1043 episcopum
1258 976 1615 1026 Sanctiandree
1649 974 1904 1022 dominum
1941 975 2002 1022 de
2027 973 2337 1023 Blakokmur
2363 982 2412 1024 et
2436 975 2573 1025 inha-

520 1075 731 1123 bitantes
766 1072 944 1120 diffam
981 1078 1162 1118 terram
1191 1097 1200 1108 ·
1232 1086 1323 1133 per
1348 1068 1656 1118 Willelmum
1693 1068 1923 1117 comitem
1961 1067 2186 1118 Orkadie
2222 1070 2478 1118 dominum
2513 1071 2575 1118 de

521 1164 799 1214 Brunstoun
825 1170 873 1211 et
894 1162 928 1210 J
932 1161 1175 1209 ohnstoun
1198 1168 1247 1209 et
1271 1160 1606 1209 inhabitantes
1632 1160 1760 1209 diste
1785 1167 1926 1211 terrev
1945 1187 1955 1197 -
1978 1177 2069 1225 per
2091 1160 2375 1210 Gilbertum
2395 1160 2574 1210 Medil-

521 1266 640 1308 toun
665 1257 725 1304 de
752 1255 925 1304 eodem
958 1261 1007 1302 et
1038 1253 1372 1301 inhabitantes
1407 1259 1567 1301 terras
1596 1252 1705 1302 suas
1731 1281 1741 1291 -
1766 1269 1857 1317 per
1882 1252 2217 1302 inhabitantes
2242 1261 2488 1303 terrarum
2514 1256 2577 1303 de

521 1350 837 1399 Halkertoun
863 1365 957 1412 que
989 1347 1135 1394 modo
1164 1346 1273 1395 sunt
1305 1346 1358 1394 in
1383 1345 1611 1394 manibus
1648 1382 1660 1394 .
1700 1382 1713 1394 .
1751 1381 1764 1393 .
1801 1345 1933 1410 regis
1958 1345 2161 1394 racione
2186 1346 2351 1394 warde
2377 1377 2388 1387 ·
2415 1354 2464 1395 et
2488 1364 2578 1411 per

520 1442 861 1490 Alexandrum
881 1440 1056 1504 Irwyn*
1075 1440 1136 1488 de
1157 1438 1410 1503 Redemyr
1436 1445 1486 1486 et
1508 1437 1843 1487 inhabitantes
1865 1437 2047 1486 duitam
2072 1445 2255 1490 terram
2276 1466 2286 1477 ·
2308 1438 2577 1487 clamantes

523 1537 568 1583 se
594 1532 871 1599 possessores
904 1533 1031 1580 diae
1065 1532 1279 1580 multure
1317 1539 1552 1595 tanquam
1587 1530 1788 1578 feodum
1824 1530 2183 1579 hereditarium
2215 1547 2306 1595 per
2339 1531 2578 1596 quinqua-

521 1627 660 1691 ginta
683 1642 838 1674 annos
864 1633 912 1673 et
938 1625 1067 1673 vltra
1091 1651 1100 1660 ·
1126 1624 1310 1673 Assum
1349 1632 1398 1672 et
1439 1623 1657 1672 clausum
1693 1623 1780 1671 sub
1802 1621 1960 1687 sigillo
1997 1623 2115 1671 dieti
2146 1622 2452 1672 vicecomitis
2484 1641 2579 1672 vna

522 1735 629 1767 cum
655 1718 822 1783 sigillis
848 1709 1157 1781 quorundam
1198 1755 1208 1765 .
1248 1754 1259 1765 .
1299 1753 1311 1765 .
1350 1716 1434 1781 qui
1461 1753 1472 1765 .
1510 1754 1521 1764 .
1551 1754 1561 1764 .
1589 1714 1905 1780 inquisicioni
1929 1715 2207 1764 intererant
2233 1753 2243 1762 .
2273 1753 2284 1764 .
2313 1753 2324 1764 .

527 1966 699 2040 Carta
724 1991 993 2039 tenementi
1017 1991 1068 2039 in
1095 1990 1224 2039 Vico
1251 1990 1423 2039 Maris.

528 2151 803 2224 Uniucrsis
827 2183 994 2239 pateat
1032 2212 1041 2222 .
1082 2213 1092 2223 .
1133 2211 1143 2223 .
1182 2193 1271 2223 nos
1297 2175 1602 2224 Malcomum
1637 2213 1648 2224 .
1690 2213 1700 2224 .
1741 2214 1752 2225 .
1790 2176 2018 2224 abbatem
2046 2214 2057 2225 .
2083 2212 2095 2224 .
2125 2214 2135 2225 .
2160 2177 2221 2226 de
2243 2178 2580 2228 Abirbrothoc

581 2303 593 2314 .
634 2304 644 2314 .
683 2267 906 2315 assedaffe
945 2304 956 2315 .
995 2305 1004 2315 .
1044 2305 1053 2315 .
1091 2266 1314 2315 Johanni
1353 2268 1566 2334 Ramsay
1612 2304 1623 2317 .
1670 2305 1680 2316 .
1726 2306 1736 2316 .
1780 2285 1929 2317 vnam
1965 2269 2262 2333 perticatam
2297 2278 2430 2319 terre
2470 2288 2581 2319 cum

530 2376 671 2407 orreo
697 2359 747 2407 in
774 2360 944 2407 eadem
972 2359 1247 2408 constru&o
1273 2361 1517 2409 iacentem
1544 2361 1676 2410 infra
1698 2362 1911 2427 burgum
1932 2362 1994 2410 de
2014 2361 2355 2411 Abirbrothoc
2378 2363 2431 2410 in
2451 2362 2581 2411 Vico

531 2450 687 2499 Maris
712 2468 771 2498 ex
800 2458 940 2515 parte
964 2451 1153 2500 boreali
1179 2451 1395 2501 eiusdem
1421 2453 1519 2502 vici
1543 2453 1675 2503 inter
1699 2462 1884 2503 terram
1912 2454 2105 2503 Thome
2130 2455 2332 2505 Wricht
2357 2474 2415 2504 ex
2441 2466 2581 2521 parte

533 2542 759 2590 orientali
786 2542 998 2590 eiusdem
1037 2580 1047 2591 .
1087 2580 1099 2590 .
1141 2580 1150 2590 .
1185 2552 1234 2592 et
1258 2551 1441 2593 terram
1468 2545 1662 2617 Thome
1698 2545 1861 2596 Smert
1887 2565 1947 2595 ex
1972 2555 2112 2612 parte
2138 2548 2437 2596 occidentali
2462 2548 2582 2596 eius-

533 2636 644 2682 dem
685 2671 696 2681 .
741 2670 752 2681 .
797 2670 808 2681 .
856 2633 1147 2682 Tenendam
1200 2671 1210 2682 .
1261 2673 1272 2683 .
1324 2673 1335 2684 .
1383 2637 1436 2684 in
1469 2639 1614 2687 feodo
1640 2646 1689 2688 et
1712 2639 1990 2689 hereditate
2026 2640 2390 2704 imperpetuum
2441 2678 2453 2689 .
2504 2678 2514 2688 .
2569 2679 2579 2689 .

532 2726 807 2774 Reddendo
851 2761 862 2772 .
914 2762 924 2773 .
976 2761 987 2772 .
1037 2725 1115 2773 sex
1142 2726 1319 2774 solidos
1346 2736 1394 2776 et
1419 2732 1525 2777 οὸὶο
1552 2731 1782 2780 denarios
1808 2732 1986 2781 vsualis
2016 2740 2212 2781 monete
2236 2733 2380 2796 regni
2409 2731 2581 2782 Scocie

580 2854 591 2864 .
629 2854 641 2865 .
678 2816 739 2863 ad
773 2816 894 2863 duos
929 2816 1046 2863 anni
1082 2818 1321 2866 terminos
1358 2822 1612 2871 consuetos
1651 2860 1663 2872 .
1707 2861 1719 2872 .
1758 2862 1769 2874 .
1808 2833 2000 2874 tantum
2040 2862 2051 2874 .
2091 2862 2103 2873 .
2143 2862 2154 2873 .
2192 2825 2431 2874 Preterea
2467 2863 2479 2874 .
2517 2863 2528 2873 .
2570 2863 2580 2873 .

536 2904 851 2956 concessimus
879 2943 889 2953 .
924 2943 934 2953 .
975 2943 985 2954 .
1011 2906 1046 2954 J
1050 2907 1232 2955 ohanni
1254 2909 1519 2959 heredibus
1543 2914 1638 2961 suis
1668 2923 1716 2963 et
1741 2915 1991 2981 assignatis
2023 2954 2034 2966 .
2063 2954 2074 2965 .
2111 2954 2122 2966 .
2150 2917 2443 2982 potestatem
2469 2934 2582 2966 con-

535 2998 754 3046 struendi
780 3014 930 3045 vnum
967 2999 1148 3046 torrale
1184 2999 1314 3048 inter
1352 3038 1363 3048 .
1403 3038 1414 3049 .
1455 3040 1466 3051 .
1499 3021 1696 3054 orreum
1731 3015 1780 3056 et
1810 3025 1945 3057 mare
1971 3026 2033 3058 ex
2057 3009 2277 3073 opposito
2303 3010 2583 3073 Vbicunque

537 3090 766 3155 predictis
787 3089 962 3138 melius
988 3090 1235 3139 videbitur
1257 3094 1490 3157 expedire
1518 3132 1528 3142 .
1555 3135 1563 3143 .
1594 3133 1604 3143 .
