2762 3834
6 1104 97 1148 101

615 332 1047 385 REGISTRUM
1079 333 1179 383 DE
1214 331 1782 384 ABERBROTHOC.
2170 338 2232 383 85

160 468 299 516 cuius
357 467 432 516 rei
478 467 816 517 testimonium
870 467 1081 534 sigillum
1119 505 1131 517 .
1170 505 1182 517 .
1223 505 1235 517 .
1270 467 1478 533 capituli
1515 504 1526 517 .
1563 505 1574 517 .
1615 505 1626 517 .
1665 467 1737 516 est
1783 467 2054 532 appensum
2098 503 2110 515 .
2156 505 2167 515 .
2215 505 2226 515 .

160 562 333 609 ofitauo
359 560 439 609 die
464 560 643 610 menfis
667 561 853 611 Marcii
879 579 1010 611 anno
1034 561 1246 611 Domini
1267 567 1336 610 m⁰
1360 565 1497 611 cece⁰
1522 558 1933 627 quinquagesimo
1959 558 2128 609 tercio.

158 808 387 880 Limites
413 832 726 895 quorundam
751 839 1152 883 tenementorum
1182 834 1235 883 in
1267 836 1428 901 burgo
1454 835 1516 884 de
1548 834 1728 884 Forfar
1764 835 2045 884 iaoencium
2077 834 2229 900 perti-

155 923 389 971 nencium
415 924 729 975 monasterio,

155 1081 349 1155 Vnum
389 1113 729 1155 tenementum
767 1106 938 1156 iacens
978 1106 1032 1155 in
1070 1107 1232 1172 burgo
1272 1107 1334 1156 de
1371 1106 1551 1157 Forfar
1588 1108 1643 1157 in
1681 1109 1793 1158 vico
1831 1108 1930 1157 fori
1978 1126 2039 1158 ex
2085 1117 2227 1174 parte

155 1198 358 1247 australi
384 1199 601 1247 eiusdem
626 1199 726 1247 vici
750 1199 883 1248 inter
905 1206 1065 1247 terras
1108 1199 1298 1248 domini
1326 1200 1388 1248 de
1425 1200 1683 1266 Glammys
1726 1218 1787 1250 ex
1824 1201 1956 1266 parti
1995 1202 2228 1252 orientali

269 1328 280 1340 .
325 1299 374 1340 et
407 1298 593 1340 terram
631 1291 811 1340 Jacobi
855 1291 1121 1341 Cuthberti
1161 1308 1222 1340 ex
1259 1299 1403 1355 parte
1441 1292 1742 1342 occidentali
1786 1331 1797 1342 .
1843 1331 1855 1342 .
1902 1331 1912 1342 .
1957 1302 2006 1343 et
2041 1302 2225 1344 terram

155 1382 382 1431 Villelmi
409 1383 597 1433 Grame
623 1400 684 1431 ex
705 1389 847 1448 parte
874 1382 1078 1432 australi
1102 1410 1114 1421 ·
1138 1384 1203 1432 ad
1223 1384 1428 1433 boream
1452 1384 1535 1433 via
1557 1385 1711 1450 regia.

158 1566 444 1617 Secundum
468 1574 810 1616 tenementum
835 1567 887 1615 in
914 1568 1090 1616 eodem
1110 1566 1222 1617 vico
1243 1567 1375 1617 iacet
1401 1586 1460 1618 ex
1482 1575 1626 1633 parte
1646 1568 1847 1619 australi
1866 1570 2045 1639 in[ter]
2070 1580 2228 1624 terras

154 1661 189 1709 J
192 1660 335 1710 acobi
363 1659 541 1727 Smyth
561 1677 622 1710 ex
643 1670 786 1726 parte
812 1660 1047 1709 orientali
1090 1698 1101 1709 .
1148 1698 1160 1709 .
1206 1698 1218 1710 .
1263 1668 1313 1709 et
1335 1668 1527 1710 terram
1552 1660 1752 1711 Valteri
1783 1662 1967 1729 Ranny
1991 1682 2051 1714 ex
2086 1674 2229 1731 parte

155 1755 456 1805 occidentali
494 1793 506 1804 .
547 1793 557 1804 .
598 1794 610 1805 .
648 1762 698 1804 et
737 1762 924 1804 terram
967 1754 1196 1805 Villelmi
1240 1753 1431 1804 Grame
1476 1771 1537 1803 ex
1578 1761 1721 1819 parte
1769 1755 1973 1806 australi
2010 1794 2023 1806 .
2064 1794 2075 1806 .
2116 1796 2128 1808 .
2166 1762 2229 1808 ad

154 1850 357 1899 boream
382 1851 656 1898 communis
681 1848 889 1898 venella.

156 2033 387 2083 Tertium
435 2027 773 2083 tenementum
823 2051 882 2084 ex
930 2041 1073 2099 parte
1127 2032 1319 2083 boreali
1376 2033 1508 2083 iacet
1564 2034 1699 2084 inter
1756 2042 1943 2084 terram
2002 2035 2229 2087 Villelmi

155 2127 478 2193 Monorgond
502 2127 567 2175 ad
593 2127 835 2176 orientem
867 2164 879 2176 .
917 2165 927 2175 .
962 2164 974 2176 .
1007 2133 1057 2176 et
1081 2133 1243 2176 terras
1277 2126 1560 2177 Alexandri
1584 2128 1785 2178 Vellem
1821 2130 1886 2178 ad
1918 2130 2226 2180 occidentem

270 2259 282 2270 .
325 2221 390 2269 ad
413 2222 617 2270 boream
642 2228 692 2270 et
713 2221 778 2270 ad
802 2219 1020 2271 austrum
1047 2220 1324 2270 communis
1343 2221 1551 2271 venella.

155 2476 433 2565 Recepoio
458 2499 623 2548 warde
648 2505 896 2547 terrarum
916 2497 978 2546 de
1001 2495 1268 2545 Auohneif.

168 2656 539 2749 [Omnibus..
568 2681 881 2748 .]Rioardus
919 2719 931 2729 .
972 2717 983 2729 .
1023 2716 1035 2729 .
1072 2680 1224 2728 abbas
1262 2715 1275 2727 .
1316 2715 1328 2727 .
1366 2716 1378 2727 .
1416 2679 1477 2727 de
1514 2677 1856 2728 Abirbrothoo
1890 2716 1900 2727 .
1931 2716 1942 2727 .
1973 2717 1983 2728 .
2019 2679 2223 2731 salutem

284 2774 528 2825 Sciatis
562 2792 654 2823 nos
686 2774 868 2823 dedisse
918 2811 929 2822 .
982 2811 994 2822 .
1046 2811 1057 2821 .
1108 2771 1310 2821 domino
1345 2771 1540 2821 Jacobo
1576 2770 1619 2819 F
1622 2771 1767 2820 orbas
1793 2773 1854 2820 de
1879 2773 2054 2822 eodem
2077 2775 2224 2825 militi

157 2813 423 2918 lieredibus
448 2868 546 2917 suis
570 2874 620 2917 et
642 2866 739 2916 suis
765 2865 1014 2932 assignatis
1038 2865 1257 2914 wardam
1281 2864 1502 2912 nostram
1527 2864 1589 2912 de
1613 2863 1855 2913 Auchnef
1873 2874 2134 2916 vacantem
2168 2869 2221 2917 in

159 2962 384 3011 manibus
420 2960 602 3010 nostris
638 2977 729 3026 per
769 2967 983 3009 mortem
1018 2957 1237 3007 Mariote
1275 2956 1531 3007 Meldrum
1566 2957 1767 3006 domine
1804 2958 2020 3006 eiusdem
2053 2960 2221 3023 sponse

161 3055 410 3119 quondam
433 3053 678 3103 Willelmi
700 3054 761 3102 de
790 3051 980 3103 Setoun
1004 3052 1164 3100 donec
1190 3056 1239 3099 et
1275 3049 1527 3114 quousque
1566 3048 1696 3097 filius
1737 3056 1787 3098 et
1826 3049 1970 3098 heres
2006 3050 2087 3099 vel
2120 3051 2222 3101 filia

162 3147 359 3197 domine
384 3147 632 3197 antediss’oe
657 3146 721 3195 ad
739 3144 1035 3210 legittimam
1053 3142 1318 3210 perueniat
1337 3149 1520 3192 etatem
1537 3159 1630 3207 pro
1650 3149 1788 3191 certa
1806 3141 1992 3191 summa
2007 3144 2220 3208 pecunie
