2762 3834
424 793 517 837 185

562 393 656 443 164
1003 381 1424 438 REGISTRUM
1459 378 1555 428 DE
1591 372 2146 425 ABERBROTHOC.

567 596 882 680 Appellacio
907 613 968 660 ab
991 610 1215 674 episcopo
1243 601 1592 655 Swffiandree
1617 599 1744 646 faaa
1767 613 1857 661 per
1882 597 2124 645 abbatem.

570 769 641 840 In
668 789 765 837 Dei
790 787 987 835 nomine
1011 800 1152 832 amen
1178 811 1188 821 -
1215 781 1311 828 Per
1334 780 1428 826 hoc
1459 817 1467 825 .
1505 814 1516 825 .
1552 814 1563 825 .
1596 782 1763 840 pateat
1795 814 1804 823 .
1842 814 1852 823 .
1880 812 1891 824 .
1926 776 2057 839 quod
2082 793 2213 825 anno
2237 778 2601 829 incarnacionis

571 878 831 928 Dominice
856 875 1106 924 millesimo
1126 869 1604 937 quadringentesimo
1623 867 1974 932 septuagesimo
1997 905 2007 916 .
2037 906 2047 916 .
2075 905 2086 916 .
2107 869 2375 919 indiffione
2400 882 2602 935 quarta·

570 971 758 1019 decimo
793 968 995 1032 septimo
1033 982 1149 1013 vero
1185 964 1265 1012 die
1301 961 1475 1010 menfis
1512 959 1741 1009 O&obris
1766 986 1776 998 ·
1802 960 2117 1023 pontificatus
2155 999 2165 1009 .
2206 999 2217 1009 .
2258 999 2269 1010 .
2307 962 2449 1011 Pauli
2489 1002 2499 1012 .
2540 1002 2550 1012 .
2591 1002 2601 1012 .

570 1079 693 1127 pape
719 1059 916 1109 secundi
941 1075 1070 1106 anno
1100 1055 1335 1119 septimo·
1364 1069 1529 1102 coram
1566 1089 1576 1099 .
1617 1088 1627 1099 .
1668 1088 1678 1098 .
1710 1050 1942 1099 Johanne
1983 1088 1994 1099 .
2039 1088 2051 1099 .
2097 1089 2108 1099 .
2152 1052 2378 1118 episcopo
2403 1054 2605 1104 Brechi-

570 1154 702 1203 nenfi
744 1170 800 1201 ac
839 1151 1181 1199 conseruatore
1219 1182 1230 1194 .
1277 1184 1287 1194 .
1333 1183 1344 1194 .
1390 1143 1627 1193 Malcomi
1669 1142 1859 1190 abbatis
1898 1179 1908 1190 .
1954 1179 1966 1190 .
2011 1179 2022 1190 .
2066 1143 2127 1191 de
2165 1144 2501 1194 Abirbrothoc
2549 1165 2605 1195 ac

570 1244 941 1310 priuilegiorum
988 1240 1104 1289 dieti
1150 1237 1432 1287 monasterii
1481 1236 1638 1284 dietus
1680 1273 1691 1284 .
1736 1274 1747 1284 .
1793 1273 1804 1284 .
1847 1236 1996 1284 abbas
2042 1238 2262 1300 exposuit
2308 1239 2439 1286 dicto
2484 1277 2494 1287 .
2541 1278 2550 1287 .
2594 1279 2604 1288 .

572 1338 795 1402 episcopo
834 1373 844 1383 .
885 1372 895 1381 .
937 1371 947 1381 .
986 1331 1230 1396 quomodo
1254 1330 1354 1394 ipse
1379 1329 1505 1378 lesus
1530 1329 1623 1378 fuit
1641 1338 1690 1378 et
1714 1329 1899 1377 dictum
1918 1329 2264 1379 monasterium
2304 1370 2314 1379 .
2356 1370 2366 1380 .
2406 1370 2416 1380 .
2454 1333 2607 1398 Prop-

573 1437 707 1477 terea
731 1424 998 1491 appellauit
1021 1423 1072 1471 in
1096 1423 1190 1470 hac
1207 1422 1366 1469 forma
1392 1458 1402 1468 .
1433 1457 1444 1468 .
1472 1457 1483 1468 .
1511 1419 1618 1468 Nos
1638 1420 1914 1469 Malcomus
1941 1458 1952 1468 .
1978 1458 1988 1469 .
2018 1458 2029 1469 .
2053 1422 2202 1470 abbas
2239 1459 2250 1471 .
2291 1460 2301 1470 .
2338 1461 2348 1470 .
2383 1425 2444 1472 de
2462 1424 2608 1473 Abir-

573 1519 777 1568 brothoc
818 1554 828 1564 .
866 1554 875 1564 .
914 1554 923 1563 .
962 1515 1231 1563 sencientes
1255 1529 1345 1560 nos
1370 1511 1491 1560 alias
1514 1510 1650 1559 fuifl'e
1679 1512 1731 1559 in
1754 1512 1921 1560 multis
1956 1512 2078 1561 lesos
2115 1551 2126 1561 .
2163 1550 2174 1561 .
2213 1551 2223 1561 .
2258 1531 2349 1578 per
2373 1533 2458 1563 vos
2495 1553 2507 1565 .
2547 1555 2557 1564 .
2598 1555 2607 1564 .

574 1611 843 1661 Patricium
871 1647 881 1656 .
910 1646 920 1655 .
950 1645 960 1655 .
987 1607 1263 1671 episcopum
1292 1604 1644 1655 Sanaiandree
1669 1621 1729 1652 ex
1767 1641 1778 1651 .
1818 1640 1828 1650 .
1869 1641 1879 1651 .
1918 1621 1976 1652 eo
2001 1605 2135 1667 quod
2157 1622 2242 1652 vos
2280 1643 2291 1653 .
2330 1644 2341 1654 .
2380 1644 2391 1655 .
2430 1608 2611 1656 fecistis

574 1721 664 1751 nos
689 1702 861 1751 vestris
887 1700 1007 1748 artis
1032 1698 1311 1747 carceribus
1335 1696 1498 1744 stridite
1517 1695 1730 1744 detineri
1754 1712 1846 1744 nec
1874 1733 1884 1743 .
1913 1732 1924 1743 .
1953 1733 1963 1743 .
1990 1695 2125 1744 exire
2149 1696 2428 1761 permisistis
2453 1700 2610 1748 donec

581 1834 591 1843 .
621 1833 631 1842 .
661 1833 671 1842 .
698 1811 787 1842 nos
811 1793 861 1840 in
887 1792 1086 1839 diuerfis
1109 1790 1429 1854 pecuniarum
1445 1788 1641 1836 summis
1667 1824 1679 1835 .
1709 1824 1719 1835 .
1749 1824 1760 1835 .
1786 1786 1994 1852 obligari
2020 1787 2201 1836 fecistis
2220 1789 2270 1837 in
2311 1827 2321 1837 .
2362 1827 2373 1837 .
2411 1827 2423 1838 .
2461 1791 2612 1840 nostri

580 1886 798 1950 corporis
822 1885 1048 1932 lesionem
1084 1882 1334 1946 nostrique
1365 1879 1648 1929 monasterii
1680 1880 1948 1943 dampnum
1985 1916 1995 1927 .
2033 1916 2043 1927 .
2076 1916 2086 1927 .
2121 1887 2223 1927 tum
2257 1880 2470 1930 secundo
2498 1884 2614 1946 quia

579 1977 796 2025 nostrum
832 1974 1175 2023 monasterium
1212 2011 1222 2021 .
1246 2010 1256 2022 .
1279 1973 1611 2037 ‚temporibus
1643 1970 1900 2019 retroaffls
1925 1970 2289 2020 vifitacionibus
2324 1974 2489 2022 multis
2513 1992 2613 2023 non

581 2086 690 2117 cum
731 2085 935 2115 numero
972 2066 1209 2114 visitando
1255 2082 1285 2113 a
1332 2065 1439 2113 iure
1479 2063 1689 2112 limitato
1727 2100 1738 2110 .
1777 2099 1789 2110 .
1828 2099 1839 2111 .
1873 2061 1956 2110 sed
1996 2079 2255 2111 numerum
2295 2064 2435 2113 illum
2476 2084 2615 2115 exce-

582 2160 742 2208 dendo
784 2159 1048 2222 aliquando
1094 2174 1204 2205 cum
1251 2165 1447 2205 centum
1497 2156 1744 2220 equitibus
1797 2155 2063 2219 aliquando
2112 2172 2223 2204 cum
2272 2158 2497 2207 ducentis
2539 2160 2617 2207 vel

583 2251 776 2298 eocirca
815 2267 914 2297 non
955 2248 1265 2313 pastoraliter
1305 2265 1422 2296 oues
1461 2246 1699 2295 visitando
1735 2247 1818 2295 sed
1856 2245 2139 2296 monasterii
2174 2248 2327 2296 nostri
2363 2257 2412 2298 et
2452 2250 2618 2299 nostra

582 2343 712 2390 bona
748 2379 759 2389 .
798 2378 810 2389 .
851 2379 860 2388 .
898 2358 996 2388 non
1044 2340 1235 2388 modice
1273 2340 1601 2388 consumendo
1640 2376 1650 2387 .
1691 2376 1702 2386 .
1742 2375 1752 2386 .
1789 2338 2006 2386 diuersas
2055 2338 2375 2402 pecuniarum
2412 2339 2617 2390 summas

587 2451 614 2480 a
653 2433 792 2479 nobis
833 2432 1009 2495 absque
1046 2431 1145 2479 vlla
1185 2432 1327 2479 causa
1360 2430 1650 2479 racionabili
1691 2430 1983 2479 multociens
2024 2430 2317 2495 extirpando
2355 2460 2365 2470 ·
2398 2431 2464 2479 Et
2503 2434 2620 2496 quia

587 2523 811 2571 timemus
846 2539 934 2569 nos
974 2523 1025 2569 in
1062 2523 1281 2570 futurum
1315 2521 1549 2571 similibus
1581 2522 1692 2586 plus
1726 2521 1827 2570 ledi
1857 2521 2227 2585 grauaminibus
2264 2558 2275 2569 .
2318 2559 2329 2570 .
2366 2559 2378 2570 .
2416 2541 2446 2571 a
2480 2524 2619 2572 uobis

592 2650 602 2660 .
632 2649 642 2660 .
670 2648 681 2660 .
706 2611 920 2659 Patricio
953 2613 1177 2675 episcopo
1216 2611 1570 2662 Sanctiandree
1607 2614 1779 2663 vestris
1814 2614 2101 2664 officialibus
2134 2622 2184 2663 et
2214 2615 2265 2663 in
2290 2615 2620 2679 spiritualibus

593 2701 788 2750 vicariis
821 2701 1082 2764 vestrisque
1116 2710 1164 2750 et
1198 2703 1410 2766 ipsorum
1444 2704 1776 2754 commiffariis
1811 2743 1822 2754 .
1858 2744 1868 2753 .
1904 2743 1913 2753 .
1949 2723 1980 2755 a
2012 2705 2182 2754 vestris
2218 2714 2267 2755 et
2298 2724 2468 2755 eorum
2504 2708 2621 2756 cita-

595 2791 817 2839 cionibus
848 2791 1142 2854 processibus
1174 2793 1532 2842 monicionibus
1567 2797 1810 2845 mandatis
1846 2796 2206 2846 vifitacionibus
2240 2798 2622 2848 inhibicionibus

595 2881 806 2930 censuris
842 2891 890 2930 et
921 2883 1059 2945 penis
1086 2918 1097 2929 .
1126 2919 1137 2930 .
1164 2920 1174 2930 .
1200 2884 1262 2930 ad
1297 2883 1633 2934 sanaiffimum
1672 2888 1925 2936 dominum
1956 2888 2174 2936 nostrum
2206 2888 2414 2937 Paulum
2447 2907 2622 2954 papam

593 2973 855 3022 secundum
895 2981 943 3021 et
981 2973 1084 3021 eius
1120 2974 1465 3023 sacrosan&am
1507 2978 1665 3025 sedem
1712 2978 2026 3042 apostolicam
2066 2980 2119 3028 in
2156 2979 2250 3028 hiis
2290 2981 2483 3046 scriptis
2514 2999 2623 3046 pro-

595 3081 826 3113 uocamus
867 3064 1167 3128 appellamus
1202 3072 1251 3113 et
1292 3065 1533 3129 apostolos
1567 3068 1777 3131 petimus
1810 3070 2050 3120 instanter
2085 3071 2353 3120 instancius
2385 3072 2623 3122 instantis-

596 3157 707 3204 sime
743 3172 800 3204 ac
846 3155 940 3203 iter
978 3155 1240 3220 arripimus
1273 3164 1322 3204 et
1361 3156 1412 3204 in
1449 3156 1627 3206 itinere
1671 3159 1832 3207 sumus
1868 3189 1878 3199 ·
1916 3178 2038 3225 quos
2074 3162 2109 3210 fi
2144 3164 2286 3212 nobis
2323 3165 2623 3229 negaueritis
