2762 3834
448 962 546 1006 450

453 2620 545 2664 451

598 374 699 425 362
1046 364 1471 420 REGISTRUM
1505 363 1603 414 DE
1641 360 2201 414 ABERBROTHOC.

598 578 765 663 Athy
801 612 894 662 pro
926 596 1100 643 odana
1139 597 1282 656 parte
1314 587 1558 637 affedatur
1586 586 1876 637 Alexandro
1907 587 2142 638 Jameson
2179 618 2190 629 ·
2226 588 2262 638 J
2265 589 2448 638 ohanni
2482 589 2648 641 Jame-

597 690 682 739 son
719 717 729 727 ·
764 687 947 737 Jonete
983 683 1150 750 sponse
1183 681 1400 731 eiusdem
1429 679 1466 730 J
1468 679 1679 729 ohannis
1719 706 1730 718 ·
1765 695 1823 728 ac
1853 678 1890 728 J
1892 679 2079 729 ohanni
2115 679 2352 730 Jameson
2388 681 2492 731 filio
2527 682 2645 732 diei

599 778 911 831 Allexandri.

599 934 727 1008 Nos
761 955 1006 1021 Georgius
1043 992 1054 1003 .
1094 991 1106 1004 .
1143 993 1153 1004 .
1191 954 1343 1004 abbas
1381 991 1393 1001 .
1432 990 1444 1002 .
1484 990 1496 1002 .
1542 953 1605 1002 de
1641 951 1867 1002 Arbroth
1904 991 1914 1001 .
1951 992 1961 1001 .
1999 991 2009 1002 .
2046 952 2317 1003 afl'edamus
2352 993 2362 1003 .
2399 992 2409 1003 .
2446 993 2457 1003 .
2495 953 2646 1003 Alex-

597 1049 753 1098 andro
798 1047 1031 1098 Jameson
1068 1076 1079 1087 ·
1114 1045 1338 1096 Johanni
1374 1044 1609 1095 Jameson
1643 1071 1656 1084 ·
1689 1043 1873 1094 Jonete
1905 1044 2075 1110 sponse
2106 1045 2323 1095 eiusdem
2353 1045 2389 1095 J
2392 1045 2601 1094 ohannis
2638 1074 2649 1085 ·

597 1150 646 1192 et
686 1141 908 1191 «Iohanni
954 1139 1188 1189 Jameson
1233 1138 1338 1188 filio
1383 1138 1502 1187 dieti
1546 1136 1828 1187 Alexandri
1850 1165 1875 1204 ἢ·
1912 1144 1963 1187 et
2010 1154 2180 1186 eorum
2225 1138 2416 1187 diucius
2461 1138 2650 1187 viuenti

597 1237 817 1283 odanam
853 1239 1046 1298 partem
1081 1231 1142 1280 de
1177 1231 1231 1298 ly
1254 1230 1439 1297 Manys
1474 1231 1537 1280 de
1568 1230 1708 1297 Athy
1733 1247 1880 1295 quam
1910 1229 2192 1280 Willelmus
2228 1230 2472 1280 Fermour
2507 1248 2650 1281 occu·

595 1326 744 1391 pabat
780 1353 790 1362 ·
828 1323 1080 1375 Soluendo
1115 1364 1125 1373 .
1163 1363 1173 1374 .
1210 1363 1221 1374 .
1256 1341 1440 1374 nouem
1472 1323 1632 1374 bollas
1656 1340 1806 1373 vnam
1835 1323 2051 1373 firlotam
2087 1341 2199 1373 cum
2236 1324 2444 1374 dimidia
2475 1325 2649 1374 mundi

596 1418 715 1467 sicci
740 1425 789 1466 et
811 1416 925 1482 puri
959 1416 1196 1466 frumenti
1221 1423 1271 1465 et
1294 1423 1395 1465 tres
1422 1415 1612 1465 firlotas
1648 1414 1758 1464 albe
1789 1415 1951 1464 farine
1976 1423 2026 1465 et
2054 1433 2086 1464 x
2110 1433 2133 1464 s
2173 1453 2184 1465 .
2221 1456 2231 1465 .
2268 1456 2278 1465 .
2314 1422 2512 1465 monete
2544 1455 2553 1465 .
2592 1456 2600 1465 .
2641 1456 2650 1465 .

599 1509 769 1560 Scocie
794 1510 858 1559 ad
881 1508 1118 1558 terminos
1154 1546 1165 1557 .
1201 1546 1212 1557 .
1248 1545 1259 1557 .
1297 1508 1555 1557 consuetos
1581 1525 1693 1557 cum
1718 1507 1877 1557 tribus
1902 1508 2174 1573 caponibus
2199 1516 2249 1558 et
2271 1509 2478 1559 totidem
2502 1508 2650 1574 pullis

596 1601 775 1651 adultis
816 1618 927 1650 cum
965 1600 1192 1650 omnibus
1227 1600 1338 1649 aliis
1378 1600 1746 1649 husbandorum
1784 1600 2020 1649 oneribus
2057 1638 2069 1650 .
2114 1638 2127 1650 .
2176 1640 2186 1651 .
2222 1600 2290 1650 Et
2324 1600 2359 1649 fi
2396 1601 2651 1667 contingat

597 1694 749 1743 diazos
788 1731 798 1742 .
837 1730 850 1742 .
889 1731 900 1741 .
938 1693 1044 1742 fore
1079 1732 1089 1742 .
1128 1732 1137 1741 .
1176 1732 1186 1742 .
1224 1692 1353 1742 male
1383 1692 1722 1758 persoluentes
1761 1730 1771 1741 .
1812 1730 1823 1741 .
1869 1729 1881 1742 .
1919 1699 2005 1742 aut
2027 1692 2288 1742 iniuriosos
2312 1692 2484 1742 licebit
2507 1693 2650 1742 nobis

656 1823 667 1834 .
714 1822 726 1834 .
763 1786 825 1835 de
869 1822 881 1834 .
921 1822 932 1834 .
974 1822 985 1834 .
1027 1787 1202 1834 octaua
1236 1791 1379 1851 parte
1421 1784 1682 1850 disponere
1727 1822 1738 1833 .
1779 1822 1790 1833 .
1837 1822 1849 1833 .
1893 1784 2006 1834 Nec
2039 1785 2213 1835 licebit
2245 1785 2481 1850 predictis
2525 1822 2537 1833 .
2582 1822 2592 1833 .
2638 1822 2650 1834 .

598 1880 819 1927 oaauam
854 1885 1048 1944 partem
1091 1914 1104 1926 .
1148 1915 1159 1926 .
1205 1915 1217 1926 .
1266 1877 1412 1927 alteri
1448 1876 1665 1927 affedare
1704 1914 1716 1926 .
1753 1913 1765 1925 .
1807 1912 1820 1926 .
1862 1875 1963 1925 fine
1986 1877 2156 1926 nostra
2178 1877 2393 1927 licencia
2427 1877 2650 1926 cottariis

599 1970 816 2035 exceptis
851 2009 861 2019 .
896 2008 907 2019 .
943 2007 954 2019 .
992 1969 1146 2036 Apud
1170 2010 1179 2020 .
1206 2010 1216 2019 .
1242 2010 1252 2020 .
1284 1970 1559 2036 capitulum
1583 1971 1740 2021 tercio
1765 1970 1846 2020 die
1870 1969 2048 2021 menfis
2072 1970 2263 2036 Aprilis
2288 1988 2419 2020 anno
2443 1970 2650 2019 Domini

596 2070 664 2112 m⁰
688 2062 1093 2129 quingenteffimo
1117 2062 1268 2114 sexto,

598 2330 1090 2403 Auchinhufe'cum
1125 2352 1329 2402 decimis
1365 2352 1581 2402 eiusdem
1613 2368 1724 2401 cum
1749 2351 1955 2401 decimis
1980 2350 2184 2413 ecclefie
2209 2350 2270 2398 de
2296 2347 2576 2414 Bothelnye
2599 2356 2650 2397 et

598 2442 800 2491 decimis
824 2443 1028 2492 baronie
1054 2444 1114 2492 de
1142 2442 1357 2494 Scheves
1382 2443 1627 2494 affedatur
1651 2443 1766 2493 Ade
1791 2442 2039 2508 Hepburn
2063 2449 2113 2491 et
2136 2442 2233 2491 suis
2259 2440 2524 2507 affignatiS.

602 2598 880 2673 Uniuerfis
902 2628 1070 2685 pateat
1105 2661 1114 2669 .
1152 2662 1161 2670 .
1201 2660 1212 2670 .
1249 2639 1340 2671 nos
1365 2622 1639 2688 Georgium
1675 2660 1685 2670 .
1722 2661 1733 2671 .
1770 2661 1780 2671 .
1817 2621 2046 2670 abbatem
2081 2660 2091 2669 .
2129 2659 2138 2669 .
2177 2659 2186 2669 .
2224 2620 2286 2669 de
2315 2617 2651 2668 Abirbrothoc

605 2752 613 2761 .
660 2751 669 2760 .
716 2750 727 2760 .
775 2712 999 2762 ass'edafl'e
1046 2752 1056 2761 .
1106 2753 1116 2763 .
1164 2752 1174 2762 .
1221 2714 1366 2764 fratri
1412 2715 1580 2764 nostro
1619 2729 1858 2781 germano
1902 2712 2017 2762 Ade
2058 2711 2306 2777 Hepburn
2348 2710 2552 2759 domino
2588 2710 2650 2759 de

608 2803 803 2868 Cragge
828 2810 877 2852 et
899 2802 996 2851 suis
1031 2802 1279 2869 affignatis
1312 2813 1362 2854 et
1393 2805 1764 2855 subtenentibus
1806 2844 1816 2854 .
1855 2844 1865 2853 .
1909 2843 1918 2853 .
1956 2803 2126 2852 villam
2155 2803 2372 2851 nostram
2397 2802 2458 2850 de
2483 2800 2650 2850 Auch-

604 2895 755 2960 nuyfe
778 2911 888 2943 cum
925 2933 934 2942 .
972 2932 982 2943 .
1021 2933 1030 2942 .
1067 2895 1269 2943 decimis
1293 2897 1576 2961 garbalibus
1601 2898 1706 2946 eius
1728 2896 1972 2946 iacentem
1997 2895 2130 2944 infra
2152 2894 2409 2944 baroniam
2435 2892 2648 2942 nostram

605 2987 667 3035 de
689 2985 893 3035 Terwas
917 3002 1128 3034 vnacum
1166 3024 1176 3034 .
1214 3025 1224 3034 .
1263 3026 1273 3035 .
1313 2987 1517 3036 decimis
1534 2988 1821 3054 garbalibus
1840 2984 2043 3037 ecclefie
2066 2984 2232 3034 nostre
2252 2985 2313 3033 de
2333 2983 2584 3049 Bothelny
2602 2990 2649 3031 et

605 3077 808 3127 decimis
831 3076 1114 3143 garbalibus
1146 3077 1352 3126 baronie
1387 3079 1449 3127 de
1488 3078 1716 3129 Schewes
1750 3078 1959 3129 iacentis
1982 3078 2116 3126 infra
2138 3076 2424 3142 parochiam
2450 3073 2648 3124 ecclesie

603 3169 767 3219 nostre
806 3169 867 3218 de
906 3168 1107 3218 Terwes
1144 3185 1235 3233 pro
1273 3170 1497 3219 terminis
1539 3171 1709 3220 decem
1750 3179 1799 3220 et
1838 3187 2019 3220 nouem
2061 3186 2303 3219 annorum
2348 3199 2359 3209 ·
2401 3165 2647 3216 Soluendo
