<?xml version="1.0" encoding="UTF-8"?>
<!DOCTYPE html PUBLIC "-//W3C//DTD XHTML 1.0 Transitional//EN"
    "http://www.w3.org/TR/xhtml1/DTD/xhtml1-transitional.dtd">
<html xmlns="http://www.w3.org/1999/xhtml" xml:lang="en" lang="en">
 <head>
  <title>
</title>
<meta http-equiv="Content-Type" content="text/html;charset=utf-8" />
  <meta name='ocr-system' content='tesseract 3.04.00' />
  <meta name='ocr-capabilities' content='ocr_page ocr_carea ocr_par ocr_line ocrx_word'/>
</head>
<body>
  <div class='ocr_page' id='page_1' title='image "./libersthomedea8602arbruoft_0142.png"; bbox 0 0 2762 3834; ppageno 0'>
   <div class='ocr_carea' id='block_1_1' title="bbox 540 376 2146 438">
    <p class='ocr_par' dir='ltr' id='par_1_1' title="bbox 540 376 2146 438">
     <span class='ocr_line' id='line_1_1' title="bbox 540 376 2146 438; baseline -0.007 0"><span class='ocrx_word' id='word_1_1' title='bbox 540 393 601 438; x_wconf 79' lang='lat'><strong>42</strong></span> <span class='ocrx_word' id='word_1_2' title='bbox 989 384 1416 438; x_wconf 87' lang='lat' dir='ltr'><strong>REGISTRUM</strong></span> <span class='ocrx_word' id='word_1_3' title='bbox 1450 381 1547 431; x_wconf 91' lang='lat' dir='ltr'><strong>DE</strong></span> <span class='ocrx_word' id='word_1_4' title='bbox 1584 376 2146 430; x_wconf 87' lang='lat' dir='ltr'><strong>ABERBROTHOC.</strong></span> 
     </span>
    </p>
   </div>
   <div class='ocr_carea' id='block_1_2' title="bbox 539 511 2608 2158">
    <p class='ocr_par' dir='ltr' id='par_1_2' title="bbox 539 511 2608 2158">
     <span class='ocr_line' id='line_1_2' title="bbox 539 511 2601 586; baseline -0.006 -15"><span class='ocrx_word' id='word_1_5' title='bbox 539 523 749 571; x_wconf 86' lang='lat' dir='ltr'><strong>fluxibus</strong></span> <span class='ocrx_word' id='word_1_6' title='bbox 774 520 920 586; x_wconf 70' lang='lat' dir='ltr'><strong>ipsius</strong></span> <span class='ocrx_word' id='word_1_7' title='bbox 945 520 1095 568; x_wconf 88' lang='lat' dir='ltr'><strong>maris</strong></span> <span class='ocrx_word' id='word_1_8' title='bbox 1134 558 1143 567; x_wconf 92' lang='lat'>.</span> <span class='ocrx_word' id='word_1_9' title='bbox 1184 556 1195 566; x_wconf 89' lang='lat'><strong>.</strong></span> <span class='ocrx_word' id='word_1_10' title='bbox 1236 556 1245 566; x_wconf 94' lang='lat'><strong>.</strong></span> <span class='ocrx_word' id='word_1_11' title='bbox 1284 533 1383 565; x_wconf 92' lang='lat' dir='ltr'><strong>non</strong></span> <span class='ocrx_word' id='word_1_12' title='bbox 1410 512 1716 562; x_wconf 87' lang='lat' dir='ltr'><strong>obstantibus</strong></span> <span class='ocrx_word' id='word_1_13' title='bbox 1751 548 1761 560; x_wconf 90' lang='lat'><strong>.</strong></span> <span class='ocrx_word' id='word_1_14' title='bbox 1803 548 1814 558; x_wconf 91' lang='lat'>.</span> <span class='ocrx_word' id='word_1_15' title='bbox 1854 547 1866 559; x_wconf 91' lang='lat'><strong>.</strong></span> <span class='ocrx_word' id='word_1_16' title='bbox 1901 511 2121 559; x_wconf 89' lang='lat' dir='ltr'><strong>stacione</strong></span> <span class='ocrx_word' id='word_1_17' title='bbox 2147 511 2320 561; x_wconf 85' lang='lat' dir='ltr'><strong>secura</strong></span> <span class='ocrx_word' id='word_1_18' title='bbox 2343 512 2564 577; x_wconf 88' lang='lat' dir='ltr'><strong>gaudere</strong></span> <span class='ocrx_word' id='word_1_19' title='bbox 2591 540 2601 550; x_wconf 91' lang='lat'><strong>·</strong></span> 
     </span>
     <span class='ocr_line' id='line_1_3' title="bbox 541 603 2602 678; baseline -0.005 -15"><span class='ocrx_word' id='word_1_20' title='bbox 541 623 590 663; x_wconf 89' lang='lat' dir='ltr'><strong>ct</strong></span> <span class='ocrx_word' id='word_1_21' title='bbox 624 613 689 663; x_wconf 88' lang='lat' dir='ltr'><strong>fic</strong></span> <span class='ocrx_word' id='word_1_22' title='bbox 722 613 922 678; x_wconf 73' lang='lat' dir='ltr'><strong>singulis</strong></span> <span class='ocrx_word' id='word_1_23' title='bbox 955 612 1098 661; x_wconf 87' lang='lat' dir='ltr'><strong>annis</strong></span> <span class='ocrx_word' id='word_1_24' title='bbox 1136 649 1147 658; x_wconf 89' lang='lat'><em>.</em></span> <span class='ocrx_word' id='word_1_25' title='bbox 1189 648 1199 657; x_wconf 92' lang='lat'><strong>.</strong></span> <span class='ocrx_word' id='word_1_26' title='bbox 1238 646 1249 656; x_wconf 89' lang='lat'><strong>.</strong></span> <span class='ocrx_word' id='word_1_27' title='bbox 1288 609 1653 672; x_wconf 81' lang='lat' dir='ltr'><strong>imperpetuum</strong></span> <span class='ocrx_word' id='word_1_28' title='bbox 1692 642 1703 652; x_wconf 93' lang='lat'>.</span> <span class='ocrx_word' id='word_1_29' title='bbox 1743 641 1754 652; x_wconf 85' lang='lat'><strong>.</strong></span> <span class='ocrx_word' id='word_1_30' title='bbox 1795 641 1806 652; x_wconf 88' lang='lat'><strong>.</strong></span> <span class='ocrx_word' id='word_1_31' title='bbox 1845 603 2130 668; x_wconf 88' lang='lat' dir='ltr'><strong>persoluent</strong></span> <span class='ocrx_word' id='word_1_32' title='bbox 2165 631 2176 643; x_wconf 89' lang='lat'><strong>·</strong></span> <span class='ocrx_word' id='word_1_33' title='bbox 2212 604 2458 654; x_wconf 87' lang='lat' dir='ltr'><strong>Finaliter</strong></span> <span class='ocrx_word' id='word_1_34' title='bbox 2489 623 2602 654; x_wconf 91' lang='lat' dir='ltr'><strong>con-</strong></span> 
     </span>
     <span class='ocr_line' id='line_1_4' title="bbox 542 695 2603 765; baseline -0.005 -9"><span class='ocrx_word' id='word_1_35' title='bbox 542 709 798 756; x_wconf 84' lang='lat' dir='ltr'>cordatum</span> <span class='ocrx_word' id='word_1_36' title='bbox 824 705 894 753; x_wconf 87' lang='lat' dir='ltr'><strong>est</strong></span> <span class='ocrx_word' id='word_1_37' title='bbox 932 704 966 752; x_wconf 86' lang='lat' dir='ltr'><strong>fi</strong></span> <span class='ocrx_word' id='word_1_38' title='bbox 1005 703 1262 765; x_wconf 86' lang='lat' dir='ltr'><strong>contingat</strong></span> <span class='ocrx_word' id='word_1_39' title='bbox 1298 718 1327 748; x_wconf 91' lang='lat' dir='ltr'><strong>a</strong></span> <span class='ocrx_word' id='word_1_40' title='bbox 1363 698 1475 747; x_wconf 88' lang='lat' dir='ltr'><strong>casu</strong></span> <span class='ocrx_word' id='word_1_41' title='bbox 1501 698 1635 761; x_wconf 91' lang='lat' dir='ltr'><strong>quod</strong></span> <span class='ocrx_word' id='word_1_42' title='bbox 1671 695 1792 745; x_wconf 83' lang='lat' dir='ltr'><strong>abfit</strong></span> <span class='ocrx_word' id='word_1_43' title='bbox 1827 703 2027 761; x_wconf 88' lang='lat' dir='ltr'><strong>portum</strong></span> <span class='ocrx_word' id='word_1_44' title='bbox 2062 697 2346 751; x_wconf 86' lang='lat' dir='ltr'><strong>edificatum</strong></span> <span class='ocrx_word' id='word_1_45' title='bbox 2381 697 2603 763; x_wconf 78' lang='lat' dir='ltr'><strong>processu</strong></span> 
     </span>
     <span class='ocr_line' id='line_1_5' title="bbox 542 788 2603 863; baseline -0.005 -15"><span class='ocrx_word' id='word_1_46' title='bbox 542 799 775 863; x_wconf 87' lang='lat' dir='ltr'><strong>temporis</strong></span> <span class='ocrx_word' id='word_1_47' title='bbox 805 797 951 861; x_wconf 89' lang='lat' dir='ltr'><strong>ipfius</strong></span> <span class='ocrx_word' id='word_1_48' title='bbox 977 794 1167 843; x_wconf 88' lang='lat' dir='ltr'><strong>abbatis</strong></span> <span class='ocrx_word' id='word_1_49' title='bbox 1194 802 1241 842; x_wconf 89' lang='lat' dir='ltr'><strong>et</strong></span> <span class='ocrx_word' id='word_1_50' title='bbox 1268 798 1543 840; x_wconf 87' lang='lat' dir='ltr'><strong>conuentus</strong></span> <span class='ocrx_word' id='word_1_51' title='bbox 1579 788 1905 854; x_wconf 85' lang='lat' dir='ltr'><strong>necligenciis</strong></span> <span class='ocrx_word' id='word_1_52' title='bbox 1929 788 2013 837; x_wconf 90' lang='lat' dir='ltr'><strong>seu</strong></span> <span class='ocrx_word' id='word_1_53' title='bbox 2046 790 2160 838; x_wconf 84' lang='lat' dir='ltr'><strong>casu</strong></span> <span class='ocrx_word' id='word_1_54' title='bbox 2196 790 2363 854; x_wconf 88' lang='lat' dir='ltr'><strong>aliquo</strong></span> <span class='ocrx_word' id='word_1_55' title='bbox 2390 791 2603 839; x_wconf 89' lang='lat' dir='ltr'><strong>deficere</strong></span> 
     </span>
     <span class='ocr_line' id='line_1_6' title="bbox 540 881 2603 955; baseline -0.004 -16"><span class='ocrx_word' id='word_1_56' title='bbox 540 889 857 955; x_wconf 86' lang='lat' dir='ltr'><strong>burgenfibus</strong></span> <span class='ocrx_word' id='word_1_57' title='bbox 885 925 895 936; x_wconf 94' lang='lat'>.</span> <span class='ocrx_word' id='word_1_58' title='bbox 931 925 942 935; x_wconf 90' lang='lat'><strong>.</strong></span> <span class='ocrx_word' id='word_1_59' title='bbox 978 925 988 935; x_wconf 93' lang='lat'>.</span> <span class='ocrx_word' id='word_1_60' title='bbox 1022 886 1191 934; x_wconf 80' lang='lat' dir='ltr'><strong>licebit</strong></span> <span class='ocrx_word' id='word_1_61' title='bbox 1216 903 1246 933; x_wconf 87' lang='lat' dir='ltr'><strong>a</strong></span> <span class='ocrx_word' id='word_1_62' title='bbox 1265 883 1515 932; x_wconf 86' lang='lat' dir='ltr'><strong>solucione</strong></span> <span class='ocrx_word' id='word_1_63' title='bbox 1540 882 1692 930; x_wconf 83' lang='lat' dir='ltr'><strong>trium</strong></span> <span class='ocrx_word' id='word_1_64' title='bbox 1713 881 2034 930; x_wconf 89' lang='lat' dir='ltr'><strong>denariorum</strong></span> <span class='ocrx_word' id='word_1_65' title='bbox 2060 882 2263 932; x_wconf 86' lang='lat' dir='ltr'><strong>racione</strong></span> <span class='ocrx_word' id='word_1_66' title='bbox 2288 891 2462 948; x_wconf 88' lang='lat' dir='ltr'><strong>portus</strong></span> <span class='ocrx_word' id='word_1_67' title='bbox 2489 900 2603 932; x_wconf 90' lang='lat' dir='ltr'><strong>con-</strong></span> 
     </span>
     <span class='ocr_line' id='line_1_7' title="bbox 541 973 2604 1040; baseline -0.004 -9"><span class='ocrx_word' id='word_1_68' title='bbox 541 981 774 1031; x_wconf 81' lang='lat' dir='ltr'><strong>cefforum</strong></span> <span class='ocrx_word' id='word_1_69' title='bbox 800 979 1000 1028; x_wconf 88' lang='lat' dir='ltr'><strong>omnino</strong></span> <span class='ocrx_word' id='word_1_70' title='bbox 1027 976 1205 1026; x_wconf 76' lang='lat' dir='ltr'><strong>cessare</strong></span> <span class='ocrx_word' id='word_1_71' title='bbox 1231 994 1324 1025; x_wconf 90' lang='lat' dir='ltr'><strong>nec</strong></span> <span class='ocrx_word' id='word_1_72' title='bbox 1350 976 1413 1024; x_wconf 89' lang='lat' dir='ltr'><strong>ad</strong></span> <span class='ocrx_word' id='word_1_73' title='bbox 1438 974 1741 1023; x_wconf 89' lang='lat' dir='ltr'><strong>solucionem</strong></span> <span class='ocrx_word' id='word_1_74' title='bbox 1766 973 1983 1038; x_wconf 90' lang='lat' dir='ltr'><strong>ipsorum</strong></span> <span class='ocrx_word' id='word_1_75' title='bbox 2009 974 2220 1040; x_wconf 87' lang='lat' dir='ltr'><strong>obligari</strong></span> <span class='ocrx_word' id='word_1_76' title='bbox 2247 976 2407 1024; x_wconf 92' lang='lat' dir='ltr'><strong>donec</strong></span> <span class='ocrx_word' id='word_1_77' title='bbox 2431 983 2604 1040; x_wconf 86' lang='lat' dir='ltr'><strong>portus</strong></span> 
     </span>
     <span class='ocr_line' id='line_1_8' title="bbox 539 1067 2605 1139; baseline -0.003 -16"><span class='ocrx_word' id='word_1_78' title='bbox 539 1092 627 1139; x_wconf 83' lang='lat' dir='ltr'><strong>per</strong></span> <span class='ocrx_word' id='word_1_79' title='bbox 646 1068 872 1122; x_wconf 84' lang='lat' dir='ltr'><strong>abbatem</strong></span> <span class='ocrx_word' id='word_1_80' title='bbox 898 1079 946 1120; x_wconf 92' lang='lat' dir='ltr'><strong>et</strong></span> <span class='ocrx_word' id='word_1_81' title='bbox 964 1078 1262 1121; x_wconf 89' lang='lat' dir='ltr'><strong>conuentum</strong></span> <span class='ocrx_word' id='word_1_82' title='bbox 1287 1070 1435 1117; x_wconf 87' lang='lat' dir='ltr'><strong>modo</strong></span> <span class='ocrx_word' id='word_1_83' title='bbox 1457 1075 1506 1117; x_wconf 90' lang='grc'><strong>61</strong></span> <span class='ocrx_word' id='word_1_84' title='bbox 1524 1068 1685 1116; x_wconf 86' lang='lat' dir='ltr'><strong>forma</strong></span> <span class='ocrx_word' id='word_1_85' title='bbox 1702 1084 1799 1131; x_wconf 93' lang='lat' dir='ltr'><strong>quo</strong></span> <span class='ocrx_word' id='word_1_86' title='bbox 1819 1067 1966 1132; x_wconf 89' lang='lat' dir='ltr'><strong>supra</strong></span> <span class='ocrx_word' id='word_1_87' title='bbox 1990 1075 2252 1132; x_wconf 86' lang='lat' dir='ltr'><strong>reparetur</strong></span> <span class='ocrx_word' id='word_1_88' title='bbox 2278 1076 2327 1118; x_wconf 89' lang='lat' dir='ltr'><strong>et</strong></span> <span class='ocrx_word' id='word_1_89' title='bbox 2352 1068 2405 1116; x_wconf 91' lang='lat' dir='ltr'><strong>in</strong></span> <span class='ocrx_word' id='word_1_90' title='bbox 2425 1067 2605 1117; x_wconf 86' lang='lat' dir='ltr'><strong>statum</strong></span> 
     </span>
     <span class='ocr_line' id='line_1_9' title="bbox 541 1160 2606 1225; baseline -0.003 -10"><span class='ocrx_word' id='word_1_91' title='bbox 541 1166 758 1215; x_wconf 87' lang='lat' dir='ltr'><strong>debitum</strong></span> <span class='ocrx_word' id='word_1_92' title='bbox 788 1171 1058 1213; x_wconf 88' lang='lat' dir='ltr'><strong>renouetur</strong></span> <span class='ocrx_word' id='word_1_93' title='bbox 1095 1190 1104 1200; x_wconf 87' lang='lat'><strong>·</strong></span> <span class='ocrx_word' id='word_1_94' title='bbox 1141 1162 1202 1210; x_wconf 92' lang='lat' dir='ltr'><strong>In</strong></span> <span class='ocrx_word' id='word_1_95' title='bbox 1229 1162 1369 1211; x_wconf 89' lang='lat' dir='ltr'><strong>cuius</strong></span> <span class='ocrx_word' id='word_1_96' title='bbox 1393 1161 1467 1209; x_wconf 87' lang='lat' dir='ltr'><strong>rei</strong></span> <span class='ocrx_word' id='word_1_97' title='bbox 1497 1160 1834 1209; x_wconf 86' lang='lat' dir='ltr'><strong>testimonium</strong></span> <span class='ocrx_word' id='word_1_98' title='bbox 1860 1160 1945 1209; x_wconf 88' lang='lat' dir='ltr'><strong>vni</strong></span> <span class='ocrx_word' id='word_1_99' title='bbox 1986 1160 2118 1225; x_wconf 87' lang='lat' dir='ltr'><strong>parti</strong></span> <span class='ocrx_word' id='word_1_100' title='bbox 2155 1160 2303 1211; x_wconf 87' lang='lat' dir='ltr'><strong>huius</strong></span> <span class='ocrx_word' id='word_1_101' title='bbox 2338 1161 2606 1215; x_wconf 87' lang='lat' dir='ltr'><strong>indenture</strong></span> 
     </span>
     <span class='ocr_line' id='line_1_10' title="bbox 539 1253 2606 1323; baseline -0.001 -17"><span class='ocrx_word' id='word_1_102' title='bbox 539 1276 688 1323; x_wconf 84' lang='lat' dir='ltr'><strong>penes</strong></span> <span class='ocrx_word' id='word_1_103' title='bbox 716 1295 726 1306; x_wconf 91' lang='lat'>.</span> <span class='ocrx_word' id='word_1_104' title='bbox 761 1295 771 1306; x_wconf 92' lang='lat'><strong>.</strong></span> <span class='ocrx_word' id='word_1_105' title='bbox 807 1294 817 1305; x_wconf 89' lang='lat'><strong>.</strong></span> <span class='ocrx_word' id='word_1_106' title='bbox 844 1257 1072 1305; x_wconf 81' lang='lat' dir='ltr'><strong>abbatem</strong></span> <span class='ocrx_word' id='word_1_107' title='bbox 1099 1265 1147 1304; x_wconf 86' lang='lat' dir='ltr'><strong>et</strong></span> <span class='ocrx_word' id='word_1_108' title='bbox 1168 1263 1470 1304; x_wconf 91' lang='lat' dir='ltr'><strong>conuentum</strong></span> <span class='ocrx_word' id='word_1_109' title='bbox 1496 1253 1778 1304; x_wconf 89' lang='lat' dir='ltr'><strong>remanenti</strong></span> <span class='ocrx_word' id='word_1_110' title='bbox 1804 1253 2015 1318; x_wconf 89' lang='lat' dir='ltr'><strong>figillum</strong></span> <span class='ocrx_word' id='word_1_111' title='bbox 2037 1272 2299 1304; x_wconf 88' lang='lat' dir='ltr'><strong>commune</strong></span> <span class='ocrx_word' id='word_1_112' title='bbox 2322 1255 2439 1304; x_wconf 73' lang='grc'><strong>(11611</strong></span> <span class='ocrx_word' id='word_1_113' title='bbox 2459 1255 2606 1321; x_wconf 85' lang='lat' dir='ltr'><strong>burgi</strong></span> 
     </span>
     <span class='ocr_line' id='line_1_11' title="bbox 541 1346 2606 1415; baseline -0.001 -16"><span class='ocrx_word' id='word_1_114' title='bbox 541 1351 609 1399; x_wconf 85' lang='lat' dir='ltr'><strong>est</strong></span> <span class='ocrx_word' id='word_1_115' title='bbox 633 1350 899 1415; x_wconf 89' lang='lat' dir='ltr'><strong>appensum</strong></span> <span class='ocrx_word' id='word_1_116' title='bbox 932 1378 943 1388; x_wconf 90' lang='lat'><strong>·</strong></span> <span class='ocrx_word' id='word_1_117' title='bbox 979 1350 1136 1398; x_wconf 88' lang='lat' dir='ltr'><strong>altera</strong></span> <span class='ocrx_word' id='word_1_118' title='bbox 1158 1366 1277 1397; x_wconf 90' lang='lat' dir='ltr'><strong>vero</strong></span> <span class='ocrx_word' id='word_1_119' title='bbox 1313 1365 1428 1413; x_wconf 88' lang='lat' dir='ltr'><strong>pars</strong></span> <span class='ocrx_word' id='word_1_120' title='bbox 1464 1364 1617 1412; x_wconf 88' lang='lat' dir='ltr'><strong>penes</strong></span> <span class='ocrx_word' id='word_1_121' title='bbox 1653 1386 1663 1395; x_wconf 87' lang='lat'><strong>.</strong></span> <span class='ocrx_word' id='word_1_122' title='bbox 1703 1386 1712 1394; x_wconf 94' lang='lat'><strong>.</strong></span> <span class='ocrx_word' id='word_1_123' title='bbox 1751 1385 1760 1395; x_wconf 91' lang='lat'><strong>.</strong></span> <span class='ocrx_word' id='word_1_124' title='bbox 1797 1346 2067 1412; x_wconf 84' lang='lat' dir='ltr'><strong>burgenses</strong></span> <span class='ocrx_word' id='word_1_125' title='bbox 2099 1350 2424 1412; x_wconf 83' lang='lat' dir='ltr'><strong>permansura</strong></span> <span class='ocrx_word' id='word_1_126' title='bbox 2449 1348 2606 1414; x_wconf 88' lang='lat' dir='ltr'><strong>figillo</strong></span> 
     </span>
     <span class='ocr_line' id='line_1_12' title="bbox 542 1439 2608 1504; baseline -0 -12"><span class='ocrx_word' id='word_1_127' title='bbox 542 1443 787 1492; x_wconf 91' lang='lat' dir='ltr'><strong>communi</strong></span> <span class='ocrx_word' id='word_1_128' title='bbox 824 1482 834 1493; x_wconf 87' lang='lat'><strong>.</strong></span> <span class='ocrx_word' id='word_1_129' title='bbox 967 1450 1241 1491; x_wconf 90' lang='lat' dir='ltr'><strong>conuentus</strong></span> <span class='ocrx_word' id='word_1_130' title='bbox 1276 1448 1501 1490; x_wconf 87' lang='lat' dir='ltr'><strong>remanet</strong></span> <span class='ocrx_word' id='word_1_131' title='bbox 1538 1439 1827 1504; x_wconf 85' lang='lat' dir='ltr'><strong>confignata</strong></span> <span class='ocrx_word' id='word_1_132' title='bbox 1860 1467 1871 1478; x_wconf 91' lang='lat'><strong>·</strong></span> <span class='ocrx_word' id='word_1_133' title='bbox 1914 1439 2105 1489; x_wconf 92' lang='lat' dir='ltr'><strong>Datum</strong></span> <span class='ocrx_word' id='word_1_134' title='bbox 2142 1480 2151 1490; x_wconf 90' lang='lat'>.</span> <span class='ocrx_word' id='word_1_135' title='bbox 2191 1481 2201 1490; x_wconf 93' lang='lat'><strong>.</strong></span> <span class='ocrx_word' id='word_1_136' title='bbox 2239 1481 2248 1490; x_wconf 93' lang='lat'>.</span> <span class='ocrx_word' id='word_1_137' title='bbox 2286 1459 2418 1490; x_wconf 90' lang='lat' dir='ltr'><strong>anno</strong></span> <span class='ocrx_word' id='word_1_138' title='bbox 2444 1443 2525 1491; x_wconf 91' lang='lat' dir='ltr'><strong>die</strong></span> <span class='ocrx_word' id='word_1_139' title='bbox 2559 1450 2608 1491; x_wconf 90' lang='lat' dir='ltr'><strong>et</strong></span> 
     </span>
     <span class='ocr_line' id='line_1_13' title="bbox 540 1532 2607 1601; baseline 0 -18"><span class='ocrx_word' id='word_1_140' title='bbox 540 1537 647 1585; x_wconf 89' lang='lat' dir='ltr'><strong>loco</strong></span> <span class='ocrx_word' id='word_1_141' title='bbox 674 1536 894 1601; x_wconf 90' lang='lat' dir='ltr'><strong>superius</strong></span> <span class='ocrx_word' id='word_1_142' title='bbox 926 1535 1194 1585; x_wconf 88' lang='lat' dir='ltr'><strong>nominatis</strong></span> <span class='ocrx_word' id='word_1_143' title='bbox 1233 1562 1244 1573; x_wconf 90' lang='lat'><strong>·</strong></span> <span class='ocrx_word' id='word_1_144' title='bbox 1282 1534 1486 1583; x_wconf 87' lang='lat' dir='ltr'><strong>testibus</strong></span> <span class='ocrx_word' id='word_1_145' title='bbox 1511 1532 1726 1582; x_wconf 88' lang='lat' dir='ltr'><strong>dominis</strong></span> <span class='ocrx_word' id='word_1_146' title='bbox 1755 1532 1930 1582; x_wconf 89' lang='lat' dir='ltr'><strong>Dauid</strong></span> <span class='ocrx_word' id='word_1_147' title='bbox 1955 1534 2017 1582; x_wconf 91' lang='lat' dir='ltr'><strong>de</strong></span> <span class='ocrx_word' id='word_1_148' title='bbox 2041 1533 2292 1601; x_wconf 88' lang='lat' dir='ltr'><strong>Lindesay</strong></span> <span class='ocrx_word' id='word_1_149' title='bbox 2317 1536 2519 1585; x_wconf 90' lang='lat' dir='ltr'><strong>domino</strong></span> <span class='ocrx_word' id='word_1_150' title='bbox 2545 1537 2607 1585; x_wconf 89' lang='lat' dir='ltr'><strong>de</strong></span> 
     </span>
     <span class='ocr_line' id='line_1_14' title="bbox 545 1626 2607 1695; baseline 0 -17"><span class='ocrx_word' id='word_1_151' title='bbox 545 1629 759 1679; x_wconf 79' lang='lat' dir='ltr'><strong>Glenesk</strong></span> <span class='ocrx_word' id='word_1_152' title='bbox 779 1655 790 1666; x_wconf 90' lang='lat'><strong>·</strong></span> <span class='ocrx_word' id='word_1_153' title='bbox 808 1629 842 1678; x_wconf 84' lang='lat' dir='ltr'>J</span> <span class='ocrx_word' id='word_1_154' title='bbox 847 1629 1041 1678; x_wconf 90' lang='lat' dir='ltr'><strong>ohanne</strong></span> <span class='ocrx_word' id='word_1_155' title='bbox 1061 1629 1122 1678; x_wconf 91' lang='lat' dir='ltr'><strong>de</strong></span> <span class='ocrx_word' id='word_1_156' title='bbox 1141 1627 1410 1694; x_wconf 75' lang='lat' dir='ltr'><strong>Lindyss&#39;a&#39;y</strong></span> <span class='ocrx_word' id='word_1_157' title='bbox 1430 1627 1633 1676; x_wconf 89' lang='lat' dir='ltr'><strong>domino</strong></span> <span class='ocrx_word' id='word_1_158' title='bbox 1654 1627 1715 1675; x_wconf 92' lang='lat' dir='ltr'><strong>de</strong></span> <span class='ocrx_word' id='word_1_159' title='bbox 1732 1626 2011 1692; x_wconf 88' lang='lat' dir='ltr'><strong>Walchope</strong></span> <span class='ocrx_word' id='word_1_160' title='bbox 2033 1655 2043 1666; x_wconf 90' lang='lat'><strong>·</strong></span> <span class='ocrx_word' id='word_1_161' title='bbox 2063 1627 2305 1677; x_wconf 84' lang='lat' dir='ltr'><strong>militibus</strong></span> <span class='ocrx_word' id='word_1_162' title='bbox 2331 1657 2341 1667; x_wconf 90' lang='lat'><strong>·</strong></span> <span class='ocrx_word' id='word_1_163' title='bbox 2367 1629 2607 1695; x_wconf 88' lang='lat' dir='ltr'><strong>magistro</strong></span> 
     </span>
     <span class='ocr_line' id='line_1_15' title="bbox 542 1719 2606 1788; baseline -0 -17"><span class='ocrx_word' id='word_1_164' title='bbox 542 1722 575 1771; x_wconf 87' lang='lat' dir='ltr'>J</span> <span class='ocrx_word' id='word_1_165' title='bbox 579 1722 773 1771; x_wconf 88' lang='lat' dir='ltr'><strong>ohanne</strong></span> <span class='ocrx_word' id='word_1_166' title='bbox 802 1721 942 1788; x_wconf 88' lang='lat' dir='ltr'><strong>Gray</strong></span> <span class='ocrx_word' id='word_1_167' title='bbox 967 1724 1159 1770; x_wconf 60' lang='lat' dir='ltr'><strong>rectore</strong></span> <span class='ocrx_word' id='word_1_168' title='bbox 1196 1721 1396 1770; x_wconf 90' lang='lat' dir='ltr'><strong>ecclefie</strong></span> <span class='ocrx_word' id='word_1_169' title='bbox 1433 1721 1495 1770; x_wconf 89' lang='lat' dir='ltr'><strong>de</strong></span> <span class='ocrx_word' id='word_1_170' title='bbox 1531 1719 1697 1769; x_wconf 88' lang='lat' dir='ltr'><strong>Ferne</strong></span> <span class='ocrx_word' id='word_1_171' title='bbox 1741 1749 1751 1759; x_wconf 93' lang='lat'><strong>·</strong></span> <span class='ocrx_word' id='word_1_172' title='bbox 1797 1719 2000 1768; x_wconf 89' lang='lat' dir='ltr'><strong>domino</strong></span> <span class='ocrx_word' id='word_1_173' title='bbox 2024 1719 2282 1769; x_wconf 93' lang='lat' dir='ltr'><strong>Willelmo</strong></span> <span class='ocrx_word' id='word_1_174' title='bbox 2308 1721 2370 1770; x_wconf 87' lang='lat' dir='ltr'><strong>de</strong></span> <span class='ocrx_word' id='word_1_175' title='bbox 2399 1720 2606 1771; x_wconf 82' lang='lat' dir='ltr'><strong>Gonane</strong></span> 
     </span>
     <span class='ocr_line' id='line_1_16' title="bbox 541 1813 2608 1880; baseline 0 -16"><span class='ocrx_word' id='word_1_176' title='bbox 541 1822 781 1880; x_wconf 90' lang='lat' dir='ltr'><strong>perpetuo</strong></span> <span class='ocrx_word' id='word_1_177' title='bbox 802 1815 988 1864; x_wconf 87' lang='lat' dir='ltr'><strong>vicario</strong></span> <span class='ocrx_word' id='word_1_178' title='bbox 1009 1814 1208 1864; x_wconf 78' lang='lat' dir='ltr'><strong>ecclesie</strong></span> <span class='ocrx_word' id='word_1_179' title='bbox 1229 1815 1290 1863; x_wconf 90' lang='lat' dir='ltr'><strong>de</strong></span> <span class='ocrx_word' id='word_1_180' title='bbox 1310 1814 1653 1863; x_wconf 86' lang='lat' dir='ltr'><strong>Abirbrothoc</strong></span> <span class='ocrx_word' id='word_1_181' title='bbox 1679 1840 1689 1852; x_wconf 93' lang='lat'><strong>·</strong></span> <span class='ocrx_word' id='word_1_182' title='bbox 1715 1813 1916 1863; x_wconf 89' lang='lat' dir='ltr'><strong>domino</strong></span> <span class='ocrx_word' id='word_1_183' title='bbox 1935 1813 1971 1863; x_wconf 83' lang='lat' dir='ltr'><strong>J</strong></span> <span class='ocrx_word' id='word_1_184' title='bbox 1975 1813 2172 1863; x_wconf 87' lang='lat' dir='ltr'><strong>ohanne</strong></span> <span class='ocrx_word' id='word_1_185' title='bbox 2193 1815 2254 1863; x_wconf 91' lang='lat' dir='ltr'><strong>de</strong></span> <span class='ocrx_word' id='word_1_186' title='bbox 2280 1814 2608 1864; x_wconf 84' lang='lat' dir='ltr'><strong>Infirmitorio</strong></span> 
     </span>
     <span class='ocr_line' id='line_1_17' title="bbox 542 1906 2608 1974; baseline 0 -17"><span class='ocrx_word' id='word_1_187' title='bbox 542 1915 783 1973; x_wconf 87' lang='lat' dir='ltr'><strong>perpetuo</strong></span> <span class='ocrx_word' id='word_1_188' title='bbox 808 1907 994 1957; x_wconf 87' lang='lat' dir='ltr'><strong>vicario</strong></span> <span class='ocrx_word' id='word_1_189' title='bbox 1021 1907 1221 1957; x_wconf 80' lang='lat' dir='ltr'><strong>ecclesie</strong></span> <span class='ocrx_word' id='word_1_190' title='bbox 1247 1907 1546 1957; x_wconf 86' lang='lat' dir='ltr'><strong>Innerkelor</strong></span> <span class='ocrx_word' id='word_1_191' title='bbox 1583 1936 1592 1947; x_wconf 92' lang='lat'><strong>·</strong></span> <span class='ocrx_word' id='word_1_192' title='bbox 1631 1907 1927 1957; x_wconf 88' lang='lat' dir='ltr'><strong>Alexandro</strong></span> <span class='ocrx_word' id='word_1_193' title='bbox 1964 1906 2306 1974; x_wconf 86' lang='lat' dir='ltr'><strong>Skyrmechur</strong></span> <span class='ocrx_word' id='word_1_194' title='bbox 2330 1908 2608 1972; x_wconf 86' lang='lat' dir='ltr'><strong>justiciario</strong></span> 
     </span>
     <span class='ocr_line' id='line_1_18' title="bbox 543 1997 2608 2068; baseline 0.001 -21"><span class='ocrx_word' id='word_1_195' title='bbox 543 2000 816 2065; x_wconf 82' lang='lat' dir='ltr'><strong>regalitatis</strong></span> <span class='ocrx_word' id='word_1_196' title='bbox 841 2001 901 2049; x_wconf 90' lang='lat' dir='ltr'><strong>de</strong></span> <span class='ocrx_word' id='word_1_197' title='bbox 929 1999 1268 2048; x_wconf 85' lang='lat' dir='ltr'><strong>Abirbrothoc</strong></span> <span class='ocrx_word' id='word_1_198' title='bbox 1306 2030 1315 2039; x_wconf 95' lang='lat'><strong>·</strong></span> <span class='ocrx_word' id='word_1_199' title='bbox 1355 1997 1589 2066; x_wconf 89' lang='lat' dir='ltr'><strong>Philippo</strong></span> <span class='ocrx_word' id='word_1_200' title='bbox 1620 2001 1682 2050; x_wconf 91' lang='lat' dir='ltr'><strong>de</strong></span> <span class='ocrx_word' id='word_1_201' title='bbox 1713 2000 1964 2068; x_wconf 89' lang='lat' dir='ltr'><strong>Lindesay</strong></span> <span class='ocrx_word' id='word_1_202' title='bbox 2001 2039 2011 2050; x_wconf 92' lang='lat'><em>.</em></span> <span class='ocrx_word' id='word_1_203' title='bbox 2049 2000 2085 2050; x_wconf 84' lang='lat' dir='ltr'><strong>J</strong></span> <span class='ocrx_word' id='word_1_204' title='bbox 2088 2001 2284 2050; x_wconf 87' lang='lat' dir='ltr'><strong>ohanne</strong></span> <span class='ocrx_word' id='word_1_205' title='bbox 2310 2002 2372 2051; x_wconf 90' lang='lat' dir='ltr'><strong>de</strong></span> <span class='ocrx_word' id='word_1_206' title='bbox 2400 2001 2608 2052; x_wconf 81' lang='lat' dir='ltr'><strong>Gonane</strong></span> 
     </span>
     <span class='ocr_line' id='line_1_19' title="bbox 544 2092 2607 2158; baseline 0.002 -18"><span class='ocrx_word' id='word_1_207' title='bbox 544 2092 741 2140; x_wconf 90' lang='lat' dir='ltr'><strong>domino</strong></span> <span class='ocrx_word' id='word_1_208' title='bbox 767 2093 828 2141; x_wconf 90' lang='lat' dir='ltr'><strong>de</strong></span> <span class='ocrx_word' id='word_1_209' title='bbox 857 2092 1202 2158; x_wconf 83' lang='lat' dir='ltr'><strong>Connansytht</strong></span> <span class='ocrx_word' id='word_1_210' title='bbox 1246 2121 1255 2132; x_wconf 91' lang='lat'><strong>·</strong></span> <span class='ocrx_word' id='word_1_211' title='bbox 1292 2092 1503 2142; x_wconf 88' lang='lat' dir='ltr'><strong>Andrea</strong></span> <span class='ocrx_word' id='word_1_212' title='bbox 1541 2095 1602 2143; x_wconf 90' lang='lat' dir='ltr'><strong>de</strong></span> <span class='ocrx_word' id='word_1_213' title='bbox 1643 2094 1904 2144; x_wconf 86' lang='lat' dir='ltr'><strong>Malavilla</strong></span> <span class='ocrx_word' id='word_1_214' title='bbox 1945 2123 1954 2135; x_wconf 89' lang='lat'><strong>·</strong></span> <span class='ocrx_word' id='word_1_215' title='bbox 1997 2094 2232 2144; x_wconf 85' lang='lat' dir='ltr'><strong>Johanne</strong></span> <span class='ocrx_word' id='word_1_216' title='bbox 2270 2097 2331 2145; x_wconf 91' lang='lat' dir='ltr'><strong>de</strong></span> <span class='ocrx_word' id='word_1_217' title='bbox 2371 2094 2558 2146; x_wconf 86' lang='lat' dir='ltr'><strong>Setoun</strong></span> <span class='ocrx_word' id='word_1_218' title='bbox 2598 2126 2607 2134; x_wconf 91' lang='lat'>-</span> 
     </span>
    </p>
   </div>
   <div class='ocr_carea' id='block_1_3' title="bbox 542 2186 2609 2329">
    <p class='ocr_par' dir='ltr' id='par_1_3' title="bbox 542 2186 2609 2329">
     <span class='ocr_line' id='line_1_20' title="bbox 543 2186 2609 2254; baseline 0.001 -19"><span class='ocrx_word' id='word_1_219' title='bbox 543 2187 799 2252; x_wconf 85' lang='lat' dir='ltr'><strong>armigeris</strong></span> <span class='ocrx_word' id='word_1_220' title='bbox 836 2215 845 2224; x_wconf 95' lang='lat'><strong>·</strong></span> <span class='ocrx_word' id='word_1_221' title='bbox 882 2187 1136 2237; x_wconf 90' lang='lat' dir='ltr'><strong>Willelmo</strong></span> <span class='ocrx_word' id='word_1_222' title='bbox 1176 2186 1293 2236; x_wconf 85' lang='lat' dir='ltr'><strong>Scot</strong></span> <span class='ocrx_word' id='word_1_223' title='bbox 1330 2194 1379 2236; x_wconf 85' lang='grc'><strong>61</strong></span> <span class='ocrx_word' id='word_1_224' title='bbox 1418 2187 1640 2237; x_wconf 86' lang='lat' dir='ltr'><strong>Roberto</strong></span> <span class='ocrx_word' id='word_1_225' title='bbox 1673 2188 1798 2236; x_wconf 90' lang='lat' dir='ltr'><strong>Eme</strong></span> <span class='ocrx_word' id='word_1_226' title='bbox 1837 2188 2034 2237; x_wconf 86' lang='lat' dir='ltr'><strong>balliuis</strong></span> <span class='ocrx_word' id='word_1_227' title='bbox 2072 2188 2287 2254; x_wconf 68' lang='lat' dir='ltr'><strong>predicti</strong></span> <span class='ocrx_word' id='word_1_228' title='bbox 2325 2189 2471 2254; x_wconf 88' lang='lat' dir='ltr'><strong>burgi</strong></span> <span class='ocrx_word' id='word_1_229' title='bbox 2508 2216 2516 2226; x_wconf 91' lang='lat'><strong>·</strong></span> <span class='ocrx_word' id='word_1_230' title='bbox 2552 2207 2609 2237; x_wconf 88' lang='lat' dir='ltr'><strong>ac</strong></span> 
     </span>
     <span class='ocr_line' id='line_1_21' title="bbox 542 2280 854 2329; baseline 0.003 -2"><span class='ocrx_word' id='word_1_231' title='bbox 542 2280 705 2329; x_wconf 88' lang='lat' dir='ltr'><strong>multis</strong></span> <span class='ocrx_word' id='word_1_232' title='bbox 731 2280 854 2329; x_wconf 85' lang='lat' dir='ltr'><strong>aliis.</strong></span> 
     </span>
    </p>
   </div>
   <div class='ocr_carea' id='block_1_4' title="bbox 546 2541 1643 2629">
    <p class='ocr_par' dir='ltr' id='par_1_4' title="bbox 546 2541 1643 2629">
     <span class='ocr_line' id='line_1_22' title="bbox 546 2541 1643 2629; baseline 0.003 -16"><span class='ocrx_word' id='word_1_233' title='bbox 546 2541 736 2613; x_wconf 84' lang='lat' dir='ltr'><strong>Litera</strong></span> <span class='ocrx_word' id='word_1_234' title='bbox 761 2565 1057 2628; x_wconf 82' lang='lat' dir='ltr'><strong>carpentarii</strong></span> <span class='ocrx_word' id='word_1_235' title='bbox 1084 2582 1174 2629; x_wconf 85' lang='lat' dir='ltr'><strong>pro</strong></span> <span class='ocrx_word' id='word_1_236' title='bbox 1200 2567 1390 2614; x_wconf 57' lang='lat' dir='ltr'><strong>tectura</strong></span> <span class='ocrx_word' id='word_1_237' title='bbox 1414 2567 1566 2616; x_wconf 85' lang='lat' dir='ltr'><strong>chori.</strong></span> <span class='ocrx_word' id='word_1_238' title='bbox 1638 2601 1643 2605; x_wconf 91' lang='lat'>-</span> 
     </span>
    </p>
   </div>
   <div class='ocr_carea' id='block_1_5' title="bbox 433 2722 2611 3281">
    <p class='ocr_par' dir='ltr' id='par_1_5' title="bbox 433 2722 2611 3281">
     <span class='ocr_line' id='line_1_23' title="bbox 433 2722 2610 2817; baseline 0.003 -29"><span class='ocrx_word' id='word_1_239' title='bbox 433 2746 496 2790; x_wconf 84' lang='lat'><strong>43</strong></span> <span class='ocrx_word' id='word_1_240' title='bbox 549 2722 695 2795; x_wconf 83' lang='lat' dir='ltr'><strong>This</strong></span> <span class='ocrx_word' id='word_1_241' title='bbox 743 2746 987 2795; x_wconf 87' lang='lat' dir='ltr'><strong>endentur</strong></span> <span class='ocrx_word' id='word_1_242' title='bbox 1026 2787 1034 2795; x_wconf 91' lang='lat'><strong>.</strong></span> <span class='ocrx_word' id='word_1_243' title='bbox 1073 2786 1082 2796; x_wconf 85' lang='grc'><strong>.</strong></span> <span class='ocrx_word' id='word_1_244' title='bbox 1120 2786 1129 2796; x_wconf 95' lang='grc'><strong><em>.</em></strong></span> <span class='ocrx_word' id='word_1_245' title='bbox 1165 2748 1297 2797; x_wconf 89' lang='lat' dir='ltr'><strong>beris</strong></span> <span class='ocrx_word' id='word_1_246' title='bbox 1336 2758 1525 2814; x_wconf 87' lang='lat' dir='ltr'><strong>wytnes</strong></span> <span class='ocrx_word' id='word_1_247' title='bbox 1564 2749 1672 2799; x_wconf 84' lang='lat' dir='ltr'><strong>that</strong></span> <span class='ocrx_word' id='word_1_248' title='bbox 1714 2750 1798 2799; x_wconf 90' lang='lat' dir='ltr'><strong>the</strong></span> <span class='ocrx_word' id='word_1_249' title='bbox 1839 2767 1931 2817; x_wconf 81' lang='lat' dir='ltr'><strong>yer</strong></span> <span class='ocrx_word' id='word_1_250' title='bbox 1968 2751 2023 2799; x_wconf 87' lang='lat' dir='ltr'><strong>of</strong></span> <span class='ocrx_word' id='word_1_251' title='bbox 2058 2767 2209 2816; x_wconf 88' lang='lat' dir='ltr'><strong>grace</strong></span> <span class='ocrx_word' id='word_1_252' title='bbox 2250 2767 2299 2798; x_wconf 88' lang='lat' dir='ltr'><strong>m</strong></span> <span class='ocrx_word' id='word_1_253' title='bbox 2343 2767 2429 2799; x_wconf 86' lang='grc'><strong>000</strong></span> <span class='ocrx_word' id='word_1_254' title='bbox 2473 2748 2610 2797; x_wconf 85' lang='lat' dir='ltr'><strong>xciiii</strong></span> 
     </span>
     <span class='ocr_line' id='line_1_24' title="bbox 547 2836 2610 2908; baseline 0.003 -24"><span class='ocrx_word' id='word_1_255' title='bbox 547 2836 632 2885; x_wconf 86' lang='lat' dir='ltr'><strong>the</strong></span> <span class='ocrx_word' id='word_1_256' title='bbox 657 2837 740 2885; x_wconf 87' lang='lat' dir='ltr'><strong>xvi</strong></span> <span class='ocrx_word' id='word_1_257' title='bbox 764 2838 860 2903; x_wconf 90' lang='lat' dir='ltr'><strong>day</strong></span> <span class='ocrx_word' id='word_1_258' title='bbox 887 2839 941 2886; x_wconf 89' lang='lat' dir='ltr'><strong>of</strong></span> <span class='ocrx_word' id='word_1_259' title='bbox 960 2839 1043 2888; x_wconf 88' lang='lat' dir='ltr'><strong>the</strong></span> <span class='ocrx_word' id='word_1_260' title='bbox 1068 2841 1270 2889; x_wconf 90' lang='lat' dir='ltr'><strong>moneth</strong></span> <span class='ocrx_word' id='word_1_261' title='bbox 1296 2842 1350 2890; x_wconf 86' lang='lat' dir='ltr'><strong>of</strong></span> <span class='ocrx_word' id='word_1_262' title='bbox 1379 2841 1634 2908; x_wconf 82' lang='lat' dir='ltr'><strong>Feveryer</strong></span> <span class='ocrx_word' id='word_1_263' title='bbox 1659 2842 1757 2891; x_wconf 90' lang='lat' dir='ltr'><strong>this</strong></span> <span class='ocrx_word' id='word_1_264' title='bbox 1781 2844 2047 2893; x_wconf 91' lang='lat' dir='ltr'><strong>cunnande</strong></span> <span class='ocrx_word' id='word_1_265' title='bbox 2073 2861 2170 2892; x_wconf 85' lang='lat' dir='ltr'><strong>was</strong></span> <span class='ocrx_word' id='word_1_266' title='bbox 2206 2843 2351 2892; x_wconf 89' lang='lat' dir='ltr'><strong>made</strong></span> <span class='ocrx_word' id='word_1_267' title='bbox 2386 2843 2610 2891; x_wconf 83' lang='lat' dir='ltr'><strong>betwene</strong></span> 
     </span>
     <span class='ocr_line' id='line_1_25' title="bbox 548 2929 2611 3000; baseline 0.003 -24"><span class='ocrx_word' id='word_1_268' title='bbox 548 2968 557 2976; x_wconf 92' lang='lat'><strong>.</strong></span> <span class='ocrx_word' id='word_1_269' title='bbox 601 2968 610 2977; x_wconf 91' lang='lat'>.</span> <span class='ocrx_word' id='word_1_270' title='bbox 653 2966 662 2976; x_wconf 94' lang='lat'>.</span> <span class='ocrx_word' id='word_1_271' title='bbox 700 2929 902 2978; x_wconf 86' lang='lat' dir='ltr'><strong>Johnne</strong></span> <span class='ocrx_word' id='word_1_272' title='bbox 942 2970 951 2979; x_wconf 87' lang='lat'><strong>.</strong></span> <span class='ocrx_word' id='word_1_273' title='bbox 995 2971 1004 2980; x_wconf 93' lang='lat'><strong><em>.</em></strong></span> <span class='ocrx_word' id='word_1_274' title='bbox 1049 2970 1057 2980; x_wconf 92' lang='lat'><strong>.</strong></span> <span class='ocrx_word' id='word_1_275' title='bbox 1101 2932 1250 2981; x_wconf 87' lang='lat' dir='ltr'><strong>abbot</strong></span> <span class='ocrx_word' id='word_1_276' title='bbox 1286 2934 1341 2981; x_wconf 86' lang='lat' dir='ltr'><strong>of</strong></span> <span class='ocrx_word' id='word_1_277' title='bbox 1371 2973 1379 2982; x_wconf 91' lang='lat'><em>.</em></span> <span class='ocrx_word' id='word_1_278' title='bbox 1425 2973 1434 2982; x_wconf 93' lang='lat'>.</span> <span class='ocrx_word' id='word_1_279' title='bbox 1479 2973 1488 2983; x_wconf 93' lang='lat'>.</span> <span class='ocrx_word' id='word_1_280' title='bbox 1526 2935 1869 2985; x_wconf 90' lang='lat' dir='ltr'><strong>Abirbrothoc</strong></span> <span class='ocrx_word' id='word_1_281' title='bbox 1906 2974 1917 2985; x_wconf 87' lang='lat'><strong>.</strong></span> <span class='ocrx_word' id='word_1_282' title='bbox 1961 2975 1970 2986; x_wconf 89' lang='lat'><strong>.</strong></span> <span class='ocrx_word' id='word_1_283' title='bbox 2014 2975 2024 2985; x_wconf 91' lang='lat'><strong>.</strong></span> <span class='ocrx_word' id='word_1_284' title='bbox 2063 2935 2120 2984; x_wconf 85' lang='lat' dir='ltr'><strong>of</strong></span> <span class='ocrx_word' id='word_1_285' title='bbox 2151 2935 2234 2985; x_wconf 86' lang='lat' dir='ltr'><strong>the</strong></span> <span class='ocrx_word' id='word_1_286' title='bbox 2275 2944 2325 2985; x_wconf 88' lang='lat' dir='ltr'><strong>ta</strong></span> <span class='ocrx_word' id='word_1_287' title='bbox 2362 2944 2476 3000; x_wconf 88' lang='lat' dir='ltr'><strong>part</strong></span> <span class='ocrx_word' id='word_1_288' title='bbox 2512 2935 2611 2983; x_wconf 90' lang='lat' dir='ltr'><strong>and</strong></span> 
     </span>
     <span class='ocr_line' id='line_1_26' title="bbox 548 3022 2609 3093; baseline 0.004 -24"><span class='ocrx_word' id='word_1_289' title='bbox 548 3022 769 3087; x_wconf 77' lang='lat' dir='ltr'><strong>Wilyam</strong></span> <span class='ocrx_word' id='word_1_290' title='bbox 805 3022 1006 3071; x_wconf 88' lang='lat' dir='ltr'><strong>Plumer</strong></span> <span class='ocrx_word' id='word_1_291' title='bbox 1032 3024 1085 3072; x_wconf 89' lang='lat' dir='ltr'><strong>of</strong></span> <span class='ocrx_word' id='word_1_292' title='bbox 1117 3024 1386 3074; x_wconf 85' lang='lat' dir='ltr'><strong>Tweddale</strong></span> <span class='ocrx_word' id='word_1_293' title='bbox 1427 3027 1609 3093; x_wconf 86' lang='lat' dir='ltr'><strong>burges</strong></span> <span class='ocrx_word' id='word_1_294' title='bbox 1649 3028 1705 3077; x_wconf 90' lang='lat' dir='ltr'><strong>of</strong></span> <span class='ocrx_word' id='word_1_295' title='bbox 1738 3028 1823 3078; x_wconf 88' lang='lat' dir='ltr'><strong>the</strong></span> <span class='ocrx_word' id='word_1_296' title='bbox 1860 3029 1958 3079; x_wconf 91' lang='lat' dir='ltr'><strong>cite</strong></span> <span class='ocrx_word' id='word_1_297' title='bbox 1992 3029 2047 3078; x_wconf 88' lang='lat' dir='ltr'><strong>of</strong></span> <span class='ocrx_word' id='word_1_298' title='bbox 2080 3029 2394 3079; x_wconf 84' lang='lat' dir='ltr'><strong>Andirstoun</strong></span> <span class='ocrx_word' id='word_1_299' title='bbox 2435 3029 2490 3077; x_wconf 89' lang='lat' dir='ltr'><strong>of</strong></span> <span class='ocrx_word' id='word_1_300' title='bbox 2525 3028 2609 3078; x_wconf 87' lang='lat' dir='ltr'><strong>the</strong></span> 
     </span>
     <span class='ocr_line' id='line_1_27' title="bbox 547 3114 2609 3187; baseline 0.003 -25"><span class='ocrx_word' id='word_1_301' title='bbox 547 3114 700 3163; x_wconf 88' lang='lat' dir='ltr'><strong>tothir</strong></span> <span class='ocrx_word' id='word_1_302' title='bbox 724 3122 836 3179; x_wconf 85' lang='lat' dir='ltr'><strong>part</strong></span> <span class='ocrx_word' id='word_1_303' title='bbox 876 3144 886 3153; x_wconf 92' lang='lat'><strong>·</strong></span> <span class='ocrx_word' id='word_1_304' title='bbox 931 3115 1037 3164; x_wconf 86' lang='lat' dir='ltr'><strong>that</strong></span> <span class='ocrx_word' id='word_1_305' title='bbox 1071 3116 1111 3164; x_wconf 91' lang='lat' dir='ltr'><strong>is</strong></span> <span class='ocrx_word' id='word_1_306' title='bbox 1148 3125 1198 3165; x_wconf 93' lang='lat' dir='ltr'><strong>to</strong></span> <span class='ocrx_word' id='word_1_307' title='bbox 1236 3118 1318 3183; x_wconf 88' lang='lat' dir='ltr'><strong>say</strong></span> <span class='ocrx_word' id='word_1_308' title='bbox 1354 3148 1364 3157; x_wconf 92' lang='lat'>-</span> <span class='ocrx_word' id='word_1_309' title='bbox 1404 3118 1539 3168; x_wconf 89' lang='lat' dir='ltr'><strong>That</strong></span> <span class='ocrx_word' id='word_1_310' title='bbox 1587 3159 1596 3168; x_wconf 91' lang='lat'>.</span> <span class='ocrx_word' id='word_1_311' title='bbox 1647 3159 1656 3169; x_wconf 86' lang='lat'><em>.</em></span> <span class='ocrx_word' id='word_1_312' title='bbox 1706 3159 1716 3170; x_wconf 92' lang='lat'><strong>.</strong></span> <span class='ocrx_word' id='word_1_313' title='bbox 1757 3120 1980 3187; x_wconf 90' lang='lat' dir='ltr'><strong>Wyllam</strong></span> <span class='ocrx_word' id='word_1_314' title='bbox 2017 3121 2221 3172; x_wconf 91' lang='lat' dir='ltr'><strong>Plumer</strong></span> <span class='ocrx_word' id='word_1_315' title='bbox 2246 3122 2315 3171; x_wconf 86' lang='lat' dir='ltr'><strong>sal</strong></span> <span class='ocrx_word' id='word_1_316' title='bbox 2340 3121 2489 3172; x_wconf 89' lang='lat' dir='ltr'><strong>theke</strong></span> <span class='ocrx_word' id='word_1_317' title='bbox 2526 3121 2609 3171; x_wconf 88' lang='lat' dir='ltr'><strong>the</strong></span> 
     </span>
     <span class='ocr_line' id='line_1_28' title="bbox 547 3206 2609 3281; baseline 0.005 -28"><span class='ocrx_word' id='word_1_318' title='bbox 547 3206 698 3255; x_wconf 89' lang='lat' dir='ltr'><strong>mekil</strong></span> <span class='ocrx_word' id='word_1_319' title='bbox 722 3223 845 3270; x_wconf 87' lang='lat' dir='ltr'><strong>quer</strong></span> <span class='ocrx_word' id='word_1_320' title='bbox 882 3244 892 3254; x_wconf 94' lang='lat'><strong>.</strong></span> <span class='ocrx_word' id='word_1_321' title='bbox 930 3246 939 3255; x_wconf 91' lang='lat'><strong>.</strong></span> <span class='ocrx_word' id='word_1_322' title='bbox 984 3246 992 3255; x_wconf 94' lang='lat'><strong><em>.</em></strong></span> <span class='ocrx_word' id='word_1_323' title='bbox 1031 3208 1163 3272; x_wconf 86' lang='lat' dir='ltr'><strong>wyth</strong></span> <span class='ocrx_word' id='word_1_324' title='bbox 1188 3208 1298 3257; x_wconf 86' lang='lat' dir='ltr'><strong>lede</strong></span> <span class='ocrx_word' id='word_1_325' title='bbox 1324 3212 1421 3259; x_wconf 87' lang='lat' dir='ltr'><strong>and</strong></span> <span class='ocrx_word' id='word_1_326' title='bbox 1451 3213 1607 3277; x_wconf 80' lang='lat' dir='ltr'><strong>guttir</strong></span> <span class='ocrx_word' id='word_1_327' title='bbox 1630 3221 1686 3279; x_wconf 79' lang='lat' dir='ltr'><strong>yt</strong></span> <span class='ocrx_word' id='word_1_328' title='bbox 1711 3214 1759 3264; x_wconf 93' lang='lat' dir='ltr'><strong>al</strong></span> <span class='ocrx_word' id='word_1_329' title='bbox 1785 3215 1948 3264; x_wconf 86' lang='lat' dir='ltr'><strong>abowt</strong></span> <span class='ocrx_word' id='word_1_330' title='bbox 1972 3215 2282 3281; x_wconf 89' lang='lat' dir='ltr'><strong>sufficiandly</strong></span> <span class='ocrx_word' id='word_1_331' title='bbox 2309 3215 2426 3264; x_wconf 84' lang='lat' dir='ltr'><strong>with</strong></span> <span class='ocrx_word' id='word_1_332' title='bbox 2451 3214 2562 3264; x_wconf 90' lang='lat' dir='ltr'><strong>lede</strong></span> <span class='ocrx_word' id='word_1_333' title='bbox 2600 3243 2609 3250; x_wconf 94' lang='lat'><strong>·</strong></span> 
     </span>
    </p>
   </div>
  </div>
 </body>
</html>
