2762 3834
590 375 688 420 240
1037 362 1455 418 REGISTRUM
1489 361 1587 411 DE
1622 356 2180 409 ABERBROTHOC.

592 514 694 551 tum
725 501 979 551 constabat
1010 499 1141 548 inter
1172 534 1185 546 .
1217 535 1228 546 .
1265 534 1276 545 .
1311 494 1481 544 Dauid
1517 530 1528 541 .
1574 530 1586 541 .
1631 529 1643 540 .
1686 492 1913 540 abbatem
1957 527 1968 538 .
2011 526 2023 538 .
2064 526 2075 538 .
2121 490 2182 538 de
2208 489 2546 538 Abirbrothoc
2571 506 2630 538 ex

595 611 691 643 vna
724 602 774 643 et
808 593 989 641 di&um
1021 590 1302 639 Johannem
1342 585 1494 635 Alani
1538 586 1706 633 sanum
1747 589 1913 631 mente
1953 582 2072 630 licet
2111 598 2281 646 egrum
2322 598 2530 646 corpore
2571 582 2632 631 ab

593 686 749 735 altera
781 699 930 749 penes
965 682 1195 729 summam
1232 680 1557 726 ducentarum
1593 683 1642 724 et
1677 674 1929 739 o&oginta
1960 664 2202 722 librarum
2227 673 2403 722 vsualis
2438 681 2634 723 monete

594 815 604 825 .
642 814 653 825 .
690 812 701 823 .
746 773 916 823 Scocie
957 773 1085 820 diao
1126 769 1347 818 Johanni
1388 784 1479 832 per
1523 804 1533 815 .
1579 803 1590 814 .
1636 803 1647 815 .
1691 767 1918 815 abbatem
1955 803 1965 814 .
2007 803 2018 814 .
2060 803 2072 814 .
2110 765 2323 813 debitam
2366 763 2417 813 in
2460 766 2633 814 effe&u

593 873 738 930 prout
767 863 982 926 sequitur
1007 890 1017 901 ·
1044 861 1103 909 In
1141 859 1517 909 satisfafflonem
1551 857 1706 921 partis
1742 856 1870 906 diae
1906 856 2089 905 summe
2117 893 2128 904 .
2157 893 2167 905 .
2196 894 2207 905 .
2233 857 2382 905 abbas
2416 855 2635 922 promisit

593 958 786 1003 seruare
808 961 858 1002 et
880 951 1229 1000 warrantizare
1266 965 1434 996 omnes
1459 955 1508 996 et
1532 947 1745 1013 singulas
1780 947 2109 996 assedaciones
2134 948 2435 1013 decimarum
2460 948 2634 1013 garba-

594 1047 711 1093 lium
736 1053 978 1093 terrarum
1005 1059 1062 1091 ac
1092 1040 1411 1105 piscariarum
1438 1056 1558 1103 quas
1583 1039 1739 1088 dietus
1762 1039 1798 1088 J
1801 1039 2021 1088 ohannes
2044 1039 2195 1088 habet
2219 1041 2280 1088 de
2305 1040 2563 1089 abbatibus
2588 1049 2634 1088 et

596 1143 841 1185 conuentu
866 1134 980 1182 dieti
1017 1132 1297 1181 monasterii
1333 1130 1418 1179 sibi
1443 1131 1665 1179 Johanni
1702 1138 1751 1179 et
1785 1131 2005 1195 prolibus
2042 1131 2135 1179 suis
2170 1131 2319 1195 usque
2355 1132 2418 1179 ad
2453 1132 2635 1180 exitum

596 1228 913 1275 terminorum
949 1226 1002 1273 in
1038 1225 1218 1273 eisdem
1248 1223 1633 1272 asi'edacionibus
1670 1229 1719 1270 et
1746 1222 1926 1270 litteris
1951 1223 2157 1287 desuper
2182 1222 2414 1271 confe&is
2440 1231 2638 1272 conten·

597 1329 756 1367 torum
793 1355 804 1365 .
844 1354 855 1365 .
896 1354 906 1364 .
944 1316 1150 1381 Insuper
1188 1353 1199 1363 .
1239 1352 1250 1363 .
1291 1352 1301 1363 .
1341 1314 1563 1379 promisit
1606 1351 1617 1362 .
1660 1350 1672 1362 .
1716 1351 1727 1362 .
1764 1313 1987 1362 Johanni
2031 1323 2081 1363 et
2123 1315 2219 1362 suis
2264 1315 2485 1378 prolibus
2523 1352 2535 1363 .
2575 1353 2586 1363 .
2626 1352 2636 1363 .

597 1409 945 1457 assedacionem
984 1407 1283 1455 decimarum
1321 1405 1597 1471 garbalium
1620 1404 1681 1451 de
1707 1403 1944 1469 Ardaisty
1970 1431 1980 1440 ·
2006 1403 2269 1469 Balhungy
2295 1431 2305 1441 ·
2330 1412 2379 1454 et
2404 1406 2465 1453 de
2491 1405 2662 1453 dime-·

598 1502 779 1550 dietate
814 1499 1020 1564 piscarie
1054 1499 1254 1563 passagii
1289 1496 1491 1546 borialis
1526 1513 1681 1561 prope
1715 1497 1926 1561 burgum
1963 1497 2024 1544 de
2058 1496 2243 1545 Dunde
2280 1497 2363 1545 sub
2395 1497 2640 1545 communi

600 1592 754 1657 sigillo
779 1591 895 1639 dieti
918 1590 1200 1639 monasterii
1235 1607 1326 1655 pro
1361 1589 1586 1638 terminis
1617 1590 1724 1636 oao
1760 1605 2002 1637 annorum
2038 1589 2262 1653 proxime
2287 1596 2336 1637 et
2358 1589 2640 1638 immediate

602 1685 765 1732 datam
788 1682 1096 1746 presencium
1120 1681 1433 1746 sequencium
1460 1710 1470 1720 -
1497 1697 1592 1744 que
1619 1698 1738 1729 vero
1764 1681 2003 1730 assedacio
2039 1682 2310 1730 continebit
2345 1681 2641 1730 solucionem

601 1777 739 1823 firme
765 1776 1029 1823 earundem
1055 1774 1401 1840 [decimarum]
1430 1772 1705 1838 garbalium
1732 1789 1790 1821 ac
1815 1773 1942 1821 diste
1968 1773 2298 1822 dimedietatis
2321 1773 2527 1838 piscarie
2551 1790 2642 1838 pro

604 1866 746 1915 dietis
770 1865 992 1914 terminis
1015 1882 1103 1930 pre
1127 1866 1354 1913 manibus
1379 1865 1675 1929 persolutam
1700 1864 1919 1928 exceptis
1941 1865 2130 1912 duobus
2151 1865 2351 1913 barellis
2376 1864 2643 1913 salmonum

604 1957 854 2006 annuatim
897 1957 958 2004 de
1000 1958 1130 2005 dieta
1169 1957 1378 2022 piscaria
1419 1956 1713 2005 monasterio
1753 1956 1947 2020 prefato
1987 1957 2253 2004 reddendis
2288 1983 2298 1993 ·
2329 1956 2429 2005 Pro
2470 1957 2646 2021 quibus

604 2047 842 2115 promissis
878 2049 1192 2112 perficiendis
1228 2087 1239 2097 .
1276 2088 1285 2098 .
1324 2088 1332 2097 .
1370 2049 1628 2097 Johannes
1659 2085 1671 2095 .
1709 2086 1718 2096 .
1756 2085 1766 2096 .
1803 2055 2042 2096 exonerat
2076 2087 2086 2096 .
2118 2087 2126 2096 .
2162 2088 2171 2096 .
2208 2049 2433 2096 abbatem
2459 2057 2508 2096 et
2533 2065 2645 2096 con-

607 2148 805 2189 uentum
829 2139 889 2187 de
913 2140 1096 2189 summa
1116 2147 1311 2189 centum
1336 2148 1384 2189 et
1409 2139 1584 2205 viginti
1606 2140 1843 2188 librarum
1865 2140 2111 2189 antedi6te
2132 2140 2422 2205 principalis
2444 2141 2644 2189 summe·

606 2242 654 2283 et
693 2234 935 2282 residuum
976 2249 1092 2281 vero
1132 2233 1346 2281 eiusdem
1387 2231 1571 2280 summe
1612 2232 1902 2296 principalis
1943 2249 2001 2280 ac
2039 2232 2335 2280 solucionem
2376 2233 2532 2280 tocius
2571 2233 2648 2280 vel

608 2326 761 2389 partis
792 2333 876 2373 aut
901 2343 927 2373 e
954 2326 1189 2373 conuerso
1215 2363 1224 2372 .
1253 2324 1464 2388 ..ponit
1498 2324 1551 2372 in
1587 2323 1843 2372 uoluntate
1879 2332 1928 2372 et
1964 2323 2274 2371 consciencia
2310 2360 2320 2371 .
2361 2360 2372 2371 .
2413 2360 2424 2371 .
2462 2323 2650 2372 abbatis
2690 2324 2693 2329 '

609 2424 657 2464 et
679 2424 950 2465 conuentus
975 2444 986 2454 ·
1012 2432 1111 2462 non
1133 2415 1436 2463 obstantibus
1458 2414 1848 2479 obligacionibus
1886 2451 1897 2462 .
1938 2451 1949 2462 .
1989 2452 2000 2463 .
2037 2415 2098 2462 de
2136 2451 2148 2462 .
2188 2450 2198 2461 .
2239 2452 2251 2462 .
2289 2415 2464 2463 abbate
2484 2424 2568 2462 aut
2590 2415 2649 2462 de

612 2508 853 2571 aliquibus
878 2509 939 2555 de
963 2515 1214 2556 conuentu
1236 2524 1387 2571 penes
1412 2508 1653 2572 prefatam
1677 2507 1914 2554 summam
1937 2505 2260 2570 principalem
2293 2542 2303 2553 .
2336 2543 2347 2553 .
2381 2542 2392 2553 .
2419 2506 2652 2554 confeffis

615 2636 625 2647 .
667 2636 678 2647 .
718 2636 729 2647 .
772 2600 900 2646 Asta
924 2607 1063 2646 erant
1087 2598 1179 2646 hec
1202 2598 1254 2645 in
1278 2598 1495 2662 hospicio
1521 2598 1734 2647 eiusdem
1757 2599 1793 2648 J
1796 2599 2004 2647 ohannis
2029 2598 2183 2647 Alani
2208 2599 2332 2647 hora
2351 2606 2528 2662 quarta
2546 2598 2652 2663 post

614 2689 876 2737 merediem
914 2696 997 2736 aut
1032 2688 1227 2736 eocirca
1264 2725 1275 2735 .
1314 2725 1325 2736 .
1364 2725 1375 2735 .
1413 2690 1717 2752 presentibus
1755 2727 1767 2738 .
1807 2727 1818 2738 .
1858 2728 1868 2738 .
1900 2690 2134 2755 magistro
2166 2689 2397 2738 Johanne
2433 2690 2651 2756 Lystoun

615 2778 858 2844 preposito
890 2778 1089 2827 ecclesie
1126 2779 1385 2843 collegiate
1420 2778 1772 2830 Sanctiandree
1798 2810 1809 2821 ·
1835 2782 2050 2846 dompno
2079 2780 2269 2829 Jacobo
2301 2780 2513 2828 Alerdes
2548 2798 2654 2845 pre·

616 2871 770 2936 pofito
817 2869 1017 2918 ecclesie
1065 2869 1341 2918 Beatiflime
1379 2870 1604 2934 Virginis
1645 2873 1706 2920 de
1752 2872 2120 2921 San&oandrea
2160 2901 2169 2910 ·
2213 2871 2445 2937 magistro
2480 2872 2655 2937 Jaspar

622 2961 899 3013 Cranstoun
934 2962 1128 3010 reetore
1164 2961 1226 3009 de
1262 2961 1553 3009 Fedderesso
1579 2991 1589 3001 ·
1616 2972 1664 3010 et
1688 2963 1721 3012 J
1726 2964 1920 3012 ohanne
1948 2963 2133 3028 Ogilvy
2159 2963 2259 3011 filio
2285 2973 2334 3012 et
2368 2963 2551 3012 herede
2576 2980 2655 3027 ap·

618 3060 823 3118 parente
846 3051 881 3100 J
884 3051 1023 3101 acobi
1053 3050 1238 3116 Ogilvy
1264 3052 1325 3100 de
1351 3051 1473 3117 Erly
1495 3052 1662 3102 militis
1687 3082 1698 3092 -
1724 3072 1832 3103 cum
1861 3055 1970 3103 aliis
1994 3055 2197 3103 diuersis
2216 3081 2226 3091 ·

689 3144 763 3194 Et*
777 3161 855 3192 me
881 3143 1100 3192 Roberto
1128 3141 1273 3192 Seres
1310 3178 1322 3190 .
1354 3180 1365 3191 .
1398 3179 1410 3190 .
1444 3144 1636 3191 notario
1661 3181 1673 3193 .
1701 3181 1713 3193 .
1740 3183 1750 3194 .
