2762 3834
2 0 9 272 ω

7 274 15 616 ³

613 325 1038 379 REGISTRUM
1074 327 1169 376 DE
1205 296 1757 385 ABERBROTHOC.
2099 347 2189 399 371

168 530 524 615 Auchynblay
551 550 795 599 affedatur
819 550 855 599 J
857 551 1041 599 ohanni
1071 551 1439 620 Strathaquhyn
1465 564 1514 604 ct
1537 556 1749 607 Mariote
1775 560 1913 608 vxori
1938 562 2032 609 suc.

26 740 115 791 462
166 709 293 781 Nos
333 730 579 795 Georgius
622 731 772 779 abbas
817 767 828 778 .
874 767 885 777 .
931 767 943 778 .
988 731 1048 778 de
1091 731 1315 781 Arbroth
1358 771 1368 782 .
1410 772 1421 783 .
1464 773 1474 783 .
1518 737 1783 788 affedamus
1824 779 1833 788 .
1876 779 1885 788 .
1928 779 1938 788 .
1978 741 2194 789 Jobanni

53 2010 112 2071 63

169 822 540 888 Strathaquhyn
561 831 609 872 et
628 822 845 871 Mariote
864 822 1070 888 Martyn
1092 808 1258 887 sponse
1277 826 1357 873 sue
1377 829 1608 877 moderne
1646 867 1657 878 .
1697 867 1707 878 .
1749 872 1758 881 .
1795 832 1958 880 villam
1982 833 2194 882 nostram

165 917 226 964 de
257 915 578 982 Auchinblay
621 955 630 965 .
672 952 683 964 .
724 955 733 964 .
775 933 867 980 pro
900 923 1004 965 toto
1041 923 1262 980 tempore
1298 918 1397 966 vite
1434 922 1699 970 eorundem
1739 950 1749 960 ·
1792 922 2038 972 Soluendo
2077 963 2084 971 .
2132 962 2143 973 .
2185 963 2194 972 .

164 1017 262 1057 tres
297 1008 447 1057 libras
480 1008 561 1055 sex
596 1007 775 1056 solidos
800 1016 849 1056 et
874 1010 982 1055 octo
1009 1008 1238 1056 denarios
1263 1018 1457 1058 monet-e
1496 1049 1505 1058 .
1541 1049 1550 1059 .
1587 1052 1595 1060 .
1634 1012 1802 1062 Scocie
1827 1018 1885 1063 ad
1925 1053 1936 1063 .
1975 1053 1986 1063 .
2027 1052 2037 1063 .
2073 1015 2196 1064 festa

165 1140 174 1148 .
211 1140 220 1148 .
260 1137 272 1148 .
314 1099 665 1148 Penthecostes
691 1107 740 1148 et
768 1098 933 1148 Sanffl
958 1099 1167 1148 Martini
1208 1141 1216 1150 .
1262 1139 1272 1150 .
1316 1140 1326 1150 .
1368 1121 1476 1151 cum
1503 1115 1724 1170 rynmart
1748 1110 1946 1174 weddyr
1972 1118 2019 1158 et
2043 1111 2195 1157 omni-

163 1192 251 1239 bus
277 1191 385 1239 aliis
410 1191 774 1239 husbandorum
802 1192 1034 1240 oneribus
1069 1229 1080 1240 .
1124 1232 1133 1241 .
1178 1230 1190 1241 .
1230 1194 1295 1242 Et
1331 1232 1342 1242 .
1385 1233 1395 1243 .
1442 1234 1451 1244 .
1490 1197 1521 1244 fi
1564 1235 1575 1246 .
1613 1235 1624 1246 .
1668 1234 1680 1248 .
1716 1199 1895 1249 fuerint
1933 1239 1943 1249 .
1982 1237 1992 1248 .
2024 1238 2033 1248 .
2069 1202 2194 1250 male

162 1283 496 1348 persoluentes
532 1321 542 1331 .
583 1321 594 1332 .
637 1319 648 1330 .
686 1291 771 1332 aut
795 1284 1004 1332 rebelles
1041 1321 1052 1332 .
1092 1322 1102 1332 .
1141 1324 1150 1332 .
1187 1286 1355 1335 licebit
1379 1289 1519 1336 nobis
1553 1328 1562 1337 .
1595 1328 1604 1338 .
1654 1327 1664 1337 .
1703 1292 1906 1356 desuper
1941 1293 2195 1357 disponere

216 1415 225 1424 .
269 1415 279 1424 .
323 1375 560 1424 Nostrum
598 1376 807 1440 figillum
833 1394 1093 1425 commune
1118 1378 1420 1442 presentibus
1446 1380 1514 1428 cst
1539 1383 1800 1445 appensum
1825 1384 2092 1446 penultimo
2116 1385 2194 1432 die

163 1467 336 1516 menfis
364 1466 667 1532 Septembris
693 1485 824 1516 anno
849 1467 1056 1516 Domini
1081 1476 1148 1516 m⁰
1172 1471 1407 1535 quingen⁰
1433 1471 1576 1521 sexto.
1664 1487 1668 1491 ⁴
1959 1464 1962 1467 Δ

160 1716 467 1787 Innerkelor
504 1756 615 1787 cum
652 1739 856 1788 decimis
891 1740 1176 1805 garbalibus
1212 1750 1261 1790 et
1297 1742 1498 1790 decimis
1533 1744 1814 1808 garbalibus
1849 1746 1909 1793 de
1940 1745 2194 1794 Annaston

135 1830 399 1896 ‘affedatur
423 1831 657 1897 magistro
684 1832 912 1882 Grilberto
942 1832 1143 1882 Straton
1170 1833 1355 1882 vicario
1381 1835 1441 1882 de
1467 1834 1771 1884 Innerkelor.

163 2052 172 2060 .
214 2053 223 2061 .
268 2050 278 2061 .
322 2013 497 2063 Pateat
539 2053 548 2062 .
593 2053 602 2062 .
645 2053 654 2062 .
698 2031 788 2062 nos
838 2014 1112 2079 Georgium
1154 2055 1162 2063 .
1207 2055 1215 2063 .
1260 2054 1268 2063 .
1313 2016 1535 2063 abbatem
1573 2055 1582 2064 .
1620 2056 1629 2065 .
1670 2056 1678 2065 .
1721 2018 1782 2064 de
1818 2017 2036 2065 Arbroth
2078 2056 2086 2064 .
2131 2056 2139 2064 .
2182 2055 2190 2063 .

161 2106 384 2155 affedaffe
423 2146 433 2155 .
474 2145 483 2155 .
523 2145 532 2156 .
568 2107 801 2172 magistro
825 2108 1055 2157 Gilberto
1078 2106 1278 2156 Straton
1299 2115 1347 2155 et
1366 2107 1457 2154 suis
1483 2107 1727 2172 affignatis
1752 2126 1808 2157 ac
1831 2108 2192 2157 subtenentibus

162 2237 171 2246 .
208 2237 217 2246 .
253 2235 265 2245 .
303 2206 461 2248 terras
485 2199 675 2248 nostras
701 2200 761 2247 de
787 2199 1022 2265 Kyrkton
1049 2200 1110 2247 de
1135 2199 1429 2247 Innerkelor
1467 2237 1477 2247 .
1518 2236 1527 2247 .
1569 2236 1579 2247 .
1618 2217 1726 2247 cum
1752 2199 1952 2247 decimis
1984 2199 2187 2262 garbali-

71 2350 77 2358 ι
161 2291 248 2339 bus
285 2293 553 2340 earundem
591 2332 599 2340 .
638 2331 647 2340 .
685 2332 694 2340 .
734 2309 844 2340 cum
882 2292 1086 2340 decimis
1121 2291 1402 2356 garbalibus
1438 2291 1497 2338 de
1534 2290 1811 2338 Annatston
1846 2306 1935 2353 pro
1971 2290 2188 2338 terminis

160 2385 486 2433 nouendecim
528 2402 770 2432 annorum
825 2423 834 2432 .
889 2424 897 2431 .
953 2423 961 2431 .
1018 2385 1182 2432 datam
1223 2383 1525 2447 presencium
1568 2382 1845 2430 immediate
1879 2382 2186 2445 sequencium

161 2475 531 2540 quibusquidem
569 2476 714 2525 terris
751 2493 859 2524 cum
905 2515 913 2523 .
954 2514 963 2524 .
1003 2515 1012 2523 .
1056 2474 1257 2524 decimis
1299 2512 1309 2522 .
1359 2511 1369 2521 .
1414 2511 1424 2520 .
1467 2463 1752 2522 Alexander
1789 2471 2000 2537 Ogylwy
2024 2472 2187 2535 suique

161 2565 381 2631 affignati
423 2607 433 2616 .
475 2607 485 2616 .
527 2607 536 2616 .
578 2569 863 2633 gaudebant
898 2569 1164 2616 dummodo
1202 2565 1423 2630 affignati
1468 2601 1479 2612 .
1519 2604 1528 2612 .
1571 2601 1582 2613 .
1623 2581 1712 2628 per
1745 2580 1834 2611 nos
1869 2564 2188 2611 admittantur

162 2675 281 2722 quos
315 2660 523 2708 firmiter
559 2661 874 2709 admittemus
911 2677 1020 2708 cum
1047 2660 1189 2708 nobis
1212 2658 1396 2706 fuerint
1419 2657 1681 2721 presentati
1717 2663 1765 2704 et
1801 2657 1931 2719 quod
1963 2671 2062 2702 non
2098 2654 2187 2702 fint

161 2751 359 2800 maioris
393 2751 544 2802 status
593 2790 603 2801 .
655 2790 665 2800 .
718 2791 728 2800 .
780 2769 928 2815 quam
963 2751 1062 2815 ipse
1111 2791 1119 2799 .
1169 2790 1177 2799 .
1229 2790 1237 2798 .
1285 2758 1334 2799 et
1367 2748 1400 2796 fi
1433 2766 1532 2796 non
1563 2749 1719 2796 obstat
1743 2747 1876 2795 aliud
1898 2746 2185 2811 legittimum

161 2841 564 2906 impedimentum
590 2861 700 2892 cum
732 2843 971 2908 potestate
1007 2842 1294 2906 imponendi
1330 2848 1379 2889 et
1414 2839 1691 2904 deponendi
1726 2840 2032 2887 subtenentes
2071 2873 2082 2883 .
2123 2872 2133 2882 .
2175 2872 2184 2881 .

165 2931 411 2982 Soluendo
453 2974 462 2983 .
503 2975 511 2984 .
556 2975 564 2984 .
608 2953 699 3000 pro
723 2936 866 2983 firma
910 2975 918 2982 .
966 2974 975 2983 .
1023 2974 1031 2981 .
1080 2932 1408 2997 quadraginta
1431 2931 1608 2979 solidos
1654 2969 1662 2978 .
1711 2969 1719 2978 .
1767 2969 1776 2978 .
1824 2935 2014 2976 monete
2062 2965 2070 2974 .
2119 2965 2127 2973 .
2176 2963 2183 2971 .

163 3021 331 3073 Scocie
375 3027 438 3073 ad
479 3027 715 3074 terminos
758 3027 1011 3074 consuetos
1054 3031 1103 3072 et
1144 3040 1289 3071 vnam
1332 3023 1547 3070 celdram
1582 3028 1630 3069 et
1664 3021 1743 3068 sex
1777 3020 1929 3068 bollas
1965 3016 2098 3065 ordei
2139 3023 2186 3062 et

162 3113 316 3163 farine
352 3134 462 3165 cum
492 3135 588 3166 vna
620 3118 754 3166 bolla
788 3117 1021 3178 frumenti
1058 3115 1281 3163 mensure
1317 3114 1412 3161 fori
1448 3113 1689 3162 currentis
1728 3141 1738 3150 ·
1779 3119 1827 3159 et
1860 3127 1950 3173 pro
1986 3105 2184 3157 decimis
