2762 3834
581 380 677 425 354
1024 369 1447 424 REGISTRUM
1481 369 1579 419 DE
1615 366 2175 419 ABERBROTHOC.

646 546 656 556 .
709 545 720 556 .
768 504 918 572 Apud
959 543 968 555 .
1010 546 1018 555 .
1064 546 1071 554 .
1122 504 1387 568 capitulum
1415 501 1642 551 vicefimo
1678 500 1759 549 die
1795 500 1969 549 mensis
1993 500 2119 550 Julii
2151 517 2283 550 anno
2309 500 2517 551 Domini
2553 509 2619 551 m⁰

580 599 815 664 quingen⁰
840 597 1026 661 quinto.

580 849 902 936 Kyrktoune
927 869 1167 918 ass'edatur
1191 867 1223 915 J
1229 867 1382 915 acobo
1408 864 1571 930 Boyis.

430 1056 525 1098 445
576 1094 584 1102 .
628 1095 636 1103 .
676 1092 685 1102 .
724 1053 896 1101 Pateat
921 1069 1009 1100 nos
1037 1051 1310 1115 Georgium
1349 1086 1359 1096 .
1399 1086 1410 1097 .
1451 1086 1462 1096 .
1505 1048 1733 1098 abbatem
1766 1088 1775 1097 .
1810 1088 1819 1097 .
1859 1086 1869 1097 .
1904 1049 1966 1098 de
1992 1050 2216 1099 Arbroth
2253 1088 2262 1099 .
2300 1089 2308 1098 .
2347 1088 2356 1099 .
2394 1050 2618 1100 ass'edass'e

579 1185 588 1195 .
629 1185 640 1195 .
681 1184 691 1194 .
727 1145 762 1194 J
765 1146 917 1194 acobo
943 1143 1095 1209 Boyis
1132 1171 1142 1181 ·
1180 1140 1405 1190 Esobelle
1431 1139 1670 1207 Baldowy
1694 1141 1865 1206 sponse
1890 1141 1970 1191 sue
2009 1170 2019 1181 ·
2056 1151 2105 1191 et
2125 1142 2318 1191 Thome
2342 1142 2493 1208 Boyis
2517 1143 2619 1191 filio
2760 1141 2762 1204 i

575 1238 785 1303 ipsorum
812 1265 821 1275 ·
847 1247 896 1285 et
921 1254 979 1286 eo
1001 1235 1197 1285 Thoma
1216 1235 1328 1284 casu
1353 1251 1451 1299 quo
1475 1233 1736 1283 deficiente
1760 1233 2049 1284 Alexandro
2073 1235 2215 1284 fratri
2240 1235 2325 1284 suo
2349 1252 2585 1301 germano
2610 1262 2620 1271 ·

574 1348 663 1396 pro
705 1338 926 1395 tempore
971 1329 1055 1377 suo
1103 1369 1111 1377 .
1161 1369 1170 1377 .
1223 1366 1233 1377 .
1284 1336 1443 1376 terras
1483 1325 1675 1375 nostras
1722 1326 1784 1376 de
1822 1326 2058 1392 Kyrkton
2105 1327 2324 1376 iacentes
2364 1327 2415 1376 in
2455 1327 2622 1376 nostra

574 1423 834 1489 regalitate
869 1423 930 1471 de
967 1421 1190 1470 Arbroth
1232 1420 1364 1469 infra
1389 1418 1559 1484 Carny
1585 1426 1634 1467 et
1658 1418 1867 1468 Latham
1909 1436 2021 1467 cum
2061 1418 2108 1467 le
2150 1419 2372 1468 Murfald
2413 1427 2462 1468 et
2497 1420 2619 1468 tofto
2704 1412 2705 1415 Ἴ

578 1516 741 1565 Sancti
783 1515 990 1580 Vigiani
1032 1530 1242 1562 vnacum
1282 1511 1531 1577 particula
1577 1519 1709 1560 terre
1751 1513 1813 1559 de
1855 1511 2103 1559 communi
2143 1511 2337 1560 iacente
2378 1514 2437 1560 eii
2478 1520 2619 1576 parte
2706 1554 2710 1558 .

574 1607 773 1656 australi
794 1607 992 1657 ecclefie
1021 1605 1187 1657 Sanffi
1211 1605 1418 1671 Vigiani
1456 1620 1567 1653 cum
1603 1603 1807 1652 decimis
1841 1603 2126 1668 garbalibus
2161 1604 2430 1652 earundem
2466 1613 2619 1653 terra-

574 1717 682 1749 rum
708 1709 757 1750 et
782 1700 890 1748 aliis
930 1740 938 1749 .
978 1740 986 1748 .
1030 1740 1038 1748 .
1079 1698 1403 1764 pertinenciis
1446 1738 1454 1746 .
1497 1737 1505 1746 .
1550 1737 1558 1746 .
1597 1712 1689 1761 pro
1726 1694 2118 1744 commutacione
2153 1696 2358 1744 dominii
2385 1697 2445 1745 de
2480 1697 2618 1761 Athy

575 1811 685 1842 cum
720 1793 1039 1857 pertinenciis
1075 1792 1252 1856 quibus
1288 1792 1427 1856 prius
1461 1791 1514 1838 in
1551 1788 1855 1838 affedacione
1879 1805 1971 1853 per
1994 1789 2221 1838 abbatem
2246 1796 2295 1838 et
2321 1797 2617 1838 conuentum
2715 1859 2717 1862 Α

573 1886 700 1934 fasta
721 1903 812 1950 pro
838 1885 1047 1934 vtilitate
1072 1884 1168 1933 loci
1194 1892 1243 1934 et
1267 1884 1377 1932 aliis
1413 1882 1562 1932 certis
1599 1880 1753 1931 causis
1789 1882 2175 1931 racionabilibus
2210 1883 2398 1931 animas
2431 1882 2619 1931 nostras
2653 1874 2658 1878 ’
2704 1879 2706 1882 ’

575 1978 637 2025 ad
671 1978 765 2026 hoc
800 1978 1111 2026 mouentibus
1141 1975 1466 2043 [gaudebant]
1507 2004 1517 2014 ·
1555 1974 1745 2039 suisque
1784 1974 2153 2024 coadiutoribus
2178 1982 2226 2023 et
2251 1974 2617 2024 subtenentibus

575 2070 837 2118 dummodo
872 2087 972 2118 non
1004 2069 1095 2118 fint
1128 2069 1327 2117 maioris
1364 2067 1517 2116 status
1552 2107 1561 2115 .
1600 2106 1608 2115 .
1647 2107 1654 2115 .
1693 2083 1838 2131 quam
1865 2066 1953 2131 ipfi
1991 2106 1999 2115 .
2040 2106 2048 2114 .
2087 2106 2095 2115 .
2132 2084 2223 2131 pro
2255 2075 2359 2115 toto
2397 2076 2616 2132 tempore

576 2163 674 2211 vite
700 2162 906 2210 alicuius
944 2200 954 2210 .
995 2200 1005 2210 .
1046 2199 1056 2210 .
1094 2161 1370 2210 Reddendo
1395 2160 1512 2208 inde
1538 2159 1793 2208 annuatim
1823 2159 1981 2208 di&us
2015 2158 2233 2208 Jacobus
2269 2177 2359 2224 pro
2395 2169 2615 2225 tempore

576 2255 659 2302 suo
700 2253 932 2319 magistro
969 2253 1335 2302 communitatis
1384 2292 1392 2300 .
1442 2292 1451 2301 .
1501 2292 1510 2301 .
1561 2269 1650 2316 pro
1691 2251 1939 2316 particula
1977 2259 2110 2300 terre
2145 2252 2207 2300 de
2246 2253 2492 2300 communi
2535 2253 2614 2301 sex
2655 2281 2657 2283 ·

573 2345 748 2393 solidos
791 2382 803 2393 .
849 2382 860 2393 .
904 2382 916 2393 .
959 2352 1154 2393 monete
1197 2382 1207 2392 .
1248 2382 1258 2392 .
1300 2382 1310 2392 .
1357 2343 1531 2393 Scocie
1572 2345 1635 2392 ad
1681 2382 1691 2392 .
1737 2380 1747 2391 .
1791 2380 1803 2391 .
1847 2343 1970 2393 festa
2012 2382 2023 2392 .
2066 2381 2077 2392 .
2123 2381 2135 2393 .
2178 2344 2527 2394 Penthecostes
2568 2354 2615 2393 et

574 2436 737 2484 Sancti
778 2436 985 2486 Martini
1028 2476 1036 2484 .
1075 2475 1085 2485 .
1123 2476 1131 2484 .
1173 2435 1238 2485 Et
1278 2453 1369 2500 pro
1410 2436 1553 2485 firma
1593 2435 1797 2485 decimis
1839 2435 2123 2500 garbalibus
2164 2444 2213 2485 et
2252 2436 2613 2486 hulbandorum
2682 2434 2699 2469 *¹

575 2528 804 2577 oneribus
828 2546 886 2577 ac
911 2529 1136 2577 omnibus
1171 2529 1281 2577 aliis
1318 2528 1537 2579 seruiciis
1574 2567 1583 2577 .
1622 2568 1631 2577 .
1669 2568 1678 2578 .
1716 2529 1865 2577 ducet
1907 2566 1918 2577 .
1965 2566 1976 2577 .
2023 2566 2034 2576 .
2077 2529 2219 2578 nobis
2243 2538 2291 2578 et
2315 2529 2424 2578 loco
2450 2529 2614 2578 nostro

577 2621 655 2668 sex
678 2619 974 2683 plaustratus
999 2620 1099 2669 feni
1125 2630 1174 2670 et
1199 2621 1403 2670 totidem
1429 2621 1685 2685 glebarum
1711 2629 1902 2670 tantum
1939 2637 2031 2685 pro
2065 2621 2196 2669 omni
2231 2621 2330 2670 alia
2359 2623 2610 2671 exaaione

579 2748 589 2758 .
630 2747 641 2759 .
682 2748 693 2758 .
727 2727 820 2774 que
845 2712 906 2759 de
944 2748 955 2759 .
995 2749 1005 2759 .
1046 2749 1056 2759 .
1093 2712 1239 2762 terris
1278 2750 1288 2760 .
1328 2749 1338 2759 .
1379 2750 1390 2761 .
1428 2713 1559 2778 exigi
1582 2712 1766 2777 poterit
1801 2750 1811 2760 .
1848 2749 1859 2760 .
1897 2749 1907 2760 .
1942 2720 2148 2777 excepto
2174 2714 2306 2777 quod
2330 2712 2611 2763 submittent
2679 2706 2692 2722 ⁸

576 2802 622 2850 se
647 2802 834 2850 iuribus
858 2811 907 2851 et
932 2803 1080 2851 curiis
1109 2804 1287 2852 nostris
1313 2812 1366 2853 ut
1391 2806 1543 2854 ceteri
1571 2804 1813 2853 husbandi
1849 2830 1859 2840 ·
1895 2803 2132 2852 Preterea
2162 2804 2290 2852 dieto
2327 2804 2516 2853 Jacobo
2552 2806 2611 2853 de

575 2895 738 2943 medio
765 2894 950 2943 sublato
974 2894 1201 2943 Esobella
1224 2897 1395 2959 sponsa
1418 2897 1502 2946 sua
1539 2935 1549 2945 .
1587 2935 1598 2945 .
1636 2936 1645 2945 .
1685 2896 1839 2945 soluet
1862 2896 2004 2944 nobis
2041 2932 2052 2943 .
2092 2933 2102 2944 .
2138 2933 2148 2943 .
2185 2896 2440 2945 annuatim
2466 2914 2609 2945 vnam

577 2986 793 3034 celdram
817 2985 975 3034 farine
1000 2985 1282 3049 quindecim
1305 2986 1462 3036 bollas
1487 2988 1625 3036 ordei
1649 2997 1699 3037 et
1723 2995 1936 3053 quatuor
1951 2988 2108 3036 bollas
2129 2988 2366 3037 frumenti
2384 2990 2606 3037 mensure

574 3076 669 3124 fori
694 3076 939 3125 currentis
964 3084 1013 3125 et
1037 3076 1184 3125 ducet
1201 3077 1342 3125 nobis
1366 3085 1416 3126 et
1439 3077 1548 3126 loco
1573 3078 1740 3127 nostro
1765 3087 1865 3128 tres
1887 3079 2185 3144 plaustratus
2208 3079 2309 3128 feni
2334 3089 2383 3129 et
2407 3081 2607 3129 totidem

573 3168 828 3233 glebarum
872 3174 1061 3216 tantum
1103 3185 1192 3232 pro
1224 3169 1450 3217 omnibus
1483 3170 1637 3218 firmis
1672 3170 1875 3220 decimis
1910 3171 2128 3220 seruiciis
2165 3178 2214 3219 et
2246 3171 2606 3220 husbandorum
