2742 3848
525 374 623 427 492
978 362 1404 417 REGISTRUM
1438 361 1536 410 DE
1573 356 2130 407 ABERBROTHOC.

384 591 481 644 722
537 579 732 648 Abbas
757 593 984 643 concedit
1020 591 1203 640 Jonete
1245 585 1459 636 Tulloch
1484 584 1654 632 reliGte
1683 581 1906 648 magistri
1931 582 2103 631 Dauid
2140 582 2350 649 Gardyn
2388 584 2449 632 de
2491 583 2586 632 Co—

536 686 747 752 nansyth
772 694 821 735 et
846 683 1110 732 heredibus
1147 680 1242 727 suis
1275 676 1634 726 dimidietatem
1659 682 1902 724 terrarum
1942 675 2004 723 de
2031 674 2246 723 Tulloeh
2273 682 2322 723 et
2348 674 2586 740 Craquhy

537 787 744 843 excepto
774 774 1058 823 molendino
1096 780 1145 821 et
1182 770 1328 820 terris
1363 768 1579 817 eiusdem
1620 796 1635 806 ι
1672 783 1767 831 que
1807 766 2006 831 quidem
2045 766 2346 817 hereditarie
2388 766 2589 814 fuerunt

539 869 778 920 Willelmi
805 868 937 917 Wod
963 868 1024 915 de
1050 866 1315 914 Bonneton
1352 870 1402 911 et
1438 861 1726 925 Margarete
1754 858 1960 925 Ogyluy
1986 859 2151 907 vxoris
2180 859 2285 907 eius
2310 876 2367 907 ac
2391 875 2481 923 per
2506 875 2589 906 eos

537 963 778 1026 resignate
816 989 825 998 ·
864 957 1141 1008 Reddendo
1168 954 1284 1023 [etc.
1310 963 1364 1004 ut
1389 954 1536 1019 supra
1558 952 1657 1001 No.
1685 950 1807 1019 394]
1846 981 1856 991 -
1896 956 1924 999 8
1952 951 2075 1000 Maii
2106 955 2250 1005 1529.

393 1239 488 1289 723
540 1214 863 1297 Preeeptum
899 1229 1053 1278 safine
1087 1227 1327 1276 di&arum
1366 1234 1613 1275 terrarum
1643 1224 1882 1273 dire&um
1908 1222 2157 1271 Willelmo
2196 1222 2398 1272 Straton
2441 1252 2452 1262 ·
2495 1240 2596 1271 ma-

540 1327 691 1392 gistro
715 1322 933 1374 Patricio
962 1320 1174 1386 Gardyn
1200 1347 1210 1358 ·
1238 1326 1287 1367 et
1314 1317 1349 1367 J
1352 1318 1507 1367 acobo
1533 1317 1743 1382 Gardyn
1767 1316 1966 1365 balliuis
1988 1316 2044 1364 in
2066 1315 2160 1365 hac
2185 1324 2327 1381 parte
2364 1345 2374 1355 ·
2414 1321 2443 1364 8
2470 1315 2595 1365 Maii

544 1425 687 1474 1529.

396 1698 489 1749 724
546 1677 740 1750 Abbas
777 1696 1006 1745 concedit
1037 1694 1338 1744 hereditarie
1374 1692 1547 1743 Dauid
1584 1693 1793 1758 Gardyn
1836 1693 1898 1742 de
1943 1692 2075 1758 Leys
2115 1693 2308 1741 easdem
2344 1703 2503 1742 terras
2539 1695 2600 1742 de

550 1787 763 1837 Tulloch
803 1795 852 1836 et
891 1786 1128 1852 Craquhy
1154 1803 1244 1851 per
1279 1785 1315 1834 J
1318 1793 1516 1834 onetam
1544 1785 1760 1835 Tulloch
1784 1793 1994 1835 matrem
2019 1786 2234 1835 eiusdem
2258 1786 2429 1835 Dauid
2454 1788 2601 1853 refig-

550 1889 689 1929 natas
726 1909 736 1919 ·
772 1879 1071 1928 reseruando
1110 1878 1294 1928 Jonete
1330 1879 1543 1927 liberum
1580 1886 1917 1928 tenementum
1946 1878 2217 1943 vulgariter
2250 1878 2297 1943 ζμ
2313 1877 2603 1943 sramsiene-

552 1979 684 2020 ment
707 1972 915 2019 durante
938 1971 1036 2019 vita
1062 1971 1143 2019 sua
1167 1998 1177 2008 ·
1202 1971 1478 2020 Reddendo
1504 1969 1619 2037 [ete.
1645 1979 1699 2020 ut
1724 1971 1869 2035 supra
1894 1970 1991 2018 No.
2018 1970 2138 2035 394]
2178 1998 2187 2006 ·
2220 1977 2250 2024 9
2276 1970 2401 2020 Maii
2430 1975 2572 2026 1529..

408 2255 503 2305 725
555 2228 876 2315 Preceptum
914 2252 1062 2300 safine
1099 2253 1368 2301 earundem
1406 2252 1645 2300 diredmm
1671 2250 1920 2299 Willelmo
1960 2249 2162 2299 Straton
2188 2258 2237 2299 et
2269 2250 2379 2299 aliis
2411 2251 2606 2300 balliuis

558 2343 747 2391 abbatis
770 2343 822 2390 in
846 2343 940 2391 hae
964 2355 1104 2408 parte
1141 2371 1150 2380 ·
1188 2349 1219 2398 9
1244 2344 1369 2393 Maii
1398 2348 1545 2398 1529.

416 2620 512 2672 726
566 2599 759 2669 Abbas
794 2617 975 2667 ass'edat
1008 2635 1099 2682 pro
1136 2619 1465 2668 nouendeeim
1501 2620 1643 2668 annis
1678 2619 1848 2668 Dauid
1874 2620 2011 2669 Void
2035 2622 2096 2670 de
2124 2622 2287 2687 Crage
2325 2649 2334 2658 ·
2372 2622 2610 2671 Mariorie

569 2709 772 2759 Cullace
798 2709 902 2757 eius
927 2710 1095 2773 sponse
1132 2736 1141 2746 ·
1178 2710 1377 2776 Rogero
1403 2711 1540 2760 Void
1565 2728 1737 2760 eorum
1759 2712 1862 2761 filio
1900 2741 1910 2751 ·
1945 2714 2136 2778 suifilue
2161 2713 2408 2779 affignatis
2433 2724 2481 2763 et
2506 2717 2613 2764 sub-

567 2800 849 2850 tenentibus
871 2817 973 2848 non
998 2801 1199 2849 maioris
1225 2802 1377 2850 status
1407 2802 1676 2868 passagium
1701 2805 1763 2853 de
1788 2804 2017 2854 Montros
2042 2834 2053 2845 ·
2083 2805 2332 2855 Soluendo
2358 2808 2436 2855 lex
2461 2807 2612 2856 libras

567 2899 763 2940 monete
790 2890 963 2940 Scoeie
999 2918 1009 2928 ·
1046 2898 1094 2939 et
1129 2891 1440 2942 sustentando
1465 2912 1611 2944 vnam
1649 2898 1875 2962 cymbam
1900 2897 1951 2945 in
1977 2899 2299 2962 reparacione
2324 2908 2373 2948 et
2397 2899 2506 2947 aliis
2530 2917 2614 2948 ne-

572 2981 783 3031 cess'ariis
807 2983 937 3046 apud
963 2983 1142 3031 di&um
1168 2983 1437 3047 passagium
1475 3014 1484 3024 ·
1526 2992 1585 3034 14
1612 2987 1735 3036 Maii
1766 2992 1905 3043 1529.
