2762 3834
525 354 621 399 130
972 344 1400 398 REGISTRUM
1434 343 1531 392 DE
1567 338 2127 390 ABERBROTHOC.

522 490 692 532 rerent
713 489 763 530 et
787 498 870 529 eos
894 497 995 529 non
1032 480 1162 528 ultra
1198 477 1483 528 consuetum
1518 490 1608 539 per
1644 473 1767 521 alios
1804 470 2159 521 ecclesiasticos
2191 471 2300 519 fieri
2333 487 2433 519 non
2471 488 2581 537 gra-

524 582 702 623 uarent
725 601 736 612 ·
763 572 869 621 Nos
906 580 1025 621 tunc
1064 571 1128 619 ad
1165 567 1577 633 supplicacionem
1615 563 1764 628 ipsius
1804 563 2018 629 episcopi
2059 562 2428 612 Aberdonensis
2466 600 2477 610 .
2518 600 2528 610 .
2571 601 2580 611 .

526 665 752 730 episcopo
780 661 1066 727 Glasguensi
1092 662 1195 709 eius
1219 659 1422 725 proprio
1447 656 1648 705 nomine
1683 673 1786 705 non
1817 656 2037 720 expresso
2067 655 2178 704 aliis
2202 655 2380 704 nostris
2404 655 2583 704 litteris

526 757 736 805 dicimur
761 752 942 803 dedisse
967 755 1020 802 in
1045 751 1291 802 mandatis
1329 758 1382 798 ut
1421 747 1455 795 fi
1494 748 1681 798 uocatis
1718 748 1804 812 qui
1841 748 2007 797 forent
2044 747 2287 796 euocandi
2326 745 2412 796 sibi
2451 748 2584 811 quod

526 848 715 912 prefate
761 845 926 895 littere
975 861 1035 892 ex
1081 842 1211 891 falsis
1259 842 1412 891 caufis
1461 839 1759 890 emanassent
1807 839 2051 905 legittime
2099 839 2347 889 constaret
2393 839 2585 888 easdem

526 939 716 987 litteras
758 953 953 985 necnon
995 933 1325 984 concessiones
1364 971 1375 981 .
1415 971 1425 980 .
1467 971 1477 981 .
1517 950 1576 982 ac
1611 932 1708 981 alia
1744 932 1796 980 in
1839 932 1910 981 eis
1952 939 2187 981 contenta
2222 932 2386 996 quoad
2416 948 2585 996 parro-

529 1030 710 1079 chiales
735 1027 963 1077 ecclesias
998 1027 1051 1074 in
1083 1026 1288 1075 ciuitate
1313 1033 1363 1073 et
1387 1024 1567 1073 diocesi
1599 1023 1946 1073 Aberdonensi
1983 1023 2299 1073 consistentes
2338 1062 2348 1072 .
2389 1062 2399 1072 .
2440 1061 2451 1071 .
2489 1024 2587 1071 illis

530 1123 691 1186 quoad
727 1121 848 1170 alias
884 1120 937 1168 in
970 1119 1066 1167 suis
1103 1118 1292 1167 uiribus
1328 1117 1662 1182 permansuris
1698 1117 1902 1167 cassaret
1926 1126 1976 1167 et
2000 1118 2063 1166 ad
2087 1117 2198 1166 illas
2224 1119 2270 1166 se
2295 1135 2395 1165 non
2421 1124 2587 1165 exten-

531 1216 648 1263 dere
673 1214 944 1278 quinimmo
969 1213 1031 1260 ab
1055 1212 1126 1261 eis
1157 1219 1389 1276 exceptas
1425 1209 1518 1260 esse
1558 1246 1568 1258 .
1608 1247 1620 1257 .
1661 1248 1672 1258 .
1710 1209 1990 1259 declararet
2025 1219 2075 1260 et
2106 1209 2204 1258 alia
2246 1249 2254 1257 .
2298 1249 2306 1256 .
2351 1248 2359 1256 .
2401 1209 2588 1257 faceret

531 1315 678 1370 prout
710 1306 762 1353 in
791 1304 1041 1370 prioribus
1077 1311 1126 1352 et
1161 1302 1516 1367 posterioribus
1550 1302 1732 1352 litteris
1766 1340 1777 1352 .
1805 1340 1815 1350 .
1848 1341 1857 1350 .
1891 1302 2086 1367 plenius
2112 1302 2396 1351 continetur
2422 1330 2431 1340 ·
2461 1301 2589 1350 Cum

532 1409 695 1448 autem
727 1398 850 1447 sicut
885 1397 1106 1446 exhibita
1142 1397 1284 1444 nobis
1322 1412 1483 1460 nuper
1515 1413 1608 1462 pro
1631 1403 1774 1460 parte
1806 1395 1997 1445 abbatis
2021 1403 2070 1443 et
2095 1403 2372 1444 conuentus
2396 1395 2589 1459 predic-

532 1502 693 1542 torum
731 1491 914 1557 peticio
954 1490 1240 1539 continebat
1282 1489 1485 1538 ecclesie
1524 1489 1660 1537 vnite
1698 1487 1827 1536 disto
1866 1486 2165 1536 monasterio
2203 1487 2256 1535 in
2295 1486 2398 1551 ipsa
2433 1487 2589 1535 Aber-

533 1585 733 1634 donensi
759 1584 939 1633 diocesi
965 1582 1280 1632 consistentes
1305 1600 1405 1631 non
1432 1581 1693 1631 deterioris
1719 1579 2027 1629 condicionis
2051 1578 2146 1628 sint
2169 1596 2316 1644 quam
2342 1579 2438 1628 alie
2463 1579 2588 1627 diae

533 1677 737 1726 diocesis
777 1676 1114 1740 parrochiales
1161 1674 1363 1724 ecclesie
1411 1691 1583 1723 earum
1630 1674 1870 1738 qualitate
1911 1674 2127 1738 inspeeta
2173 1701 2182 1710 ·
2231 1692 2289 1722 ac
2337 1674 2590 1723 occasione

532 1768 857 1833 posteriorum
896 1767 1170 1816 litterarum
1218 1767 1412 1831 prefato
1455 1765 1650 1816 Thome
1696 1765 1923 1830 episcopo
1970 1764 2303 1815 concessarum
2350 1766 2588 1815 nonnulle

533 1861 665 1909 inter
689 1877 800 1908 eum
825 1877 885 1907 ex
910 1876 1006 1907 vna
1043 1877 1101 1907 ac
1140 1860 1367 1907 abbatem
1406 1866 1456 1907 et
1494 1866 1795 1907 conuentum
1829 1858 2048 1922 prefatos
2084 1874 2144 1906 ex
2183 1859 2341 1907 altera
2367 1858 2590 1923 partibus

537 1970 700 2001 coram
734 1991 743 2000 .
782 1992 790 1999 .
829 1990 837 1999 .
874 1951 1101 2016 episcopo
1141 1951 1429 2016 Glasguenfi
1469 1951 1582 2000 lites
1621 1959 1728 1999 orte
1763 1951 1951 1999 fuerint
1975 1978 1985 1989 ·
2006 1967 2098 2015 pro
2134 1959 2276 2015 parte
2314 1952 2505 2000 abbatis
2541 1959 2589 1998 et

537 2051 808 2092 conuentus
836 2043 1168 2108 predffiorum
1202 2043 1344 2092 nobis
1379 2043 1473 2092 fuit
1506 2043 1760 2092 humiliter
1792 2042 2118 2109 supplicatum
2154 2051 2208 2092 ut
2240 2043 2489 2107 prioribus
2520 2043 2590 2091 eis

538 2135 769 2183 conceffis
793 2134 972 2184 litteris
997 2152 1054 2183 ac
1094 2152 1264 2183 earum
1305 2135 1477 2200 uigore
1515 2135 1658 2183 fastis
1694 2134 2082 2184 inhibicionibus
2116 2142 2165 2183 et
2185 2133 2485 2199 processibus
2509 2135 2590 2182 de·

536 2227 678 2290 super
711 2226 892 2275 habitis
931 2228 1095 2290 quoad
1133 2226 1361 2276 ecclesias
1400 2226 1487 2292 ipsi
1525 2226 1824 2275 monasterio
1862 2227 2028 2275 unitas
2072 2234 2214 2274 extra
2250 2226 2503 2274 ciuitatem
2542 2234 2591 2273 et

538 2319 763 2368 diocesim
808 2320 1209 2369 Aberdonensem
1253 2320 1569 2370 consistentes
1609 2319 1762 2367 robur
1802 2318 2070 2383 apostolice
2111 2318 2328 2366 adiicere
2370 2336 2428 2366 ac
2471 2318 2591 2366 alias

538 2413 682 2475 super
704 2412 799 2459 hiis
838 2450 849 2460 .
880 2450 890 2459 .
929 2450 939 2460 .
971 2412 1237 2476 prouidere
1270 2451 1280 2460 .
1313 2452 1323 2461 .
1363 2451 1373 2461 .
1405 2414 1726 2478 dignaremur
1751 2441 1762 2451 ·
1789 2428 1879 2459 nos
1913 2410 2068 2475 igitur
2099 2410 2354 2474 cupientes
2379 2418 2433 2458 ut
2458 2410 2587 2457 idem

541 2503 690 2550 abbas
715 2511 764 2551 et
789 2511 1061 2551 conuentus
1087 2503 1331 2551 Altiffimo
1356 2505 1407 2552 in
1430 2505 1791 2570 tranquillitate
1819 2504 2018 2569 spiritus
2052 2505 2138 2553 sua
2170 2512 2287 2553 uota
2309 2504 2589 2568 persoluere

548 2595 747 2643 valeant
785 2603 834 2643 et
870 2613 900 2643 a
935 2596 1208 2659 litigiorum
1246 2598 1409 2659 quoad
1446 2598 1554 2646 fieri
1599 2598 1760 2662 potest.
1796 2596 2142 2646 semoueantur
2178 2595 2494 2645 amfraffibus
2532 2614 2589 2645 ac

543 2687 717 2734 statum
754 2686 894 2734 cause
929 2686 1059 2734 inter
1096 2685 1341 2735 Thomam
1381 2689 1658 2753 episcopum
1698 2697 1748 2738 et
1785 2689 2011 2737 abbatem
2052 2705 2110 2736 ac
2147 2696 2446 2736 conuentum
2483 2705 2589 2751 pre·

543 2779 697 2826 disiaos
733 2776 1071 2841 premissorum
1110 2780 1361 2827 occasione
1398 2782 1638 2829 uertentis
1676 2782 1740 2830 ad
1777 2781 2095 2845 quoscunque
2123 2782 2259 2828 εᾶιιε
2294 2780 2347 2828 in
2370 2780 2457 2828 illa
2480 2797 2589 2844 pro-

545 2869 721 2918 cessum
754 2868 811 2917 fit
847 2869 1165 2933 priorumque
1199 2869 1477 2919 litterarum
1515 2872 1629 2936 ipsis
1664 2873 1831 2921 abbati
1867 2879 1916 2921 et
1951 2872 2220 2920 conuentui
2258 2864 2587 2920 concessarum

544 2971 766 3010 tenorem
801 2961 1105 3025 presentibus
1137 2977 1195 3009 ac
1219 2960 1254 3008 si
1279 2962 1340 3010 de
1372 2964 1525 3011 uerbo
1564 2964 1627 3011 ad
1665 2966 1869 3012 uerbum
1905 2964 2204 3013 insereretur
2243 2981 2335 3028 pro
2371 2963 2588 3028 expresso

543 3054 781 3102 habentes
826 3052 1102 3100 huiusmodi
1150 3052 1595 3116 supplicacionibus
1640 3054 1869 3104 inclinati
1909 3057 2100 3120 priores
2146 3056 2337 3104 litteras
2374 3055 2589 3119 prefatas

546 3163 603 3194 ac
628 3145 932 3193 uoluntatem
967 3181 977 3191 .
1006 3182 1014 3190 .
1050 3180 1059 3189 .
1098 3153 1147 3192 et
1176 3143 1272 3192 alia
1308 3143 1523 3206 quelibet
1558 3144 1609 3192 in
1636 3145 1706 3193 eis
1731 3154 1963 3196 contenta
1994 3163 2188 3196 necnon
2225 3164 2393 3195 earum
2419 3147 2588 3210 uigore
