2762 3834
30 1028 119 1078 360

607 342 1034 394 REGISTRUM
1067 343 1164 392 DE
1200 343 1756 400 ABERBROTHoo.
1951 325 1953 327 ’
2072 390 2075 393 -
2106 364 2201 415 295

169 484 271 525 tum
309 513 319 523 .
359 511 371 522 .
410 510 422 522 .
458 475 610 539 Apud
628 475 978 523 monasterium
1019 513 1030 524 .
1075 511 1089 525 .
1128 512 1139 523 .
1184 477 1299 524 xxvi
1331 478 1409 527 die
1439 481 1613 529 menfis
1638 481 1826 546 Aprilis
1846 502 1974 534 anno
1998 486 2200 538 Domini

169 574 235 617 m⁰
254 572 389 617 cccc⁰
411 565 726 631 nonagesimo
752 566 900 615 sexto,

170 817 561 888 Innerlownane
586 836 829 886 affedatur
853 834 1074 885 Roberto
1102 834 1313 885 Guthre.

172 1056 183 1067 .
221 1056 233 1066 .
273 1056 285 1067 .
327 1017 503 1067 Pateat
550 1055 561 1066 .
609 1055 621 1066 .
670 1054 682 1066 .
728 1033 819 1064 nos
865 1014 1037 1063 Dauid
1073 1053 1082 1063 .
1121 1053 1130 1063 .
1168 1053 1178 1063 .
1215 1012 1441 1063 abbatem
1477 1054 1486 1064 .
1523 1054 1534 1065 .
1571 1055 1580 1065 .
1617 1017 1678 1066 de
1718 1019 2048 1071 Abirbrothoc
2087 1060 2098 1071 .
2139 1061 2150 1072 .
2189 1062 2200 1073 .

168 1108 392 1158 affedafl'e
438 1147 448 1157 .
495 1147 506 1157 .
553 1146 564 1156 .
607 1108 828 1157 Roberto
853 1105 1048 1155 Gruthre
1084 1111 1134 1154 et
1169 1105 1265 1153 suis
1302 1106 1547 1172 affignatis
1591 1146 1602 1157 .
1641 1147 1652 1158 .
1693 1148 1703 1158 .
1746 1111 2006 1161 dummodo
2032 1115 2201 1164 admit-

169 1209 337 1250 tantur
360 1218 451 1265 per
474 1217 564 1248 nos
609 1236 619 1246 .
666 1237 677 1248 .
724 1236 735 1247 .
779 1205 829 1248 et
854 1197 989 1262 quod
1011 1214 1113 1245 non
1137 1195 1233 1245 fint
1267 1198 1466 1247 maioris
1488 1200 1742 1264 potestatis
1766 1220 1911 1267 quam
1933 1205 2033 1269 ipse
2076 1243 2087 1254 .
2132 1244 2142 1254 .
2189 1245 2200 1254 .

166 1302 323 1343 terras
358 1292 548 1341 nostras
590 1299 640 1340 et
681 1290 895 1340 decimas
929 1289 1157 1356 garbales
1193 1290 1254 1338 de
1290 1289 1654 1341 Innerlovnane
1698 1332 1708 1342 .
1754 1333 1764 1342 .
1810 1332 1820 1343 .
1861 1313 1951 1359 pro
1982 1298 2202 1346 terminis

167 1387 505 1434 nouendecem
547 1401 791 1433 annorum
835 1420 846 1431 .
894 1421 904 1431 .
951 1419 962 1431 .
1012 1381 1262 1430 Soluendo
1306 1419 1317 1430 .
1358 1420 1368 1431 .
1409 1420 1419 1431 .
1461 1401 1550 1448 pro
1596 1385 1737 1433 firma
1774 1394 1823 1435 et
1862 1387 2052 1437 decima
2088 1426 2099 1436 .
2138 1426 2149 1437 .
2189 1426 2200 1437 .

167 1478 384 1542 quinque
410 1477 603 1526 celdras
627 1475 800 1524 mundi
823 1474 938 1539 puri
973 1473 1089 1522 ficci
1125 1482 1175 1523 et
1208 1474 1327 1522 boni
1364 1475 1491 1523 ordii
1526 1483 1575 1525 et
1608 1476 1886 1526 sufficientis
1920 1479 2104 1528 farrine
2140 1481 2200 1528 de

166 1569 396 1619 mensura
434 1569 531 1617 fori
573 1566 818 1617 currentis
858 1567 922 1615 ad
962 1565 1199 1614 terminos
1240 1603 1250 1614 .
1291 1602 1302 1614 .
1342 1603 1352 1614 .
1390 1566 1609 1615 soluendi
1644 1568 1897 1617 consuetos
1941 1598 1952 1609 ·
1994 1571 2200 1620 termino

168 1679 285 1711 vero
310 1662 542 1711 introitus
587 1699 597 1709 .
641 1699 651 1709 .
693 1698 703 1709 .
745 1659 1018 1724 incipiente
1044 1659 1125 1707 die
1151 1658 1317 1706 datam
1340 1658 1649 1722 presencium
1672 1659 1950 1709 immediate
1975 1661 2202 1726 sequente

167 1793 176 1802 .
203 1793 211 1802 .
239 1794 248 1802 .
274 1753 340 1802 Et
365 1754 482 1818 quia
505 1753 688 1801 dictum
713 1752 986 1800 Robertum
1014 1757 1063 1798 et
1088 1750 1192 1798 eius
1211 1748 1471 1815 affignatos
1491 1751 1710 1815 equitare
1733 1751 1982 1800 nobiscum
2005 1753 2204 1802 honeste

166 1853 218 1893 vt
254 1846 397 1893 decet
433 1861 641 1893 onerare
675 1843 978 1893 intendimus
1002 1842 1049 1890 le
1073 1841 1208 1907 bugh
1245 1841 1534 1906 accipiendo
1565 1843 1626 1891 de
1659 1843 1795 1891 curia
1830 1844 2038 1892 eundem
2082 1882 2092 1892 .
2137 1882 2147 1893 .
2193 1883 2203 1893 .

167 1946 215 1986 et
251 1937 356 1985 eius
393 1936 654 2001 affignatos
698 1973 709 1984 ,
755 1973 766 1984 .
813 1973 823 1983 .
868 1936 929 1983 ab
971 1933 1196 1982 omnibus
1230 1933 1595 1982 hufbandorum
1631 1935 1860 1983 oneribus
1895 1935 2202 1984 relaxamus·

168 2010 373 2092 excepto
398 2029 532 2092 quod
553 2021 736 2077 ducent
770 2065 780 2076 .
818 2064 828 2075 .
863 2063 876 2075 .
908 2026 1100 2092 tegulas
1122 2027 1186 2074 ad
1206 2026 1552 2074 monasterium
1582 2064 1593 2074 .
1621 2062 1633 2073 .
1661 2064 1673 2075 .
1707 2028 1901 2091 quando
1923 2045 1952 2075 a
1972 2028 2202 2093 lapicidio

166 2121 274 2169 sunt
299 2122 522 2169 ducende
549 2150 559 2160 ·
586 2127 794 2185 excepta
817 2119 976 2168 eciam
1000 2118 1165 2167 nostre
1190 2118 1464 2183 regalitatis
1487 2118 1819 2167 iurisdictione
1850 2148 1861 2158 ·
1893 2119 1954 2167 In
1979 2120 2200 2168 omnibus

168 2213 315 2261 curiis
348 2212 562 2276 querelis
595 2220 644 2261 et
675 2211 869 2277 placitis
898 2211 1079 2259 nostris
1111 2210 1337 2259 tenendis
1374 2210 1556 2258 ibidem
1594 2217 1909 2275 compareant
1944 2218 1992 2260 et
2026 2213 2198 2260 sectam

168 2322 476 2354 communem
509 2304 669 2352 forma
710 2304 878 2353 debita
909 2311 958 2352 et
992 2302 1134 2352 solita
1167 2301 1386 2350 faciant·
1411 2300 1478 2350 Et
1502 2301 1534 2349 fi
1569 2338 1580 2349 .
1617 2338 1628 2349 .
1664 2337 1675 2349 .
1708 2301 1835 2350 male
1869 2301 2198 2366 persoluentes

274 2435 284 2444 .
330 2397 409 2445 vel
449 2435 459 2445 .
503 2436 511 2445 .
557 2436 566 2445 .
609 2396 830 2445 iniuriofi
867 2436 877 2445 .
915 2435 924 2444 .
962 2435 971 2445 .
1010 2395 1265 2444 extiterint
1290 2395 1457 2444 licebit
1480 2394 1622 2442 nobis
1657 2434 1667 2442 .
1707 2431 1718 2442 .
1755 2434 1765 2443 .
1808 2395 1868 2443 de
1905 2431 1917 2443 .
1957 2431 1967 2440 .
2006 2432 2018 2443 .
2054 2396 2197 2444 terris

166 2496 214 2537 et
237 2489 441 2537 decimis
465 2489 530 2537 ad
566 2526 577 2537 .
619 2526 629 2536 .
671 2526 681 2536 .
718 2488 913 2537 libitum
951 2525 963 2536 .
1002 2524 1014 2536 .
1055 2525 1066 2536 .
1104 2487 1362 2552 disponere
1401 2524 1412 2534 .
1451 2523 1462 2534 .
1502 2523 1513 2534 .
1551 2485 1661 2535 Nec
1684 2485 1853 2534 licebit
1888 2485 2027 2534 dietis
2071 2523 2082 2534 .
2128 2523 2139 2534 .
2184 2524 2195 2534 .

165 2580 377 2644 prefatas
425 2619 434 2629 .
485 2620 493 2629 .
544 2619 553 2628 .
601 2587 760 2629 terras
801 2587 850 2629 et
891 2579 1108 2628 decimas
1144 2579 1293 2628 alicui
1334 2617 1344 2627 .
1389 2616 1400 2626 .
1445 2615 1457 2627 .
1500 2577 1714 2627 affedare
1751 2615 1764 2626 .
1803 2615 1813 2626 .
1851 2617 1860 2627 .
1897 2577 1995 2626 fine
2033 2578 2196 2626 nostra

164 2670 376 2720 licencia
413 2709 423 2720 .
463 2709 474 2720 .
515 2708 526 2720 .
564 2672 764 2721 cotariis
804 2709 816 2720 .
854 2709 865 2720 .
905 2708 916 2719 .
954 2671 1173 2736 exceptis
1214 2711 1223 2720 .
1268 2708 1280 2719 .
1326 2708 1338 2719 .
1380 2670 1531 2735 Apud
1562 2669 1896 2719 Abirbrothoc
1920 2677 2094 2734 quarto
2119 2670 2195 2718 die

166 2762 339 2812 menfis
363 2763 398 2812 J
401 2763 506 2813 unii
530 2781 662 2814 anno
687 2763 894 2813 Domini
918 2770 986 2812 m⁰
1010 2770 1145 2812 cccc⁰
1168 2761 1482 2827 nonagesimo
1506 2762 1653 2811 sexto.
