2762 3834
367 786 460 831 100

513 378 577 422 84
959 367 1385 421 REGISTRUM
1419 366 1517 415 DE
1555 361 2117 413 ABERBROTHOC.

515 577 800 649 Affedacio
826 611 1102 644 annuorum
1127 592 1411 641 reddituum
1436 587 1780 638 communitati
1803 587 2183 653 pertinencium.

513 759 790 833 Uniuerfis
824 786 993 842 pateat
1027 815 1036 825 .
1071 816 1080 825 .
1117 815 1127 825 .
1160 793 1250 823 nos
1292 774 1563 822 Ricardum
1591 811 1600 821 .
1635 811 1644 821 .
1678 811 1687 821 .
1726 773 1958 830 abbatem
1989 813 1999 822 .
2032 813 2042 823 .
2080 814 2090 823 .
2124 775 2186 823 de
2230 774 2571 825 Abirbrothoc

514 912 522 921 .
560 912 569 921 .
604 910 613 920 .
640 869 875 935 periculis
895 867 1234 932 corporalibus
1252 874 1300 914 et
1322 863 1543 929 expenfis
1563 863 1885 913 eonfideratis
1917 904 1926 914 .
1962 905 1971 914 .
2006 904 2015 915 .
2054 883 2176 930 quas
2210 906 2219 915 .
2258 906 2267 916 .
2299 907 2308 917 .
2343 868 2572 916 dominus

512 963 790 1013 Malcomus
810 960 967 1025 Bridy
991 959 1129 1023 prior
1154 959 1216 1007 de
1241 957 1380 1023 Fyve
1405 974 1496 1022 pro
1527 996 1536 1005 .
1566 996 1575 1005 .
1606 997 1616 1005 .
1651 960 1910 1006 commodo
1947 966 1997 1007 et
2032 960 2420 1024 recuperacione
2455 978 2573 1026 quo-

510 1055 719 1104 rundam
745 1068 1023 1102 annuorum
1047 1050 1331 1099 reddituum
1369 1057 1419 1098 et
1455 1058 1705 1098 certarum
1737 1058 1987 1099 terrarum
2019 1052 2164 1100 nobis
2189 1081 2204 1102 ·.
2239 1093 2249 1102 .
2284 1093 2293 1102 .
2319 1054 2572 1118 pertinen·

510 1149 639 1198 cium
681 1145 882 1195 sustinet
918 1152 1003 1194 aut
1038 1183 1047 1193 .
1089 1183 1097 1193 .
1138 1183 1147 1193 .
1187 1143 1444 1192 sustinebit
1485 1143 1738 1207 prediems
1767 1183 1776 1193 .
1810 1183 1820 1193 .
1854 1184 1863 1194 .
1896 1145 2123 1194 redditus
2165 1153 2215 1194 et
2258 1154 2417 1195 terras
2457 1186 2466 1196 .
2512 1186 2520 1195 .
2563 1187 2571 1195 .

507 1241 697 1306 prefato
723 1238 973 1287 Malcomo
1012 1277 1021 1286 .
1058 1277 1067 1286 .
1106 1276 1115 1286 .
1153 1254 1245 1301 pro
1271 1236 1543 1285 eorundem
1565 1238 1956 1302 recuperacione
1987 1279 1997 1289 .
2035 1278 2044 1288 .
2078 1279 2087 1288 .
2122 1240 2185 1288 ad
2220 1240 2572 1288 monasterium

509 1333 727 1382 nostrum
760 1372 770 1381 .
808 1372 817 1380 .
855 1372 865 1381 .
899 1331 1063 1396 quoad
1105 1330 1300 1378 uiueret
1337 1368 1345 1378 .
1380 1368 1389 1378 .
1427 1369 1436 1379 .
1470 1330 1658 1378 donare
1683 1361 1693 1371 ·
1720 1332 1793 1380 ita
1816 1339 1984 1381 tamen
2006 1334 2141 1397 quod
2180 1333 2290 1398 post
2328 1333 2572 1382 decessum

509 1466 517 1475 .
551 1466 560 1475 .
595 1466 604 1475 .
635 1424 872 1473 Malcomi
896 1422 1078 1488 prefati
1103 1422 1255 1471 annui
1288 1422 1514 1470 redditus
1552 1430 1601 1471 et
1636 1430 1771 1472 terre
1808 1425 1872 1473 ad
1902 1425 2203 1474 monachum
2230 1425 2291 1474 de
2321 1426 2572 1474 communi

508 1518 624 1567 diffl
664 1516 950 1565 monasterii
991 1516 1043 1564 in
1087 1515 1336 1564 communi
1374 1515 1702 1565 distribuendi
1751 1557 1761 1566 .
1806 1557 1815 1568 .
1865 1557 1874 1567 .
1928 1526 2249 1567 reuertantur
2292 1549 2302 1560 -
2344 1518 2571 1576 Quorum

508 1627 783 1659 annuorum
809 1609 1094 1658 reddituum
1120 1616 1169 1658 et
1193 1616 1440 1657 terrarum
1457 1608 1663 1658 nomina
1682 1610 1891 1659 inferius
1907 1610 2270 1676 subsequuntur
2287 1642 2297 1652 ·
2315 1610 2376 1659 In
2401 1611 2574 1675 primis

508 1702 576 1750 xii
600 1703 644 1751 d.
671 1703 732 1750 de
757 1701 907 1750 Dune
934 1730 943 1740 ·
970 1700 1098 1750 Item
1123 1702 1175 1750 in
1202 1701 1321 1750 villa
1346 1702 1407 1749 de
1434 1700 1664 1750 Montros
1689 1702 1725 1750 ii
1750 1720 1784 1751 s.
1856 1702 1986 1752 Item
2020 1703 2075 1751 in
2098 1703 2146 1751 le
2171 1703 2324 1752 Knox
2351 1703 2439 1751 xiii
2464 1721 2498 1753 s,
2526 1712 2574 1752 et

508 1798 582 1846 iiii
608 1798 651 1846 d.
721 1796 850 1846 Item
889 1797 942 1845 in
983 1797 1103 1846 villa
1141 1798 1202 1846 de
1246 1797 1427 1863 Berwy
1452 1797 1639 1845 viset
1669 1795 1758 1844 viii
1794 1796 1838 1845 d.
1911 1795 2040 1846 Item
2075 1796 2130 1844 in
2165 1796 2287 1845 villa
2324 1797 2386 1845 de
2431 1795 2574 1846 Colle

509 1891 584 1940 iiii
608 1908 641 1940 s.
714 1890 841 1939 Item
865 1891 918 1938 in
944 1890 1063 1939 villa
1099 1891 1160 1939 de
1184 1890 1413 1939 Abirden
1438 1889 1541 1939 xvii
1566 1907 1600 1937 s.
1671 1887 1801 1937 Item
1826 1888 1879 1936 in
1904 1888 2025 1937 villa
2049 1889 2111 1938 de
2148 1889 2496 1955 Kyncaldrum
2521 1890 2573 1938 in

509 1983 718 2048 Mernys
742 1982 778 2030 ii
803 2000 836 2031 S.
908 1982 1034 2031 Item
1058 1982 1109 2030 in
1131 1983 1248 2031 villa
1273 1983 1333 2031 de
1354 1981 1630 2031 Auchneve
1649 1979 1749 2029 vis.
1778 1988 1826 2029 et
1844 1980 1931 2030 viii
1957 1982 2001 2030 d.
2073 1980 2203 2030 Item
2220 1982 2282 2030 de
2301 1982 2575 2047 Montbrey

511 2083 559 2124 et
599 2074 870 2140 Gammery
906 2075 962 2123 iii
998 2093 1032 2124 s.
1059 2084 1108 2124 et
1131 2075 1205 2123 iiii
1231 2076 1275 2124 d.
1348 2074 1477 2124 Item
1514 2075 1576 2122 de
1609 2072 1799 2122 vicaria
1833 2074 1895 2121 de
1933 2072 1981 2122 T
1984 2091 2140 2123 arwas
2174 2075 2394 2140 quinque
2422 2075 2575 2124 libras

510 2167 558 2215 vi
584 2184 617 2215 s.
645 2175 693 2216 et
718 2167 805 2216 viii
829 2168 873 2216 d.
936 2167 1062 2216 Item
1089 2169 1150 2216 de
1176 2175 1311 2217 terra
1334 2166 1663 2216 ecclefiastica
1687 2166 1749 2213 de
1785 2165 2135 2216 Abbirkerdor
2169 2167 2388 2232 quinque
2423 2168 2575 2217 libras

510 2277 655 2324 quam
675 2268 811 2308 tenet
836 2261 1050 2309 vicarius
1076 2261 1290 2309 eiusdem
1318 2290 1327 2299 ·
1348 2260 1476 2309 Item
1497 2259 1551 2308 in
1578 2257 1698 2307 villa
1722 2258 1784 2307 de
1807 2257 1998 2308 Colane
2023 2277 2086 2307 xx
2113 2260 2161 2308 d.
2232 2258 2359 2309 Item
2379 2260 2432 2308 in
2458 2260 2577 2309 villa

511 2352 571 2400 de
597 2351 732 2400 Banf
750 2352 785 2400 ii
812 2370 850 2401 s.
922 2351 1051 2402 Item
1074 2353 1127 2401 in
1152 2353 1355 2419 Kyntor
1378 2353 1415 2400 ii
1441 2370 1475 2401 s.
1547 2351 1677 2400 Item
1700 2351 1754 2399 in
1779 2350 1947 2417 Elgyn
1977 2351 2014 2400 ii
2050 2369 2089 2400 s.
2160 2351 2287 2401 Item
2323 2353 2384 2401 de
2421 2352 2576 2402 Fores

511 2451 561 2492 et
585 2443 729 2491 Narn
752 2444 828 2491 iiii
848 2461 886 2492 s.
955 2444 1083 2493 Item
1108 2445 1370 2493 decimalia
1394 2444 1553 2494 alleca
1576 2445 1638 2493 de
1663 2443 1909 2493 Innernes
1933 2471 1944 2482 ·
1968 2443 2098 2493 Item
2123 2445 2367 2494 decimam
2391 2445 2576 2495 molen-

514 2534 744 2582 dinorum
769 2535 983 2583 eiusdem
1008 2536 1123 2584 ville
1149 2565 1159 2574 ·
1187 2536 1316 2585 Item
1340 2537 1390 2585 xl
1415 2555 1449 2585 S.
1477 2537 1538 2585 de
1562 2537 1729 2586 rotulo
1764 2536 1983 2602 paschali
2016 2537 2134 2586 ville
2169 2538 2390 2602 predifflae
2412 2564 2423 2576 ·
2448 2537 2576 2587 Item

515 2634 699 2674 terram
724 2627 785 2675 de
806 2627 977 2676 Bovch
999 2656 1009 2666 ·
1036 2628 1162 2677 Item
1179 2629 1268 2677 xiii
1290 2647 1328 2677 s.
1350 2637 1399 2678 et
1412 2630 1487 2677 iiii
1504 2630 1552 2678 d.
1571 2631 1632 2678 de
1650 2640 1786 2679 terra
1806 2631 1868 2678 de
1888 2630 2116 2679 Ardlach
2135 2629 2188 2677 in
2207 2629 2255 2678 16
2275 2629 2541 2679 Gariowch
2567 2658 2577 2669 ·

515 2717 643 2767 Item
669 2736 885 2767 annuum
910 2718 1130 2768 nostrum
1162 2721 1222 2769 de
1260 2721 1391 2770 Vres
1429 2722 1483 2770 in
1522 2723 1569 2771 le
1612 2722 1823 2788 Mernys
1850 2753 1860 2764 ·
1886 2722 2015 2771 Item
2054 2721 2315 2771 Fothneve
2354 2722 2442 2770 xiii
2467 2740 2502 2772 s.
2529 2732 2578 2772 et

516 2810 590 2858 iiii
611 2810 659 2858 d.
720 2810 845 2858 Item
871 2811 924 2858 in
949 2809 1083 2859 Park
1108 2812 1169 2860 de
1194 2812 1346 2878 Kelly
1372 2814 1420 2862 vi
1447 2832 1480 2863 s.
1508 2821 1557 2862 et
1581 2815 1667 2863 viii
1693 2817 1739 2864 d.
1762 2846 1773 2856 ·
1799 2832 1858 2863 ac
1878 2832 2050 2863 omnes
2067 2815 2190 2863 alios
2206 2831 2398 2863 annuos
2414 2816 2578 2864 reddi-

518 2910 596 2950 tus
620 2902 762 2949 nobis
797 2938 810 2950 .
859 2939 870 2950 .
916 2939 926 2950 .
963 2903 1269 2966 pertinentes
1308 2942 1318 2952 .
1366 2931 1378 2954 .-
1423 2942 1434 2953 .
1469 2906 1520 2954 in
1540 2907 1764 2971 partibus
1790 2905 2172 2956 vltramontanis
2223 2944 2234 2955 .
2287 2944 2298 2956 .
2351 2944 2362 2956 .
2409 2916 2578 2972 preter

518 3011 708 3043 annuos
754 2994 979 3043 redditus
1026 2996 1087 3042 de
1127 2995 1593 3063 Banchorydevyne
1621 3028 1631 3038 ·
1655 3008 1705 3048 et
1743 3000 1805 3048 de
1850 2999 2189 3049 Scottistoun·
2215 2998 2439 3065 Forglen
2475 3029 2487 3040 ·
2524 3010 2575 3050 et

517 3086 845 3152 Innerbundy
871 3113 881 3123 ·
905 3086 1181 3135 Reddendo
1227 3125 1237 3135 .
1274 3126 1284 3136 .
1328 3125 1339 3137 .
1378 3090 1612 3154 magistro
1647 3092 1709 3140 de
1743 3092 1995 3141 communi
2024 3092 2312 3142 monasterii
2341 3093 2578 3142 antedicti

638 3216 651 3229 .
696 3179 799 3227 xxii
823 3196 857 3229 s,
884 3180 1145 3229 duodecim
1171 3180 1342 3245 ciphos
1366 3182 1654 3246 anglicanos
1680 3191 1729 3233 et
1754 3185 1926 3233 decem
1949 3192 2117 3250 petras
2154 3185 2281 3235 casei
2330 3223 2342 3234 .
2388 3223 2399 3234 .
2450 3223 2462 3234 .
2517 3185 2577 3234 In
