2762 3834
459 1332 550 1384 173

463 2410 553 2460 174

604 386 695 430 154
1044 367 1464 425 REGISTRUM
1500 365 1596 414 DE
1633 360 2187 412 ABERBROTHOC.

716 550 726 559 .
770 511 832 559 ad
859 510 990 556 vrum
1149 542 1158 551 .
1202 494 1758 550 monasteriiannuatim
1804 530 1813 540 .
1859 531 1869 540 .
1917 530 1927 540 .
1972 493 2091 541 Etfi
2118 494 2297 543 eisdem
2324 495 2526 558 aliquod
2555 496 2641 543 im-

600 603 933 667 pedimentum
962 635 971 645 .
1002 634 1022 659 ,ι
1040 633 1050 643 .
1077 596 1138 643 de
1161 591 1381 657 predi&o
1406 586 1659 651 lapiscidio
1697 622 1707 632 .
1749 622 1759 631 .
1796 621 1805 631 .
1844 600 1933 648 per
1957 584 2272 648 quoscunque
2297 592 2639 651 attemptatum

602 691 749 740 fuerit
781 689 891 736 volo
935 724 945 734 .
991 723 1001 733 .
1047 722 1057 732 .
1092 683 1222 747 quod
1257 696 1347 744 per
1383 677 1635 726 censuram
1673 672 2047 723 ecclesiasticam
2084 675 2247 724 arcius
2283 677 2640 741 compellantur

742 817 751 826 .
809 777 960 841 Apud
1007 771 1339 822 Abirbrothoc
1381 768 1516 816 xxvi⁰
1562 766 1642 814 die
1694 765 1872 814 mensis
1919 764 2212 815 Decembris
2260 784 2389 816 anno
2437 767 2639 816 Domini

603 878 669 920 m⁰
693 875 825 918 0000ο
844 866 1135 930 sexagesimo
1161 863 1309 910 sexto.

603 1122 701 1192 De
725 1138 928 1188 subsidio
950 1139 1065 1185 dato
1090 1136 1316 1199 episcopo
1345 1132 1712 1186 Sanfflandree.

604 1300 906 1372 Uniuerfis.
937 1356 946 1365 .
974 1357 982 1365 .
1004 1316 1250 1365 Patricius
1277 1352 1287 1363 .
1319 1352 1328 1361 .
1360 1352 1369 1361 .
1396 1314 1650 1378 episcopus
1679 1314 2030 1365 Sanctiandree
2055 1315 2257 1364 salutem
2283 1353 2292 1361 .
2318 1353 2326 1361 .
2355 1353 2362 1361 .
2386 1312 2641 1360 Noueritis

601 1428 688 1459 nos
712 1408 943 1474 recepisse
966 1425 1056 1472 per
1079 1423 1254 1455 manus
1280 1443 1290 1453 .
1317 1443 1328 1455 .
1356 1444 1364 1453 .
1393 1404 1650 1454 Malcolmi
1677 1446 1684 1454 .
1713 1447 1722 1455 .
1751 1445 1761 1455 .
1789 1408 1979 1456 abbatis
2006 1444 2017 1455 .
2044 1447 2052 1455 .
2083 1446 2092 1455 .
2119 1408 2180 1454 de
2201 1405 2537 1454 Abirbrothoc
2563 1443 2571 1451 .
2595 1442 2605 1452 .
2627 1440 2637 1450 .

599 1505 827 1552 summam
855 1508 1052 1549 centum
1087 1497 1338 1562 sexaginta
1371 1496 1610 1544 librarum
1635 1497 1812 1546 vsualis
1847 1507 2043 1547 monete
2068 1498 2209 1563 regni
2238 1495 2408 1545 Scocie
2432 1512 2524 1559 pro
2551 1535 2558 1543 .
2589 1532 2599 1541 .
2629 1532 2638 1541 .

602 1594 860 1643 caritatiuo
886 1591 1090 1639 subfidio
1125 1589 1267 1637 nobis
1303 1589 1351 1636 in
1385 1588 1711 1653 afl'umpcione
1735 1589 1901 1638 nostra
1924 1590 1988 1638 ad
2011 1588 2262 1638 ecclefiam
2290 1586 2642 1636 Sanfflandree

603 1686 663 1733 de
688 1683 901 1733 ecclesiis
923 1722 932 1730 .
959 1719 969 1729 .
995 1719 1005 1729 .
1030 1681 1219 1729 abbatis
1247 1718 1256 1727 .
1287 1718 1296 1727 .
1327 1717 1337 1727 .
1362 1680 1494 1727 infra
1528 1679 1745 1728 nostram
1770 1679 1999 1728 diocesim
2032 1678 2348 1728 existentibus
2370 1677 2535 1726 debito
2561 1716 2568 1724 .
2594 1716 2603 1723 .
2629 1714 2639 1723 .

602 1776 750 1839 Apud
777 1772 1241 1822 San&umandream
1264 1770 1490 1818 vicesimo
1515 1788 1647 1819 nono
1672 1771 1753 1820 die
1774 1770 1949 1819 mensis
1970 1770 2262 1820 Decembris
2284 1786 2413 1818 anno
2435 1767 2640 1816 Domini

603 1864 855 1914 millesimo
878 1860 1354 1927 quadringentesimo
1381 1861 1673 1925 sexagesimo
1698 1864 1830 1912 sexto
1855 1871 1905 1912 et
1926 1862 2305 1912 consecrationis
2326 1861 2490 1909 nostre
2510 1876 2639 1907 anno

605 1959 773 2006 tercio.

607 2204 814 2274 Littera
838 2222 1003 2271 saisine
1026 2223 1265 2287 perticate
1290 2231 1422 2272 terre
1446 2223 1498 2271 in
1525 2231 1632 2271 orto
1658 2221 2006 2271 elemosinarie.

606 2387 676 2457 In
700 2408 797 2455 Dei
820 2407 1017 2454 nomine
1041 2422 1182 2454 amen
1203 2433 1212 2442 ·
1236 2406 1330 2453 Per
1354 2405 1447 2453 hoc
1476 2443 1486 2452 .
1516 2443 1526 2453 .
1556 2442 1566 2453 .
1593 2414 1760 2470 pateat
1785 2445 1793 2454 .
1823 2444 1833 2454 .
1863 2444 1873 2454 .
1900 2407 2032 2470 quod
2054 2423 2183 2455 anno
2205 2407 2266 2454 ab
2287 2407 2637 2455 incarnacione

607 2498 810 2544 Domini
847 2503 912 2544 m⁰
949 2503 1071 2545 cccc⁰
1109 2496 1400 2560 sexagesimo
1437 2497 1640 2559 septimo
1677 2526 1686 2535 ·
1723 2497 1991 2546 indictione
2031 2497 2429 2560 decimaquinta·
2464 2499 2637 2546 mensis

607 2604 724 2634 vero
750 2587 927 2635 Marcii
964 2587 1043 2634 die
1068 2587 1292 2635 vicesimo
1322 2591 1493 2635 οᾶειιιο
1517 2618 1527 2628 -
1552 2588 1866 2651 pontificatus
1894 2626 1904 2635 .
1931 2628 1939 2636 .
1967 2627 1976 2636 .
2004 2588 2146 2637 Pauli
2174 2626 2184 2635 .
2214 2625 2224 2635 .
2253 2626 2263 2635 .
2290 2605 2415 2652 pape
2440 2588 2637 2637 secundi

608 2694 737 2726 anno
778 2684 930 2724 tercio
964 2712 974 2721 .
1021 2713 1033 2723 .
1072 2715 1081 2724 .
1116 2677 1340 2724 dominus
1380 2677 1597 2726 Jacobus
1640 2677 1826 2744 Ogilvy
1868 2680 1929 2727 de
1971 2679 2089 2727 Erle
2129 2679 2269 2728 miles
2309 2680 2520 2728 balliuus
2547 2718 2557 2728 .
2585 2718 2596 2729 .
2625 2718 2636 2728 .

608 2767 842 2816 Malcomi
870 2804 879 2813 .
909 2803 919 2813 .
947 2805 955 2813 .
982 2767 1169 2815 abbatis
1202 2803 1212 2813 .
1238 2804 1246 2812 .
1274 2805 1281 2813 .
1315 2767 1375 2814 de
1402 2768 1735 2816 Abirbrothoc
1763 2807 1773 2816 .
1803 2807 1813 2817 .
1843 2807 1853 2816 .
1880 2769 2075 2819 acceflit
2109 2772 2171 2818 ad
2207 2772 2451 2834 quandam
2488 2773 2637 2835 perti-

609 2865 766 2907 catam
792 2865 922 2905 terre
948 2895 957 2904 .
986 2893 996 2903 .
1026 2894 1036 2903 .
1063 2857 1251 2905 abbatis
1276 2896 1284 2904 .
1311 2895 1320 2904 .
1348 2894 1357 2903 .
1383 2857 1623 2905 iacentem
1659 2859 1711 2906 in
1747 2860 1792 2907 le
1818 2861 2027 2926 Almery
2052 2862 2113 2909 de
2144 2862 2476 2910 Abirbrothoc
2508 2863 2645 2911 inter-

608 2959 790 2997 terram
813 2947 989 2996 Jacobi
1017 2947 1169 3011 Wyot
1205 2948 1266 2995 ad
1303 2946 1516 2995 austrum
1555 2956 1604 2995 et
1639 2949 1835 2998 domum
1873 2952 1934 2999 de
1970 2953 2016 3000 le
2041 2953 2229 3000 Almeri
2269 2954 2331 3001 ad
2366 2954 2565 3001 boream
2589 2963 2637 3002 et

606 3038 833 3105 gabulam
859 3037 1022 3087 Sanffl
1056 3037 1316 3085 Michaelis
1351 3038 1412 3085 de
1446 3038 1492 3085 le
1518 3038 1725 3103 Almery
1751 3057 1809 3088 ex
1846 3042 1942 3090 alia
1977 3052 2117 3106 parte
2151 3045 2215 3092 ad
2251 3045 2556 3093 occidentem
2588 3054 2636 3094 et

607 3132 804 3179 domum
828 3129 962 3177 illam
988 3145 1131 3192 quam
1154 3128 1188 3177 J
1192 3127 1410 3175 ohannes
1435 3127 1690 3191 Chapman
1718 3131 1812 3179 suis
1836 3171 1846 3180 .
1871 3172 1880 3181 .
1907 3172 1916 3181 .
1943 3135 2191 3183 edificauit
2215 3175 2223 3183 .
2252 3173 2262 3183 .
2290 3175 2298 3182 .
2333 3135 2550 3200 expensis
2575 3138 2638 3185 ad
