2742 3848
540 393 638 446 574

541 533 634 581 Gra,
684 534 854 573 Mariota
911 531 1103 572 Dunbrek
1159 543 1300 583 sponsa
1345 528 1550 578 willelmi,

596 607 690 650 474.

544 699 647 707 -
668 676 862 716 Patricius
881 675 1077 726 magister,
1098 674 1190 722 285,
1213 673 1306 711 381.

669 748 827 798 Robert,
847 747 915 786 the
935 759 1004 786 son
1023 744 1067 785 of
1082 744 1187 784 Lord
1207 743 1327 795 Gray,
1349 744 1442 782 370.

671 820 875 868 Robertus,
898 820 964 857 57.

541 913 650 920 —--
669 890 873 939 Robertus,
898 887 1123 938 monachus,
1155 886 1390 936 cellerarius,
1421 890 1462 926 et
1488 899 1550 926 ca-

596 960 782 1000 merarius
814 960 861 999 de
892 958 1166 1009 Abirbrothoc,
1202 960 1293 1008 186,
1330 959 1423 1008 254,
1457 959 1549 1008 260,

597 1033 689 1082 261,
711 1033 803 1081 268,
826 1033 920 1070 311.

542 1127 648 1136 --—
669 1103 905 1151 Willelmus,
927 1104 1020 1153 421,
1041 1103 1135 1141 474.

540 1198 650 1206 -—-
668 1174 904 1225 Willelmus,
940 1173 1141 1213 scriandus
1172 1172 1289 1224 burgi
1327 1172 1375 1212 de
1417 1171 1552 1222 Perth,

595 1248 660 1287 98.
779 1233 782 1236 ’

541 1318 726 1369 Graham,
750 1317 959 1369 Grahame,
974 1317 1188 1369 Grahaym,
1206 1316 1395 1368 Grahym,
1417 1315 1552 1366 Gram,

597 1390 759 1441 Grame,
782 1389 946 1442 Graym,
970 1389 1155 1441 Grayme,
1178 1387 1420 1439 Alexander,
1442 1389 1534 1427 269.

666 1462 846 1502 dominus
866 1461 999 1501 David
1017 1461 1077 1512 de,
1098 1460 1223 1512 miles,
1245 1463 1311 1500 22.

666 1534 848 1575 dominus
869 1534 1073 1575 Gilbcrtus
1093 1533 1152 1585 de,
1170 1533 1294 1584 miles,
1313 1532 1494 1572 dominus
1507 1532 1554 1571 dc

594 1606 845 1659 Hathirwyk,
867 1609 933 1646 47.

668 1678 824 1717 Helena
843 1678 1003 1717 domina
1021 1677 1070 1728 le,
1096 1679 1186 1728 176,
1212 1678 1304 1716 177.

541 1773 647 1781 --—
666 1751 694 1791 J
696 1750 880 1801 ohannes,
903 1750 951 1789 de
971 1750 1176 1802 Balargus,
1197 1748 1302 1788 filius
1321 1748 1484 1788 Roberti
1504 1747 1554 1787 G».

595 1822 641 1861 de
663 1822 846 1873 Fyntree,
870 1824 964 1861 224.

667 1895 695 1935 J
698 1895 882 1946 ohannes,
918 1894 1024 1946 prior
1060 1894 1225 1933 fratrum
1268 1892 1556 1945 predicatorum

596 1967 886 2017 Sanctiandree,
910 1968 1000 2017 141,
1025 1967 1115 2006 143.

668 2039 826 2089 Joneta,
848 2040 929 2078 vide
947 2038 1126 2077 Moncur.

671 2111 842 2150 Katrina
885 2111 1039 2150 Betoun
1086 2122 1226 2161 sponsa
1263 2107 1468 2158 Willelmi,
1509 2108 1556 2146 dc

597 2185 746 2235 Fintre,
770 2186 864 2223 447.

673 2257 868 2307 Oliverus,
909 2256 1014 2296 filius
1051 2255 1208 2296 domine
1247 2254 1412 2305 Helene,
1465 2256 1556 2304 176,

600 2333 691 2370 177.

670 2401 877 2451 Patricius,
909 2399 1083 2450 clericus,
1113 2403 1362 2451 presentatus
1380 2398 1431 2438 ad
1450 2399 1555 2438 vica-

596 2476 695 2515 riam
714 2475 762 2514 de
784 2472 1166 2523 Erle-Strathechin,
1189 2473 1281 2512 511.

671 2545 867 2585 Patricius
886 2544 1065 2584 dominus
1084 2543 1133 2593 le,
1158 2543 1249 2583 125.

672 2617 867 2657 Robertus
905 2616 965 2666 de,
1009 2615 1058 2655 de
1104 2614 1397 2662 Aldemuntros,
1441 2614 1555 2666 justi-

600 2688 742 2729 ciarius
762 2702 811 2727 ex
829 2692 940 2740 parte
960 2686 1107 2726 boreali
1127 2699 1228 2738 aque
1254 2686 1302 2725 de
1331 2685 1469 2736 Forth,
1487 2686 1557 2725 93-

601 2764 665 2812 95,
690 2763 781 2800 115.

676 2833 882 2881 Robertus,
904 2831 952 2869 de
972 2830 1136 2881 Fyntre,
1156 2831 1246 2880 131,
1269 2831 1361 2879 223,
1383 2830 1476 2868 224.

678 2904 885 2950 Robertus,
915 2901 1020 2940 filius
1048 2901 1211 2940 Roberti
1240 2900 1291 2940 G.
1319 2900 1367 2939 dc
1397 2900 1559 2951 Fyntre,

603 2980 695 3027 223,
718 2978 812 3016 224.

548 3073 658 3082 ——-
676 3047 911 3096 Willelmus,
934 3046 1000 3084 85.

552 3145 661 3152 ———
679 3119 916 3167 Willelmus,
939 3117 986 3156 de
1007 3116 1158 3166 Fintre,
1181 3117 1274 3154 447.

679 3190 916 3240 Willelmus,
938 3189 986 3228 de
1007 3187 1147 3239 Morfy,
1173 3188 1262 3236 115,
1287 3187 1378 3226 138.

552 3266 724 3316 Grange,
748 3260 936 3313 Grangia,
957 3259 1043 3300 vide
1063 3258 1224 3308 Dux-em,
1245 3256 1460 3297 Monefoth.

1249 389 1490 440 INDEX
1526 384 1909 437 NOMINUM.

1624 527 1762 576 Grant,
1786 525 1953 576 Graunt,
1976 524 2164 575 Andreas,
2186 526 2280 575 479,
2302 527 2395 565 480.

1751 598 1931 638 dominus
1954 603 1993 637 et
2013 597 2199 649 magister
2220 597 2404 648 Thomas,
2427 597 2634 637 canonicus

1678 675 1718 709 et
1739 669 1914 709 officialis
1932 670 2202 721 MoraviensiS,
2228 671 2318 719 166,
2338 670 2431 709 278.

1746 742 1930 791 Jacobus,
1954 744 2046 792 346,
2070 743 2162 792 347,
2185 743 2277 793 480,
2301 742 2394 781 509.

1749 813 1964 863 Johannes,
1990 813 2082 863 195,
2104 814 2198 852 238.

1750 884 1938 936 magister
1957 884 2159 935 Ricardus,
2182 885 2275 934 430,
2297 885 2391 934 436,
2413 884 2507 923 440.

1623 957 1745 1008 Greif,
1768 958 1912 1008 David,
1934 959 2027 997 518.

1751 1029 1891 1080 Elena,
1912 1030 1992 1069 vide
2011 1028 2173 1068 Bowak.

1751 1100 1925 1140 Elesona
1945 1100 2097 1140 Gibson
2116 1098 2256 1139 relicta
2276 1097 2420 1148 David,
2444 1099 2536 1137 518.

1625 1172 1771 1225 Greyn,
1793 1173 1821 1213 J
1823 1177 1951 1223 oneta,
1974 1173 2059 1212 vide
2077 1172 2225 1212 Andro.

1625 1245 1842 1295 Grinemer,
1864 1244 2048 1294 Michael,
2069 1245 2163 1283 458.

1626 1317 1816 1367 Grinlaw,
1849 1316 2051 1368 Grynlaw,
2082 1315 2262 1355 dominus
2289 1314 2474 1364 Thomas,
2504 1326 2636 1353 mona-

1680 1389 1787 1439 chus,
1813 1390 1902 1438 151,
1924 1389 2017 1428 259.

1754 1461 2021 1513 Nycholayus,
2044 1463 2137 1500 211.

1627 1533 1747 1584 Guld,
1770 1533 1952 1583 Katrina,
1973 1532 2058 1572 vide
2079 1532 2184 1572 Bois.

1628 1605 1819 1657 Guthery,
1847 1604 2013 1656 Guthre,
2045 1603 2214 1656 Guthry,
2247 1602 2429 1655 Guythre
2455 1602 2514 1656 (et
2540 1601 2637 1643 forte

1683 1675 1866 1730 Gothra),
1888 1676 2018 1716 Adam
2037 1676 2097 1726 de,
2112 1679 2186 1715 ’22.

1755 1748 1994 1799 Alexander,
2017 1747 2064 1787 de
2085 1747 2285 1795 Grandon,
2308 1748 2400 1787 528.

1757 1819 1994 1870 Alexander,
2012 1819 2060 1859 de
2073 1818 2416 1872 Kynblathmund,
2433 1820 2526 1869 454,
2544 1819 2637 1868 469,

1682 1893 1777 1931 470.

1757 1964 1994 2015 Alexander,
2016 1963 2121 2004 filius
2135 1963 2353 2003 Alexandri
2373 1963 2423 2003 G.
2444 1963 2493 2003 de
2513 1962 2638 2003 Gran-

1683 2037 1772 2085 don‚
1795 2038 1888 2076 528.

1756 2108 1945 2158 Andreas,
1967 2108 2062 2146 434.

1758 2179 1900 2230 David,
1923 2179 2125 2231 utriusque
2139 2178 2239 2231 juris
2259 2178 2403 2229 doctor,
2424 2178 2641 2231 prepositus

1684 2252 1731 2291 de
1752 2251 1918 2302 Guthre,
1941 2252 2034 2290 298.

1758 2323 1873 2375 Deyn
1893 2322 2068 2373 Richart,
2091 2322 2223 2373 abbot,
2244 2321 2330 2362 vide
2350 2320 2623 2362 Abirbrothoc.

1756 2395 1915 2434 domina
1933 2394 1992 2445 de,
2017 2395 2108 2433 195.

1758 2467 1938 2507 dominus
1969 2465 2207 2516 Alexander,
2243 2465 2291 2504 de
2330 2465 2476 2515 eodem,
2515 2465 2638 2515 miles,

1688 2541 1778 2590 182,
1803 2541 1893 2590 187,
1915 2540 2008 2589 291,
2031 2540 2122 2589 359,
2141 2540 2234 2578 370.

1758 2611 1938 2650 dominus
1957 2611 2017 2661 de,
2041 2612 2133 2650 508.

1630 2707 1739 2716 -—-
1757 2682 1969 2722 Elizabeth
1988 2681 2105 2734 Lyell
2124 2694 2264 2734 sponsa
2276 2681 2451 2732 Henrici,
2467 2682 2531 2732 38,
2548 2682 2640 2732 454,

1687 2757 1780 2794 484.

1760 2826 1983 2876 Elizabeth,
2004 2826 2084 2864 vide
2102 2825 2259 2864 Mawle.

1762 2898 1896 2950 Gelys,
1918 2899 1997 2936 vide
2014 2897 2220 2937 Lichtone.

1763 2969 1971 3019 Henricus,
2001 2968 2043 3007 in
2072 2968 2206 3019 Ruffis,
2229 2967 2332 3007 filius
2350 2968 2492 3008 Jacobi
2521 2967 2570 3008 G.
2600 2969 2639 3006 in

1692 3041 1877 3092 Seytoun,
1898 3039 2105 3092 burgensis
2132 3045 2173 3078 et
2200 3039 2372 3079 ballivus
2390 3038 2438 3078 de
2457 3038 2640 3089 Arbroth,

1690 3116 1731 3151 et
1748 3125 1879 3151 marus
1898 3111 2117 3165 regalitatis
2137 3110 2184 3150 de
2203 3110 2416 3162 Arbroyth,
2434 3111 2526 3161 382,
2547 3111 2640 3160 434,

1690 3185 1783 3233 440,
1832 3184 1926 3234 454,
1975 3184 2068 3233 461,
2118 3184 2211 3233 479,
2265 3183 2359 3232 484,
2407 3183 2500 3232 485,
2550 3183 2640 3231 507,

1693 3256 1786 3295 508.
