2742 3848
666 365 1095 419 REGISTRUM
1130 362 1228 413 DE
1265 359 1830 411 ABERBROTHOC.
2184 359 2280 413 467

214 500 558 549 deficientibus
593 499 629 548 J
632 500 817 548 ohanni
856 500 975 566 Hay
1010 499 1112 548 filio
1148 497 1366 548 naturali
1397 495 1642 546 Willelmi
1678 501 1727 543 et
1764 493 1859 542 suis
1896 492 2145 557 affignatis
2177 492 2282 540 sub-

214 592 496 641 tenentibus
522 598 572 640 et
597 592 969 641 coadiutoribus
993 609 1093 640 non
1120 590 1321 640 maioris
1346 588 1498 638 status
1524 618 1534 628 ·
1563 595 1723 638 terras
1745 587 1860 636 ville
1890 587 1951 635 (16
1978 584 2209 634 Braklaw
2230 585 2281 633 in

214 684 421 732 baronia
448 684 510 732 de
537 682 731 731 Ternas
769 691 817 732 et
854 684 1116 749 regalitate
1142 684 1204 733 de
1235 682 1493 747 Arbroyth
1537 709 1547 718 ·
1593 679 1844 730 Soluendo
1882 680 2053 728 decem
2089 696 2283 727 marcas

218 784 413 825 monete
440 775 612 825 Scocie
638 793 749 824 cum
776 783 1004 841 rynmart
1030 774 1217 824 custum
1244 776 1438 841 veddyr
1475 774 1665 824 custum
1704 791 1825 822 corn
1863 781 1912 822 et
1947 772 2097 837 pullis
2134 773 2196 820 de
2231 772 2284 837 ly

216 870 352 935 kayn
393 897 403 907 ·
442 886 553 918 cum
578 868 821 934 potestate
847 876 1075 917 tenentes
1100 880 1149 917 et
1174 869 1489 917 subtenentes
1514 866 1805 932 imponendi
1832 873 1881 914 et
1906 865 2197 914 remouendi
2235 872 2284 913 et

217 963 269 1027 ly
294 962 543 1027 owtsettys
569 960 890 1010 construendi
916 988 926 997 ·
951 964 1015 1009 22
1041 960 1076 1009 J
1080 960 1169 1009 ulii
1195 960 1339 1014 1527.

141 1274 151 1286 .
223 1215 374 1287 Idem
411 1255 503 1302 pro
541 1244 679 1286 certa
713 1238 901 1285 summa
936 1237 1147 1302 pecunie
1183 1237 1366 1285 affedat
1389 1253 1480 1301 pro
1506 1237 1836 1286 nouendecim
1862 1237 2006 1285 annis
2031 1236 2288 1285 Willelmo

224 1331 425 1379 domino
447 1330 765 1396 Abirnethye
790 1330 980 1394 suisque
1005 1329 1273 1378 heredibus
1310 1328 1560 1394 affignatis
1595 1329 1969 1378 subtenentibus
2005 1337 2054 1378 et
2090 1329 2289 1378 coadiu-

225 1424 415 1473 toribus
462 1442 564 1473 non
610 1424 813 1472 maioris
862 1423 1014 1472 status
1062 1423 1280 1471 decimas
1327 1422 1555 1486 garbales
1612 1422 1815 1471 ecclefie
1860 1423 1922 1472 de
1971 1422 2289 1471 Abirkerdor

227 1514 554 1565 Morauienfis
602 1515 805 1564 diocefis
851 1533 961 1564 cum
1010 1515 1157 1564 terris
1205 1514 1432 1563 domibus
1481 1515 1690 1564 edificiis
1731 1515 1969 1563 fructibus
2011 1523 2060 1563 et
2098 1514 2288 1562 iuribus

227 1608 437 1656 rectorie
461 1608 653 1673 prefate
679 1608 882 1657 ecclefie
908 1607 1249 1668 adiacentibus
1285 1634 1295 1647 ι
1331 1624 1529 1656 necnon
1555 1615 1715 1656 terras
1741 1608 1802 1656 de
1827 1606 2152 1673 Innerbondy
2179 1623 2289 1655 cum

228 1699 516 1747 molendino
559 1707 608 1748 et
649 1699 856 1748 decimis
897 1699 1182 1764 garbalibus
1219 1700 1489 1748 earundem
1525 1700 1745 1749 iacentes
1782 1717 1939 1765 prope
1979 1700 2191 1764 burgum
2231 1699 2292 1747 de

229 1790 362 1839 Banf
398 1791 531 1839 infra
571 1791 884 1856 regalitatem
927 1793 988 1840 de
1032 1792 1294 1857 Arbroyth
1333 1820 1342 1829 ·
1383 1810 1495 1841 cum
1534 1793 1777 1857 potestate
1817 1794 2019 1858 cymbas
2055 1792 2107 1840 in
2143 1801 2290 1857 portu

228 1892 514 1948 nuncupato
548 1880 701 1932 Sanos}
724 1885 998 1933 Brandcms
1023 1885 1203 1950 lzawyn
1239 1886 1531 1950 imponendi
1574 1916 1583 1925 ·
1624 1886 1847 1951 piscandi
1885 1893 1935 1935 et
1968 1886 2126 1950 pisces
2162 1886 2292 1934 deci-

229 1976 381 2024 males
400 1976 601 2024 leuandi
628 2005 638 2016 ·
666 1984 892 2025 tenentes
918 1987 968 2025 et
994 1978 1308 2027 subtenentes
1333 1978 1384 2026 in
1411 1979 1558 2028 terris
1584 1980 1645 2027 de
1671 1979 1980 2027 Innerbondi
2006 1978 2295 2044 imponendi

231 2078 278 2117 et
302 2069 593 2118 remouendi
619 2097 629 2107 ·
654 2076 703 2118 et
727 2069 779 2117 in
806 2070 984 2118 eisdem
1012 2070 1064 2136 ly
1090 2071 1323 2119 owtsettis
1348 2072 1613 2121 edificandi
1649 2102 1659 2111 ·
1698 2071 1949 2122 Soluendo
1974 2089 2064 2137 pro
2091 2071 2294 2120 decimis
2361 2075 2387 2078 ”

231 2162 292 2209 (16
318 2161 634 2210 Abirkerdor
659 2163 911 2228 octoginta.
933 2162 1086 2211 libras
1111 2171 1308 2212 monete
1335 2164 1507 2213 Scocie
1533 2192 1543 2202 ·
1569 2177 1618 2214 et
1642 2183 1734 2230 pro
1762 2165 1906 2213 firma
1930 2173 1979 2214 et
2004 2165 2208 2214 decimis
2234 2166 2294 2213 de

230 2254 554 2320 Innerbondy
580 2272 692 2303 cum
716 2255 1005 2303 molendino
1043 2263 1092 2305 et
1123 2256 1336 2320 piscaria
1372 2266 1587 2321 quatuor
1622 2257 1774 2306 libras
1811 2258 2023 2307 eiusdem
2063 2267 2258 2308 monete

230 2364 340 2395 cum
367 2347 599 2396 oneribus
621 2347 802 2398 debitis
825 2377 834 2386 ·
862 2352 923 2396 12
949 2348 1160 2414 Augusti
1192 2349 1336 2402 1527.

233 2602 385 2674 Idem
424 2625 678 2675 constituit
714 2627 998 2692 magistrum
1026 2630 1286 2679 Andream
1322 2631 1528 2681 Athone
1565 2637 1807 2682 rectorem
1834 2635 1894 2683 de
1923 2633 2044 2699 Spot
2071 2643 2119 2685 et
2144 2636 2294 2684 alium

233 2718 341 2765 suos
366 2727 717 2782 procuratores
742 2721 806 2768 ad
831 2723 1179 2786 exponendum
1207 2724 1407 2772 domino
1432 2742 1560 2790 pape
1586 2754 1596 2764 ·
1627 2725 1777 2784 Quod
1801 2727 1919 2776 licet
1943 2729 2291 2778 monasterium

234 2827 272 2877 a·
302 2809 601 2859 fundacione
649 2811 852 2860 diuerfis
899 2814 1188 2880 preuilegiis
1229 2834 1260 2864 a
1300 2817 1413 2866 sede
1461 2817 1731 2882 apostolica
1772 2819 1829 2868 fit
1870 2821 2114 2870 munitum
2157 2823 2292 2887 lapsu

234 2911 398 2950 tamen
436 2904 672 2968 temporis
708 2922 875 2954 earum
914 2906 1173 2955 literarum
1211 2909 1377 2974 alique
1415 2912 1539 2959 adeo
1566 2911 1755 2960 vetuste
1779 2913 1973 2961 reddite
1998 2915 2109 2963 sunt
2133 2923 2186 2963 ut
2211 2916 2292 2963 vix

233 2993 331 3058 legi
380 2994 556 3058 poffint
598 3025 608 3034 ·
652 2997 894 3046 nonnulla
940 2999 1096 3047 eciam
1144 3001 1422 3066 preuilegia
1463 3003 1525 3050 ab
1567 3004 1832 3052 ordinariis
1872 3015 2188 3069 preterquam
2231 3008 2291 3054 ab

235 3084 603 3152 archiepiscopo
661 3087 1017 3139 Sanfflandree
1075 3092 1375 3140 monasterio
1435 3094 1657 3143 concessa
1711 3096 1969 3160 presertim
2028 3097 2106 3145 Pii
2163 3115 2289 3162 pape

236 3177 435 3227 secundi
461 3197 593 3228 anno
619 3181 724 3230 eius
748 3183 1064 3246 pontificatus
1087 3192 1264 3248 quarto
1290 3201 1398 3233 cum
1426 3184 1725 3249 proceffibus
1751 3187 2049 3236 inhibitoriis
2067 3188 2285 3237 locorum
