2762 3834
614 354 712 405 386
1061 348 1485 401 REGISTRUM
1520 346 1617 396 DE
1655 343 2212 395 ABERBROTHOC.

614 479 744 536 trum
782 525 791 534 .
828 525 837 534 .
874 525 881 533 .
917 484 1127 534 croftum
1147 490 1374 530 vocatum
1394 479 1606 528 croftum
1627 477 1884 526 cellerarie
1921 516 1930 526 .
1967 516 1976 526 .
2013 518 2021 525 .
2061 486 2115 527 ut
2132 478 2262 527 iacet
2279 478 2330 527 in
2351 479 2661 545 longitudine

615 587 665 628 et
687 578 947 628 latitudine
973 577 1121 639 usque
1147 575 1211 622 ad
1234 570 1571 635 Brothacsyde
1597 599 1606 609 ·
1634 570 1848 618 termino
1874 587 1993 618 vero
2017 569 2250 619 introitus
2275 578 2366 619 etc.
2392 571 2661 636 incipiente

616 671 695 720 die
721 670 833 718 date
868 666 1174 732 presencium
1216 691 1226 702 ·
1268 661 1521 711 Soluendo
1565 698 1576 709 .
1624 698 1634 708 .
1683 698 1693 708 .
1738 661 1997 710 cellerario
2034 661 2198 710 nostro
2241 701 2250 711 .
2296 700 2307 710 .
2352 702 2361 711 .
2407 664 2662 713 tresdecim

614 763 765 810 libras
788 760 867 808 sex
891 758 1066 806 solidos
1092 764 1140 805 et
1166 756 1273 802 οὲὶο
1306 753 1536 802 denarios
1583 790 1592 800 .
1639 790 1649 800 .
1696 790 1706 800 .
1751 761 1947 802 monete
1986 791 1997 802 .
2038 791 2049 801 .
2089 791 2099 802 .
2142 752 2316 803 Scocie
2343 784 2353 793 ·
2380 763 2429 804 et
2453 765 2663 820 quatuor

617 853 765 900 libras
790 849 1002 898 eiusdem
1028 854 1226 895 monete
1256 844 1500 893 monacho
1538 845 1905 894 communitatis
1940 846 2004 894 ad
2047 883 2057 894 .
2101 882 2112 893 .
2150 884 2160 894 .
2205 846 2327 895 festa
2373 884 2383 894 .
2428 885 2439 895 .
2486 884 2496 895 .
2539 848 2664 897 Pen-

615 943 853 992 thecostes
879 950 927 989 et
955 940 1120 989 sanai
1146 938 1354 987 Martini
1391 964 1401 975 ·
1440 946 1489 986 et
1519 955 1611 1002 pro
1637 938 1795 986 crofto
1832 937 2022 987 soluent
2058 938 2314 987 annuatim
2339 939 2402 987 ad
2427 941 2664 989 terminos

613 1035 908 1101 prescriptos
933 1031 1099 1079 nostro
1125 1029 1383 1078 cellerario
1410 1029 1586 1094 viginti
1613 1030 1792 1078 solidos
1816 1038 2014 1079 monete
2037 1032 2258 1095 predicte
2284 1049 2342 1080 ac
2368 1032 2523 1081 eciam
2560 1072 2568 1080 .
2607 1073 2615 1081 .
2654 1074 2662 1082 .

616 1144 733 1191 erga
773 1125 946 1174 festum
988 1122 1176 1171 Pasche
1224 1121 1461 1185 precium·
1499 1121 1642 1169 vnius
1689 1121 1829 1186 porci
1879 1121 2066 1171 scilicet
2114 1122 2193 1172 sex
2238 1123 2416 1172 solidos
2463 1132 2511 1172 et
2559 1128 2665 1172 octo

616 1218 843 1267 denarios
885 1244 894 1254 ·
936 1215 1175 1263 Preterea
1214 1253 1222 1261 .
1266 1254 1274 1262 .
1318 1251 1327 1261 .
1373 1213 1692 1262 concedimus
1740 1253 1748 1262 .
1791 1253 1799 1262 .
1842 1253 1850 1262 .
1899 1213 2122 1263 Johanni
2160 1216 2328 1263 nostra
2356 1233 2493 1264 mera
2539 1257 2546 1264 .
2598 1257 2606 1264 .
2655 1256 2664 1265 .

616 1311 867 1359 voluntate
891 1308 1075 1356 habere
1111 1307 1163 1355 in
1199 1306 1366 1354 nostro
1390 1305 1442 1372 ly
1467 1305 1627 1371 Fyrth
1663 1306 1759 1354 suis
1795 1305 2016 1371 expensis
2054 1307 2231 1371 viginti
2268 1315 2480 1371 quatuor
2511 1309 2666 1372 plaus-
2722 1327 2726 1349 ÷

616 1410 770 1451 tratus
816 1401 1074 1466 glebarum
1122 1406 1171 1446 et
1217 1397 1312 1446 hoc
1362 1397 1443 1446 vbi
1490 1398 1636 1446 nobis
1682 1397 1926 1462 placuerit
1971 1426 1980 1436 ·
2028 1397 2235 1463 Insuper
2283 1399 2317 1447 fi
2366 1440 2374 1447 .
2424 1440 2432 1448 .
2483 1440 2491 1448 .
2541 1402 2667 1450 male

616 1494 896 1559 persoluent
920 1491 1091 1540 licebit
1124 1490 1267 1539 nobis
1305 1530 1313 1538 .
1353 1529 1361 1538 .
1400 1531 1408 1539 .
1447 1491 1554 1565 de..
1594 1530 1602 1539 .
1642 1530 1650 1539 .
1688 1489 1974 1539 molendino
2000 1498 2050 1539 et
2075 1491 2231 1539 crofto
2269 1531 2277 1539 .
2316 1531 2324 1539 .
2364 1532 2372 1540 .
2411 1493 2667 1556 disponere

617 1628 625 1636 .
664 1627 673 1636 .
712 1624 722 1634 .
763 1585 989 1651 Sigillum
1036 1622 1046 1631 .
1090 1621 1100 1631 .
1144 1620 1154 1631 .
1214 1582 1419 1647 capituli
1462 1622 1471 1631 .
1515 1623 1523 1631 .
1566 1623 1574 1631 .
1615 1582 1923 1647 presentibus
1962 1582 2033 1632 est
2069 1584 2333 1648 appensum
2376 1592 2458 1633 xx⁰
2495 1586 2669 1634 menfis

617 1680 649 1728 J
656 1680 759 1728 unii
785 1694 915 1727 anno
939 1675 1147 1724 Domini
1172 1680 1238 1722 m⁰
1263 1674 1655 1739 quingentesimo
1681 1691 1829 1722 nono.

620 1938 829 2011 Forfar.

474 2141 570 2190 486
624 2120 869 2208 Quedam
908 2139 1050 2204 pecia
1087 2147 1218 2188 terre
1256 2122 1511 2204 pertinens
1548 2139 1658 2188 loco
1698 2141 1816 2189 data
1849 2140 1901 2188 in
1939 2140 2148 2189 liberum
2190 2141 2483 2206 burgagium
2525 2158 2669 2204 quam
2761 2167 2762 2170 ¹

624 2234 658 2282 J
662 2233 879 2281 ohannes
907 2231 1132 2281 Gledlaw
1164 2232 1418 2297 burgenfis
1455 2232 1601 2297 burgi
1633 2232 1752 2280 dieti
1784 2232 2009 2281 vendidit
2045 2240 2184 2281 carta
2218 2232 2529 2282 alienationis
2565 2251 2671 2298 per-

624 2333 771 2390 petue
796 2324 996 2372 domino
1021 2323 1241 2372 Roberto
1268 2323 1395 2372 How
1422 2324 1679 2388 capellano
1709 2324 1974 2373 heredibus
2009 2324 2106 2372 suis
2143 2332 2192 2372 et
2227 2323 2474 2389 affignatis
2509 2325 2668 2390 inper-

626 2424 827 2480 petuum
853 2433 963 2464 cum
990 2423 1098 2463 orto
1124 2415 1337 2464 eiusdem
1362 2443 1373 2454 ·
1400 2433 1495 2480 que
1522 2424 1656 2464 terra
1680 2416 1810 2464 iacet
1832 2415 1964 2464 infra
1984 2415 2166 2464 di&um
2186 2416 2397 2479 burgum
2416 2418 2477 2464 de
2497 2416 2538 2464 F
2540 2418 2672 2465 orfar

630 2527 689 2556 ex
707 2517 846 2572 parte
866 2508 1043 2556 boriali
1062 2508 1179 2556 Vici
1204 2508 1352 2573 Regii
1377 2508 1593 2557 eiusdem
1612 2508 1744 2556 inter
1764 2516 1921 2557 terras
1939 2508 2215 2556 Alexandri
2236 2508 2433 2557 Vellem
2455 2527 2514 2557 ex
2534 2517 2670 2573 parte

631 2600 926 2648 occidentali
951 2616 1010 2647 ex
1034 2607 1175 2663 parte
1202 2617 1299 2649 vna
1322 2608 1371 2649 et
1395 2607 1553 2649 terras
1579 2598 1820 2648 Willelmi
1860 2598 2034 2649 Sewan
2060 2617 2119 2647 ex
2145 2598 2344 2648 australi
2370 2608 2419 2648 et
2445 2600 2670 2648 orientali

631 2692 854 2756 partibus
886 2692 948 2739 ab
985 2691 1142 2740 altera
1178 2709 1289 2740 cum
1318 2692 1476 2741 libero
1506 2691 1714 2741 introitu
1739 2699 1788 2740 et
1813 2692 1948 2740 exitu
1983 2708 2073 2755 per
2108 2698 2301 2755 portam
2327 2700 2376 2740 et
2402 2692 2670 2741 clausuram

633 2793 764 2833 terre
805 2782 901 2831 fine
941 2784 1210 2832 tenementi
1259 2784 1519 2832 anterioris
1558 2785 1677 2834 dicti
1713 2783 1937 2833 Villelmi
1982 2782 2155 2855 Sewan
2199 2816 2208 2825 ·
2248 2784 2391 2833 soluit
2431 2785 2670 2833 monacho

604 2872 998 2924 ‘communitatis
1032 2874 1113 2922 sex
1148 2874 1377 2923 denarios
1413 2876 1565 2923 annui
1599 2876 1823 2924 redditus
1864 2883 1914 2925 et
1953 2875 2218 2925 heredibus
2256 2876 2433 2926 Jacobi
2470 2876 2672 2926 Ricardi

634 2967 840 3031 triginta
863 2966 1092 3014 denarios
1133 2995 1143 3005 ·
1186 2966 1365 3014 AGtum
1391 2967 1523 3030 apud
1546 2966 1725 3016 Forfar
1749 2967 1962 3016 secundo
1987 2967 2068 3015 die
2092 2966 2266 3016 menfis
2296 2969 2507 3033 Augusti
2543 2985 2671 3017 anno

635 3060 838 3109 Domini
863 3065 928 3106 m⁰
952 3059 1002 3107 d⁶
1026 3076 1154 3107 nono
1187 3085 1197 3096 ·
1229 3058 1515 3107 Extractum
1540 3060 1600 3108 de
1626 3066 1765 3108 carta
1787 3059 1906 3107 dia-,i
1929 3058 1966 3108 J
1969 3059 2189 3107 ohannis.
