2742 3848
6 2770 11 2867 ἱ

849 364 1090 416 INDEX
1126 365 1505 418 NOMINUM.

2123 374 2222 418 583

124 505 223 556 Liel,
255 506 438 556 Thomas,
478 506 583 547 filius
620 507 649 548 ‚J
651 506 816 548 ohannis
845 508 892 548 L.
923 514 965 549 et
995 508 1139 550 Jone‘oe
1210 507 1441 561 Linlithqw,
1461 507 1635 549 ballivus
1652 507 1713 559 de,
1731 507 1818 549 vide
1829 507 2077 557 Hamiltoun,
2098 508 2175 549 Ka.

179 578 390 629 Adamson,
411 580 506 619 486.

253 649 490 701 Willelmus,
511 651 576 700 72,
599 651 665 691 79.

124 719 302 771 Lilburn,
324 721 539 773 Aug-usius,
554 721 762 773 burgensis
775 721 823 761 de
839 722 1026 775 Abit-den,
1045 724 1136 773 136,

180 793 271 833 138.

123 863 361 915 Limbanny,
380 864 466 904 vide
485 862 671 915 Ramsay.

123 934 321 985 Lindesai,
380 935 589 987 Lindesay,
647 935 879 988 Lindyssay,
926 935 1136 988 Lyndesai‚

177 1005 399 1059 Lyndesay,
433 1005 633 1058 Lyndsay,
673 1006 819 1058 David,
855 1007 1062 1059 burgensis
1088 1007 1138 1048 de

175 1076 310 1127 Perth,
332 1078 398 1117 98.

250 1149 430 1189 dominus
464 1148 703 1200 Alexander,
738 1150 787 1189 de
834 1149 1134 1201 Auchirmonze,

176 1222 270 1260 264.

121 1315 228 1323 -——
249 1292 430 1333 dominus
476 1292 704 1333 Alexander
749 1293 809 1343 de,
858 1293 1040 1333 dominus
1087 1293 1135 1333 de

175 1364 360 1415 Glenesk,
382 1366 449 1405 36.

119 1459 229 1466 ——
247 1436 428 1476 dominus
460 1436 594 1476 David
627 1436 688 1487 de,
717 1436 842 1487 miles,
876 1436 1059 1477 dominus
1087 1436 1135 1477 de

175 1507 362 1557 Glenesk,
384 1510 450 1548 42.

246 1579 426 1620 dominus
443 1579 471 1620 J
473 1579 648 1620 ohannes
666 1579 727 1628 de,
748 1579 871 1630 miles,
891 1579 1073 1620 dominus
1087 1580 1136 1620 de

174 1651 402 1704 Walchope,
424 1654 491 1691 42.

248 1723 439 1774 dominus,
459 1724 541 1763 vide
557 1722 788 1763 Craufurdie
805 1736 945 1763 comes.

244 1795 424 1834 dominus
457 1794 683 1834 Willelmus
714 1794 775 1845 de,
804 1793 929 1846 miles,
956 1793 1137 1835 dominus

173 1867 221 1906 de
241 1865 377 1918 Rossy,
397 1868 464 1906 47.

246 1938 492 1990 Ingeramus,
511 1938 683 1978 vicarius
701 1938 750 1978 de
770 1937 978 1990 Bothelny,
1001 1939 1094 1978 529.

121 2031 228 2041 --
248 2010 276 2050 J
278 2010 463 2061 ohannes,
485 2011 580 2050 458.

245 2081 448 2123 Johannes
474 2081 535 2132 de,
570 2082 752 2122 dominus
788 2082 837 2121 de
868 2081 983 2132 Biris,
1016 2081 1132 2133 justi-

175 2154 316 2193 ciarius
335 2167 385 2194 ex
403 2158 514 2206 parte
532 2153 682 2194 boreali
701 2153 749 2193 de
768 2153 905 2203 Forth,
927 2154 993 2194 96.

57 2282 59 2285 Ι
120 2248 229 2255 -——
248 2225 276 2266 J
278 2230 405 2277 oneta,
426 2225 512 2266 vide
531 2225 722 2265 Wishart.

120 2319 229 2327 ———
247 2297 434 2349 magister
452 2297 481 2337 J
483 2297 637 2347 acobus,
659 2296 917 2336 Moraviensis
936 2301 976 2336 et
990 2296 1132 2336 Abbir-

174 2369 356 2410 don'ensis
375 2368 596 2418 canonicus,
621 2369 712 2408 146.

120 2463 231 2470 —-·
246 2440 434 2492 magister
470 2440 499 2480 J
500 2440 656 2487 acobus,
703 2444 829 2479 rector
864 2439 911 2478 de
944 2438 1132 2491 Forglyn,

176 2514 269 2551 425.

121 2606 230 2613 —-
247 2583 434 2635 magister
464 2581 699 2632 Willelmus,
734 2581 905 2622 vicarius
934 2581 983 2621 de
1017 2580 1133 2621 New·

176 2654 273 2707 tyld,
295 2655 389 2694 426.

122 2749 232 2756 —-
250 2726 463 2778 Margaret,
482 2725 568 2765 vide
590 2724 817 2765 Senescalli.

122 2821 230 2828 —-—-
250 2798 429 2848 Max-iota,
450 2798 535 2838 vide
555 2797 759 2837 Lichtone.

124 2890 231 2900 -——-
250 2868 469 2922 Philippus,
499 2867 811 2909 constabularius
830 2867 877 2907 de
899 2868 1132 2920 Fynnevyn,

182 2942 271 2980 146.

122 3033 232 3041 —
250 3010 456 3063 Philippus
474 3011 534 3061 de,
556 3011 739 3062 armiger,
760 3012 827 3050 42.

123 3105 231 3113 -——-
250 3082 433 3133 Thomas,
454 3083 502 3123 de
521 3082 734 3133 Lethnotb,
756 3082 951 3123 469·471.

126 3176 232 3185 —-
250 3154 463 3205 Walterus,
483 3154 698 3195 vicecomes
716 3153 765 3193 de
784 3152 973 3204 Abirdon,
996 3154 1061 3193 50.

124 3249 233 3256 ——
252 3225 477 3267 Willelmus
497 3225 557 3276 de,
581 3227 673 3275 535,
695 3226 788 3264 540.

1337 585 1497 621 curatus
1513 580 1676 621 ecclesie
1692 580 1753 631 de,
1775 580 1862 620 vide
1880 579 2050 620 Ellame.

1207 652 1379 703 Listone,
1402 652 1580 702 Listoun,
1602 652 1788 704 Lystone,
1813 652 2004 704 Lystoun,
2035 652 2222 703 magister

1259 723 1289 764 J
1291 723 1476 774 ohannes,
1498 737 1606 764 sacre
1621 723 1815 776 theologie
1828 723 2029 776 professor,
2048 724 2220 776 preposi-

1260 798 1326 834 tus
1371 794 1532 834 ecclesie
1572 794 1779 846 collegiate
1823 794 1958 835 Sancti
2006 794 2221 835 Saluatoris

1260 865 1363 905 infra
1399 865 1604 906 civitatem
1645 865 1936 917 Sanctiandree,
1974 870 2220 919 presentatus

1257 935 1308 976 ad
1331 936 1523 977 vicariam
1542 937 1591 977 de
1622 936 1841 990 Glammys,
1872 938 1963 988 186,
2004 939 2094 989 187,
2123 939 2215 988 240,

1260 1009 1352 1059 298,
1375 1009 1470 1048 337.

1205 1078 1366 1130 Litstar,
1388 1079 1579 1131 Andreas,
1601 1080 1667 1120 80.

1204 1149 1333 1201 Lixle,
1354 1150 1458 1203 Lyil,
1479 1150 1591 1204 Lyle,
1612 1150 1803 1203 dominus,
1820 1146 1918 1192 210.

1332 1221 1515 1262 dominus
1533 1223 1738 1264 «Iohannes
1756 1223 1816 1275 de,
1837 1223 1961 1275 miles,
1983 1226 2050 1264 29.

1333 1293 1515 1334 dominus
1533 1294 1739 1346 Robertus,
1761 1296 1854 1335 257.

1205 1386 1313 1394 ——
1331 1364 1537 1415 Robertus,
1559 1367 1653 1406 258.

1204 1458 1313 1466 —-
1331 1437 1526 1478 Robertus
1542 1437 1646 1478 filius
1665 1437 1825 1490 domini,
1847 1441 1941 1480 258.

1204 1507 1399 1559 Lochane,
1421 1509 1595 1550 Thomas
1610 1510 1673 1561 de,
1698 1512 1790 1550 128.

1203 1579 1483 1632 Lochmalony,
1506 1580 1735 1633 Nicholaus,
1758 1583 1851 1622 501.

1204 1651 1355 1703 Logan,
1376 1652 1556 1693 dominus
1574 1652 1815 1706 Alexander,
1828 1654 2072 1708 ⁴capellanus,
2096 1657 2185 1696 101.

1331 1726 1418 1765 vide
1435 1724 1588 1777 Lagan.

1204 1795 1329 1847 Logy,
1351 1796 1495 1845 David,
1514 1799 1610 1838 237.

1333 1866 1554 1908 Elezabeth
1573 1880 1714 1920 sponsa
1731 1868 1876 1920 David,
1898 1871 1991 1911 237.

1205 1961 1314 1967 —
1331 1938 1547 1990 Johannes,
1570 1940 1663 1990 384,
1683 1941 1778 1980 426.

1288 2021 1291 2023 ·
1334 2008 1564 2060 Nicholaus,
1585 2010 1679 2061 430,
1700 2011 1794 2062 479,
1816 2013 1909 2051 527.

1334 2086 1459 2121 rector
1478 2081 1538 2133 de,
1559 2083 1645 2122 vide
1665 2081 1799 2122 Clark.

1332 2166 1401 2193 seu
1421 2153 1750 2206 Logy-Vischart,
1771 2154 1858 2196 vide
1875 2155 2088 2197 Wischart.

1206 2224 1375 2276 Lokard,
1394 2225 1557 2275 Lokart,
1588 2225 1778 2277 Lokhart,
1799 2226 2037 2278 Alexander,
2058 2227 2106 2267 de
2123 2228 2214 2278 Lee,

1260 2298 1326 2336 61.

1204 2377 1315 2397 —⁴—-
1334 2367 1515 2419 Katrina,
1533 2368 1620 2408 vide
1639 2368 1814 2410 Alerdes.

1332 2440 1516 2491 Michael,
1546 2442 1753 2494 burgensis
1780 2442 1829 2483 de
1862 2443 1996 2495 Perth,
2024 2444 2090 2495 91,
2123 2445 2214 2494 178,

1260 2512 1353 2551 296.

1205 2582 1385 2634 Londyn,
1405 2582 1585 2635 Lundon,
1605 2583 1635 2625 J
1636 2583 1810 2625 ohannes
1829 2585 1888 2637 de,
1911 2587 2004 2637 535,
2025 2587 2118 2626 540.

1205 2653 1395 2704 Lorimar,
1417 2654 1619 2706 Lorymar,
1654 2655 1910 2707 Dunchanus,
1929 2658 2134 2709 burgensis
2169 2658 2215 2696 de

1260 2725 1530 2776 Abirbrothoc‚
1554 2727 1619 2777 55,
1639 2728 1704 2767 62.

1204 2819 1314 2826 -—
1333 2797 1521 2848 magister
1540 2798 1745 2851 Robertus,
1765 2800 1859 2841 204.

1333 2868 1538 2921 Robertus,
1562 2872 1654 2911 187.

1205 2939 1323 2991 Lorn,
1343 2940 1484 2991 Lorne,
1505 2941 1623 2992 Lord,
1643 2944 1731 2983 vide
1745 2942 1895 2996 Ergile.

1332 3010 1418 3052 lord
1437 3012 1486 3063 of,
1506 3013 1593 3054 vide
1608 3013 1834 3055 Senescalli.

1206 3081 1366 3133 Lovale,
1414 3083 1560 3136 Lowel,
1609 3085 1752 3136 Luvel,
1810 3085 2008 3139 Luvlylle,
2066 3087 2214 3138 Luwel,

1261 3154 1426 3206 Luwell,
1446 3155 1592 3208 Lwale,
1614 3156 1850 3209 Alexander,
1868 3159 1964 3209 296,
1985 3160 2078 3200 461.

1207 3249 1316 3256 --
1336 3226 1571 3279 Alexander,
1593 3229 1642 3269 de
1660 3229 1903 3281 Bawlumby,
1925 3231 2017 3281 156,
2039 3233 2133 3271 157.
