2762 3834
969 388 1284 439 TABULA.
2098 392 2165 439 xli

924 685 1323 734 APPENDIX.

190 854 227 897 I.
258 854 390 899 Carta
425 857 726 914 compendiosa
758 858 869 915 regis
898 858 1123 903 Willelmi.
1189 859 1506 918 [1178-1182.]
1569 862 1641 904 Ex
1662 860 1795 906 MSS.
1830 862 1989 904 Hutto-

317 930 468 974 nianis
489 932 774 989 transumptis
794 947 847 976 ex
866 933 1061 977 archivis
1080 934 1132 978 dc
1151 935 1386 992 Panmure,
1567 972 1573 979 .
1756 972 1763 979 .
1947 970 1956 978 .
2009 937 2056 979 P.
2077 937 2163 980 533

166 1004 227 1048 ΙΙ.
262 1005 549 1051 Confirmacio
588 1008 700 1064 regis
740 1008 919 1052 Roberti
954 1009 1008 1053 de
1038 1009 1163 1053 terris
1194 1015 1239 1053 et
1272 1011 1458 1054 ecclesiis
1493 1016 1537 1054 et
1571 1012 1666 1055 aliis
1701 1012 1985 1056 libertatibus.

320 1081 490 1139 [1312]
551 1083 624 1125 Em
643 1083 836 1127 archivis
856 1084 909 1127 dc
927 1084 1164 1142 Panmare,
2078 1088 2163 1130 535

142 1154 228 1198 ΙΙΙ.
264 1155 550 1201 Confirmacio
575 1158 686 1215 regis
707 1159 886 1202 Roberti
905 1160 958 1202 de
978 1159 1098 1203 tostis
1118 1160 1171 1203 de
1191 1160 1353 1204 Peri-‚h-
1377 1161 1431 1204 de
1451 1160 1629 1204 Forfar-
1653 1166 1696 1204 et
1717 1119 1987 1205 libertatibus

319 1232 541 1276 toftorum.
607 1233 776 1292 [1312]
838 1235 911 1277 Ex
931 1235 1124 1278 archivis
1143 1235 1196 1278 de
1216 1235 1452 1292 Ραητηανε,
1569 1272 1575 1278 .
2076 1238 2161 1281 536

149 1306 226 1349 IV.
262 1306 392 1350 Carta
412 1308 524 1364 regis
544 1307 723 1352 Roberti
739 1309 792 1352 de
806 1306 1005 1352 libertate
1027 1316 1134 1354 terre
1158 1310 1211 1353 de
1228 1310 1428 1367 Tarvays.
1484 1311 1651 1368 [1312]
1702 1312 1775 1354 Eae
1795 1311 1989 1355 archivis

319 1382 372 1424 dc
391 1383 629 1439 Panmure,
814 1419 822 1426 .
1006 1417 1016 1426 .
1195 1421 1203 1427 .
1385 1421 1393 1429 .
1573 1422 1581 1429 .
1763 1420 1771 1427 .
1952 1420 1961 1428 .
2106 1387 2163 1431 ib.

172 1458 228 1501 V.
261 1459 483 1503 Proteccio
523 1459 689 1503 domini
730 1460 840 1517 regis
885 1464 1094 1518 perpetua
1132 1461 1185 1503 de
1225 1460 1362 1504 tribus
1402 1460 1580 1504 clasulis.
1665 1460 1836 1539 [1316.]
1918 1461 1990 1504 Em

319 1534 515 1579 archivis
535 1535 588 1579 de
607 1536 843 1591 Panmure,
1195 1568 1206 1579 .
2080 1539 2167 1582 537

150 1609 230 1653 VI.
262 1609 409 1654 Litera
428 1611 708 1668 proteccionis
737 1611 791 1654 de
821 1611 958 1656 tribus
979 1573 1193 1656 clausulis,
1258 1612 1427 1671 [1319]
1490 1613 1563 1655 Ex
1575 1573 1779 1657 archivis
1799 1614 1851 1656 dc
1872 1614 1993 1656 Pan-

321 1701 456 1744 murc,
619 1722 626 1729 .
2110 1690 2168 1731 ib.

126 1761 231 1806 VII,
264 1761 484 1806 Proteccio
519 1766 727 1820 perpetua
763 1723 948 1820 quatuor
982 1723 1287 1807 clausularum.
1355 1721 1524 1822 [i321.]
1575 1725 1671 1806 ‘Ex
1711 1764 1903 1807 archivis
1943 1765 1995 1807 cle-

320 1837 561 1895 Panmure,
620 1874 627 1881 .
1193 1872 1203 1883 .
1575 1874 1583 1882 .
2083 1842 2167 1883 538

102 1912 232 1956 VIII.
268 1912 554 1958 Confirmacio
594 1914 705 1971 regis
746 1871 925 1959 Roberti
964 1914 1018 1958 de
1056 1915 1181 1959 terris
1220 1920 1265 1958 et
1304 1873 1588 1959 libertatibus.
1671 1915 1842 1974 [1322]
1924 1916 1997 1958 Ex

323 1989 518 2033 archivis
536 1989 589 2033 dc
609 1990 847 2048 Panmure,
1006 2027 1013 2034 .
1198 2024 1206 2032 .
2112 1990 2170 2031 ib.

148 2063 230 2108 IX.
265 2063 552 2110 Gonfirmacio
582 2066 694 2123 regis
725 2065 868 2110 David
898 2080 1025 2123 super
1054 2070 1172 2109 carta
1197 2065 1309 2122 regis
1329 2065 1554 2122 Willelmy
1575 2066 1628 2109 de
1653 2065 1851 2109 omnibus
1871 2066 1996 2109 liber-

323 2141 498 2186 tatibus
565 2142 711 2200 [1341.
717 2143 735 2201 ]
796 2143 871 2186 Ex
891 2142 1086 2186 archivis
1104 2142 1158 2184 dc
1176 2142 1412 2198 Pamnurc,
1578 2178 1583 2183 .
1766 2177 1772 2183 .
1955 2177 1962 2183 .
2084 2142 2166 2184 541

174 2216 236 2259 X.
269 2217 474 2274 Tarvays.
538 2218 709 2277 [1341.]
770 2219 845 2262 Em
864 2219 1059 2262 archivis
1079 2219 1131 2262 de
1150 2218 1386 2273 Panmurc‚
1576 2253 1582 2259 .
1765 2251 1773 2258 .
1956 2249 1964 2256 .
2109 2215 2165 2258 ib.

148 2292 232 2336 XI.
267 2293 554 2338 Confirmacio
593 2295 704 2352 regis
740 2294 884 2338 David
916 2295 969 2338 de
1002 2309 1161 2351 magna
1193 2300 1404 2338 custuma.
1469 2294 1635 2351 [1357]
1697 2294 1769 2335 Ex
1805 2292 1996 2335 archivis

325 2369 378 2412 de
398 2370 635 2427 Panmure,
1580 2404 1587 2411 .
1768 2403 1774 2410 .
1956 2403 1962 2409 .
2084 2368 2172 2409 542

12 2488 23 2500 ι
121 2444 231 2487 XII.
266 2444 397 2488 Carta
417 2450 626 2490 custume.
691 2445 863 2505 [1368]
924 2447 998 2489 Ea:
1008 2406 1212 2489 archivis
1231 2446 1283 2488 de
1302 2406 1537 2500 Parimwrc,
1580 2480 1588 2487 .
1769 2479 1775 2486 .
1957 2479 1965 2486 .
2084 2442 2172 2485 543
2197 2476 2199 2478 .

95 2519 235 2563 XIII.
266 2521 430 2578 Magna
450 2527 659 2566 custuma.
726 2521 898 2582 [1392]
958 2523 1032 2566 Em
1052 2522 1246 2566 archivis
1265 2522 1317 2565 dc
1337 2522 1570 2577 Panmurc,
1769 2554 1775 2562 .
1958 2555 1965 2562 .
2111 2518 2167 2559 ib.

103 2595 231 2639 XIV.
267 2596 556 2642 Gonfirmacio
586 2598 698 2656 regis
729 2598 762 2642 J
762 2598 884 2642 acobl
915 2613 1042 2655 super
1072 2603 1189 2642 carta
1213 2598 1326 2655 regis
1345 2596 1560 2642 Willelmi
1581 2596 1633 2639 de
1655 2595 1853 2639 omnibus
1874 2595 1998 2638 liber-

327 2673 504 2717 tatibus.
568 2673 739 2732 [1436.]
803 2674 878 2718 Eoe
897 2673 1092 2718 archivis
1112 2674 1164 2717 dc
1184 2674 1420 2730 Panmure,
1582 2708 1588 2715 .
1770 2703 1780 2713 .
1958 2705 1965 2711 .
2087 2669 2172 2711 544

132 2747 237 2791 XV.
271 2748 503 2806 Inquisitio
543 2750 597 2793 de
637 2750 876 2794 hereditate
917 2749 1124 2794 Bernardi
1164 2751 1217 2794 de
1259 2750 1404 2806 Rossy.
1470 2747 1638 2806 [1438]
1701 2747 1771 2791 Em
1810 2745 2001 2789 archivis

328 2825 499 2869 domini
518 2826 570 2869 de
591 2827 759 2884 Rossie,
820 2861 829 2870 .
1012 2863 1018 2870 .
1201 2861 1209 2869 .
1392 2860 1399 2867 .
1582 2858 1588 2865 .
1771 2857 1778 2863 .
1960 2855 1967 2861 -
2088 2819 2172 2861 545
