2762 3834
622 377 1048 428 REGISTRUM
1085 378 1179 427 DE
1216 379 1768 455 ABERpROTHOC.
2110 396 2202 447 347

170 513 356 561 nostras
382 513 443 560 de
466 512 633 578 Kepty
662 529 773 560 cum
798 511 1002 560 decimis
1026 512 1306 576 garbalibus
1350 553 1360 562 .
1404 553 1413 562 .
1458 553 1467 563 .
1512 517 1807 566 reseruando
1832 521 1969 568 nobis
1995 523 2205 572 decimas

170 606 257 654 lini
294 614 342 654 et
378 606 581 670 canapis
617 604 948 653 crescencium
986 605 1039 652 in
1075 605 1206 653 dieta
1235 613 1370 655 terra
1414 644 1423 654 .
1464 645 1475 655 .
1521 646 1531 655 .
1575 625 1664 672 pro
1700 611 1921 659 terminis
1957 613 2123 661 decem
2159 623 2207 663 et

169 715 346 746 nouem
369 714 610 746 annorum
651 734 662 744 .
703 734 714 744 .
756 734 765 743 .
805 696 1018 744 termino
1036 713 1152 744 vero
1167 697 1398 746 introitus
1433 737 1442 746 .
1481 736 1491 745 .
1530 737 1540 747 .
1576 701 1843 765 incipiente
1860 710 2077 768 tempore
2094 723 2206 753 con-

170 790 392 838 fe&ionis
416 789 725 854 presencium
751 788 821 837 ita
845 788 977 851 quod
1002 787 1149 836 liceat
1173 789 1436 853 vnicuique
1475 829 1486 840 .
1526 829 1536 838 .
1577 829 1587 839 .
1623 800 1671 840 et
1694 793 1789 841 suis
1813 793 2058 859 affignatis
2092 834 2101 842 .
2140 834 2150 844 .
2194 836 2204 846 .

169 899 413 946 occupare
453 919 464 929 .
502 917 513 928 .
549 918 558 927 .
596 888 790 945 partem
829 917 839 927 .
872 916 883 927 .
922 917 932 927 .
970 879 1056 927 fibi
1081 880 1284 928 diuisam
1310 909 1320 920 ·
1346 882 1573 932 videlicet
1598 913 1608 923 ·
1636 886 1764 949 quod
1791 887 2014 936 dominus
2038 888 2206 937 Dauid

172 973 289 1023 Scot
324 1002 334 1012 ·
371 973 589 1022 Mariota
612 972 850 1021 Durwart
886 1000 896 1010 ·
933 971 968 1020 J
971 972 1151 1020 acobus
1178 972 1341 1022 Grant
1376 1001 1386 1010 ·
1421 974 1675 1024 Elizabeth
1703 977 1903 1026 Masone
1939 1006 1949 1015 ·
1980 980 2206 1030 Andreas

171 1066 289 1115 Scot
331 1095 341 1105 ·
382 1073 430 1115 et
456 1065 676 1114 Thomas
712 1064 945 1114 Gardnar
981 1065 1293 1128 occupabunt
1328 1065 1406 1113 sex
1442 1069 1637 1116 o&auas
1672 1078 1837 1132 partes
1875 1099 1885 1109 ·
1923 1071 2206 1121 Alexander

168 1158 296 1207 Liell
345 1166 393 1207 et
440 1158 689 1206 Robertus
740 1155 858 1206 Scot
905 1156 1218 1220 occupabunt
1262 1174 1407 1205 vnam
1450 1160 1667 1206 olitanam
1710 1168 1897 1224 partem
1938 1191 1948 1201 ·
1989 1162 2204 1211 Thomas

168 1251 395 1300 Barbour
437 1279 447 1289 ·
494 1249 752 1299 Galfridus
793 1247 985 1296 Ferour
1027 1275 1037 1285 ·
1079 1247 1353 1296 Malcomus
1395 1248 1567 1315 Brydy
1606 1279 1616 1289 ·
1661 1250 1845 1299 Heaor
1891 1252 2062 1318 Brydy
2100 1282 2110 1292 ·
2157 1262 2204 1302 et

165 1344 396 1392 Andreas
437 1341 600 1392 Smert
641 1341 787 1390 aliam
831 1343 1053 1389 ofitauam
1096 1341 1408 1404 occupabunt
1443 1350 1628 1404 partem
1668 1380 1680 1391 .
1718 1380 1728 1390 .
1762 1382 1770 1391 .
1812 1342 2057 1393 Soluendo
2095 1384 2104 1393 .
2144 1384 2154 1394 .
2193 1384 2202 1394 .

169 1453 376 1484 monaco
411 1436 472 1484 de
510 1433 758 1484 communi
801 1472 809 1481 .
855 1473 864 1482 .
906 1471 916 1481 .
957 1432 1134 1498 viginti
1174 1450 1365 1481 marcas
1404 1472 1413 1481 .
1455 1469 1466 1481 .
1508 1472 1516 1481 .
1557 1442 1749 1482 monete
1786 1475 1794 1482 .
1833 1475 1841 1482 .
1882 1472 1891 1482 .
1932 1435 2101 1485 Scocie
2143 1439 2206 1485 ad

170 1528 292 1576 duos
311 1528 428 1576 anni
447 1528 684 1576 terminos
722 1566 730 1575 .
762 1566 772 1575 .
805 1566 814 1574 .
853 1542 962 1574 cum
984 1525 1187 1573 decimis
1208 1525 1299 1572 lini
1324 1534 1372 1580 et
1398 1526 1596 1590 canapis
1622 1526 1945 1575 crescencium
1964 1529 2014 1576 in
2036 1530 2204 1577 eadem

172 1629 305 1669 terra
329 1619 581 1669 annuatim
632 1659 641 1667 .
690 1659 697 1666 .
751 1657 759 1666 .
810 1618 1050 1667 Preterea
1093 1657 1101 1666 .
1150 1657 1159 1666 .
1211 1656 1220 1666 .
1269 1618 1382 1667 duci
1406 1618 1590 1667 faciant
1613 1619 1852 1667 monacho
1878 1621 1938 1667 de
1963 1622 2205 1669 communi

288 1752 297 1762 .
348 1714 516 1762 decem
563 1721 612 1761 et
653 1711 734 1759 sex
781 1710 1080 1776 plaustratus
1128 1710 1382 1774 glebarum
1429 1710 1560 1758 infra
1604 1710 1947 1760 monasterium
1993 1712 2207 1761 nostrum

171 1805 424 1854 annuatim
450 1806 521 1854 ita
545 1805 678 1869 quod
698 1819 989 1868 vnaqueque
1014 1819 1128 1867 pars
1155 1805 1327 1851 080aua
1351 1804 1498 1852 ducat
1519 1804 1640 1851 duos
1663 1803 1957 1868 plaustratus
1982 1804 2209 1853 videlicet

170 1905 264 1947 twa
284 1898 490 1962 fuderis
523 1897 780 1961 glebarum
820 1912 1028 1945 vnacum
1065 1894 1203 1944 seffls
1240 1895 1302 1943 ad
1338 1895 1500 1943 curias
1532 1894 1764 1960 capitales
1799 1894 1985 1944 nostras
2010 1896 2209 1944 elimosi-

171 1991 309 2039 narie
335 1998 384 2039 et
409 1991 473 2039 ad
497 1990 618 2038 alias
644 1989 806 2038 curias
832 1989 1045 2038 eiusdem
1071 1988 1261 2037 tociens
1287 1987 1519 2051 quociens
1543 1987 1807 2052 premoniti
1831 1987 2013 2036 fuerint
2044 2017 2053 2026 ·
2088 1988 2151 2037 Et
2176 1989 2207 2036 fi

171 2083 427 2148 contingat
450 2083 696 2148 predi&as
719 2081 950 2147 personas
992 2121 1001 2130 .
1046 2121 1055 2130 .
1100 2120 1109 2129 .
1151 2080 1254 2128 fore
1294 2117 1304 2127 .
1345 2117 1354 2127 .
1396 2117 1405 2126 .
1444 2080 1570 2128 male
1605 2079 1933 2144 persoluentes
1972 2117 1982 2128 .
2023 2117 2032 2127 .
2073 2107 2082 2128 ;
2128 2089 2210 2128 aut

171 2175 430 2225 iniuriosos
469 2213 479 2223 .
522 2215 530 2224 .
573 2213 582 2223 .
624 2175 702 2224 vel
725 2175 777 2222 in
805 2177 1006 2223 veetura
1028 2174 1283 2239 glebarum
1310 2181 1358 2220 et
1382 2170 1516 2219 saetis
1543 2171 1786 2219 curiarum
1813 2171 2020 2219 deficere
2046 2171 2209 2219 licebit

174 2269 314 2317 nobis
357 2267 558 2316 ...de
604 2305 614 2316 .
655 2305 665 2315 .
706 2301 717 2312 .
763 2266 908 2315 terris
953 2304 963 2313 .
1006 2303 1016 2313 .
1063 2303 1072 2313 .
1117 2273 1165 2313 et
1201 2263 1403 2312 decimis
1448 2301 1456 2311 .
1503 2301 1513 2310 .
1560 2300 1569 2309 .
1613 2263 1675 2311 ad
1711 2301 1720 2310 .
1761 2299 1771 2309 .
1811 2300 1820 2309 .
1859 2262 2048 2309 libitum
2094 2301 2101 2308 .
2145 2300 2205 2309 ..

174 2360 432 2425 disponere
470 2398 479 2407 .
514 2397 525 2408 .
564 2397 573 2407 .
612 2359 764 2423 Apud
780 2357 1049 2423 capitulum
1085 2395 1095 2405 .
1131 2393 1143 2405 .
1181 2395 1191 2405 .
1228 2355 1418 2404 decimo
1435 2356 1604 2402 οᾶειιιο
1627 2353 1706 2401 die
1721 2353 1893 2401 meniis
1913 2353 2207 2400 Nouembris

176 2469 304 2500 anno
329 2450 534 2499 Domini
559 2450 814 2499 millesimo
840 2449 1228 2515 quingentesimo
1254 2447 1481 2496 secundo.

177 2703 491 2792 Estyrpersy
517 2735 566 2775 et
590 2726 871 2793 Moirpersy
897 2724 1175 2775 affedantur
1201 2724 1393 2773 Thome
1419 2722 1651 2782 Annand.

177 2884 303 2956 Nos
329 2907 498 2956 Dauid
533 2947 541 2955 .
573 2946 581 2954 .
611 2947 619 2955 .
658 2908 807 2956 abbas
845 2945 853 2955 .
891 2945 902 2954 .
938 2945 948 2955 .
981 2908 1042 2955 de
1068 2905 1405 2954 Abirbrothoc
1443 2940 1453 2950 .
1490 2941 1499 2951 .
1538 2940 1549 2950 .
1585 2901 1849 2949 affedamus
1885 2938 1894 2947 .
1929 2939 1938 2948 .
1974 2937 1984 2946 .
2019 2899 2207 2947 Thome

179 2998 399 3047 Annand
423 3028 433 3038 ·
461 2999 721 3048 Elizabeth
750 2999 936 3063 Ogilvy
953 2998 1122 3062 sponse
1146 2997 1227 3045 sue
1251 2996 1487 3044 moderne
1513 3023 1522 3032 ·
1550 3002 1598 3041 et
1620 2992 1825 3042 Gawino
1845 2991 2054 3055 ipsorum
2073 2990 2170 3037 filio
2197 3016 2206 3025 ·

179 3107 274 3154 quo
299 3090 505 3140 Gawino
544 3093 655 3140 casu
692 3091 973 3139 discedente
1009 3089 1179 3137 heredi
1217 3088 1333 3136 ᾶὶἃὶ
1360 3086 1551 3141 Thome
1594 3121 1604 3132 .
1644 3120 1654 3131 .
1694 3121 1705 3131 .
1747 3091 1902 3131 terras
1938 3081 2122 3128 nostras
2145 3080 2204 3126 de

180 3180 453 3248 Estirpersy
479 3190 528 3231 et
552 3182 832 3250 Moirpersy
857 3198 967 3230 cum
993 3179 1196 3228 decimis
1219 3178 1501 3243 garbalibus
1533 3213 1543 3224 .
1583 3212 1594 3224 .
1632 3212 1643 3223 .
1677 3174 1850 3238 quibus
1886 3189 2015 3220 nunc
2051 3170 2203 3218 diffluis
