2742 3848
421 619 518 672 779

428 1641 525 1693 780

569 396 665 439 514
1016 387 1445 440 REGISTRUM
1480 387 1579 436 DE
1616 384 2183 436 ABERBROTHOC.

571 595 725 669 Idem
751 615 933 666 affedat
953 632 1045 680 pro
1064 613 1396 663 nouendecim
1416 611 1560 660 annis
1581 610 1874 659 Alexandro
1895 610 2049 659 Lame
2067 612 2120 660 in
2140 612 2288 662 Leith
2313 641 2323 651 ·
2349 614 2635 680 Margarete

574 709 817 775 Eriskyne
842 736 852 746 ·
877 716 926 757 et
950 708 1155 755 Andree
1180 705 1333 754 Lame
1363 720 1535 753 eorum
1558 702 1663 751 filio
1687 730 1698 741 ·
1723 710 1773 752 et
1797 703 1894 752 suis
1918 703 2170 770 affignatis
2195 712 2245 754 et
2268 705 2640 757 subtenentibus

574 820 673 851 non
711 801 913 850 maioris
950 798 1104 848 status
1144 827 1154 837 ·
1195 797 1555 846 dimidietatem
1603 802 1852 844 terrarum
1890 796 1952 844 de
1991 795 2295 846 Sowthterre
2331 815 2421 864 per
2456 799 2640 848 dietum

574 893 917 943 Alexandrum
961 896 1228 955 occupatas
1269 888 1322 936 in
1365 887 1587 936 dominio
1629 895 1679 937 et
1719 887 1984 952 regalitate
2032 889 2094 937 de
2136 890 2432 956 Abyrbroth
2476 922 2484 931 ·
2531 910 2642 940 cum

574 985 813 1050 potestate
850 984 1165 1032 subtenentes
1202 981 1492 1046 imponendi
1532 988 1581 1029 et
1622 981 1917 1029 remouendi
1959 1010 1968 1020 ·
2016 979 2269 1030 Soluendo
2309 990 2410 1032 tres
2450 984 2643 1033 celdras

575 1093 845 1127 auenarum
884 1075 1110 1124 mensure
1150 1073 1246 1122 fori
1288 1073 1537 1122 currentis
1580 1073 1644 1121 ad
1682 1073 1922 1121 terminos
1961 1073 2187 1123 soluendi
2228 1092 2441 1124 vnacum
2486 1078 2643 1125 tribus

576 1171 712 1220 libris
738 1171 818 1219 sex
846 1169 1013 1217 solidis
1039 1177 1088 1218 et
1114 1172 1223 1217 octo
1261 1168 1481 1216 denariis
1520 1174 1716 1215 monete
1746 1165 1923 1216 Scocie
1948 1167 2013 1216 ad
2037 1168 2278 1216 terminos
2305 1169 2495 1217 vsuales
2533 1187 2643 1218 cum

576 1271 803 1329 rynmart
851 1261 1071 1311 custume
1117 1261 1310 1327 veddyr
1355 1261 1438 1308 sex
1486 1259 1759 1325 caponibus
1803 1276 1863 1308 ac
1911 1259 2120 1308 totidem
2167 1260 2317 1325 pullis
2366 1262 2547 1310 adultis
2596 1273 2644 1311 et

579 1355 805 1403 omnibus
830 1354 940 1403 aliis
964 1352 1333 1402 husbandorum
1360 1353 1593 1401 oneribus
1617 1379 1628 1391 ·
1654 1356 1719 1400 23
1743 1351 2004 1400 Februarii
2036 1356 2182 1401 1532.

578 1614 734 1687 Idem
771 1637 954 1686 affedat
989 1653 1082 1701 pro
1118 1635 1447 1684 nouendecim
1485 1635 1629 1684 annis
1665 1637 1826 1685 amico
1862 1638 1947 1684 suo
1986 1636 2293 1686 benemerito
2332 1637 2484 1687 Petro
2526 1639 2645 1687 Car·

580 1732 793 1781 michael
817 1733 879 1780 de
906 1732 1083 1779 Drone
1109 1739 1158 1780 et
1182 1730 1411 1779 Eufamie
1437 1729 1648 1795 Veymis
1673 1730 1845 1794 sponse
1880 1729 1963 1778 sue
1998 1729 2360 1795 heredibusque
2397 1731 2647 1797 affignatis

581 1825 928 1874 executoribus
954 1833 1004 1874 et
1027 1824 1399 1873 subtenentibus
1422 1823 1519 1871 suis
1545 1823 1762 1871 decimas
1797 1823 2027 1888 garbales
2052 1832 2101 1873 et
2124 1824 2310 1872 fru&us
2346 1824 2550 1873 ecclefie
2585 1827 2646 1873 de

582 1918 880 1983 Abernethy
922 1934 1033 1965 cum
1082 1917 1321 1965 frmitibus
1366 1924 1415 1964 et
1460 1916 1666 1964 decimis
1711 1915 1901 1980 capelle
1950 1916 2012 1964 de
2058 1915 2235 1965 Drone
2279 1916 2645 1966 Dunblanenfis

583 2009 787 2060 diocefis
817 2027 1025 2059 vnacum
1050 2009 1198 2058 terris
1224 2010 1285 2057 de
1313 2008 1542 2057 Bellacbt
1575 2008 1709 2057 infra
1734 2009 2135 2057 vicecomitatum
2172 2009 2233 2057 de
2270 2009 2423 2058 Perth
2465 2038 2475 2048 ·
2516 2009 2645 2058 Red-

582 2104 746 2152 dendo
772 2103 1160 2167 quadringentas
1179 2118 1374 2150 marcas
1392 2109 1590 2150 monete
1614 2100 1788 2151 Scocie
1806 2101 2096 2166 incipiendo
2115 2102 2327 2166 primam
2345 2103 2644 2152 solucionem

582 2198 644 2245 ad
670 2195 844 2244 festum
871 2194 1057 2243 Pasche
1083 2194 1306 2257 proxime
1330 2193 1440 2258 post
1464 2193 1595 2242 diem
1620 2196 1735 2244 date
1761 2195 2070 2260 presencium
2099 2223 2108 2232 ·
2138 2200 2200 2243 10
2226 2196 2415 2260 Aprilis
2441 2200 2586 2244 1533.

584 2453 738 2524 Idem
765 2474 947 2523 affedat
970 2490 1062 2538 pro
1086 2473 1416 2522 nouendecim
1443 2474 1586 2522 annis
1610 2474 1646 2523 J
1649 2475 1833 2524 ohanni
1872 2476 2122 2525 Meldrum
2161 2477 2282 2526 alias
2315 2477 2647 2526 Marchmond

587 2566 781 2615 Herald
810 2592 820 2602 ·
857 2565 1155 2615 Helizabeth
1183 2564 1423 2631 Cwmyne
1449 2566 1553 2614 eius
1580 2566 1747 2631 sponse
1782 2595 1791 2605 ·
1823 2567 1858 2617 J
1862 2568 2047 2617 ohanni
2073 2568 2321 2617 Meldrum
2351 2587 2521 2618 eorum
2545 2571 2647 2618 filio

585 2659 763 2707 seniori
789 2665 838 2706 et
861 2658 1083 2707 Patricio
1116 2657 1369 2706 Meldrum
1404 2658 1507 2706 filio
1543 2659 1728 2708 iuniori
1772 2689 1782 2699 ·
1827 2670 1876 2710 et
1912 2678 2082 2709 eorum
2121 2661 2370 2725 affignatis
2407 2670 2456 2711 et
2491 2663 2646 2711 subte-

584 2752 816 2800 nentibus
834 2767 935 2798 non
958 2750 1159 2798 maioris
1178 2749 1330 2798 status
1352 2780 1362 2790 ·
1386 2758 1545 2800 terras
1565 2752 1626 2800 de
1648 2751 1989 2819 Tulecartyne
2009 2762 2058 2803 et
2079 2754 2412 2820 Auchquorty
2437 2772 2645 2803 vnacum

586 2842 872 2892 molendino
914 2844 976 2890 de
1020 2841 1251 2906 Tulyhilt
1292 2871 1302 2881 ·
1347 2841 1600 2892 Soluendo
1642 2861 1734 2908 pro
1776 2843 2157 2911 Tulycartbyne
2200 2847 2532 2911 quadraginta
2568 2847 2647 2895 sex

586 2935 765 2983 solidos
791 2943 841 2983 et
866 2936 973 2981 οᾶὶο
999 2932 1231 2981 denarios
1267 2963 1277 2972 -
1315 2950 1406 2997 pro
1430 2933 1764 3001 Auchquorty
1788 2936 2012 2986 similiter
2042 2968 2052 2977 ·
2087 2945 2137 2986 et
2159 2955 2251 3003 pro
2274 2938 2561 2987 molendino
2586 2942 2647 2988 de

590 3026 838 3092 Tullyhilt
863 3035 1075 3090 quatuor
1107 3026 1258 3074 libras
1293 3026 1534 3075 tredecim
1571 3026 1751 3074 solidos
1788 3036 1837 3076 et
1873 3036 2086 3092 quatuor
2122 3030 2352 3078 denarios
2388 3058 2398 3068 ·
2436 3049 2643 3080 vnacum

587 3129 843 3186 rynemart
868 3119 1060 3184 veddyr
1087 3118 1359 3182 caponibus
1385 3127 1434 3168 et
1458 3119 1607 3183 pullis
1634 3138 1757 3169 cane
1784 3129 1833 3170 et
1858 3123 2085 3171 omnibus
2119 3123 2228 3172 aliis
2265 3125 2496 3173 oneribus
2534 3155 2543 3164 ·
2583 3126 2646 3174 26

587 3212 798 3278 Augusti
828 3214 973 3259 1533.
