2762 3834
450 778 543 823 221

456 1953 552 1997 222

596 376 686 428 194
1036 366 1456 421 REGISTRUM
1489 364 1586 414 DE
1620 359 2177 413 ABERBROTHOC.

594 574 931 647 Presentacio
955 591 1153 643 ecclesie
1178 593 1239 639 de
1265 587 1540 637 Arbirloth.

598 752 1038 824 Reuerendiffimo
1077 804 1088 816 .
1127 804 1138 816 .
1176 804 1187 815 .
1226 766 1425 814 domino
1444 762 1697 812 Willelmo
1736 798 1747 809 .
1787 797 1798 808 .
1838 797 1849 808 .
1887 760 2255 825 archiepiscopo
2281 760 2629 810 Sanaiandree

600 902 610 912 .
651 901 660 911 .
700 901 711 911 .
750 861 1025 911 Willelmus
1061 897 1071 908 .
1106 896 1118 907 .
1154 895 1165 907 .
1200 860 1348 907 abbas
1385 894 1396 905 .
1435 893 1447 905 .
1488 892 1499 904 .
1536 855 1597 903 de
1622 852 1961 902 Abirbrothoc
2000 888 2010 900 .
2051 888 2063 900 .
2102 889 2114 901 .
2154 853 2469 902 reuerencias
2510 889 2523 902 .
2563 890 2575 902 .
2618 891 2628 901 .

598 964 645 1004 et
669 955 878 1003 honores
903 982 914 992 ·
942 952 1069 1002 Cum
1094 967 1271 1000 vacare
1297 948 1562 1012 contigerit
1587 945 1775 994 vicaria
1792 946 1854 994 de
1874 944 2138 993 Arbirloth
2161 944 2365 993 ecclefia
2379 945 2630 1009 parrochi-

596 1047 684 1095 alis
708 1046 864 1094 vestre
889 1042 1090 1092 diocefis
1113 1058 1203 1106 per
1226 1040 1613 1103 refignacionem
1649 1075 1660 1087 .
1698 1076 1707 1086 .
1747 1073 1758 1085 .
1793 1035 2014 1102 magistri
2031 1035 2065 1085 J
2069 1036 2278 1085 ohannis
2293 1036 2439 1085 Berri
2460 1037 2631 1086 vicarii

596 1139 655 1187 de
693 1137 875 1187 Dunde
912 1175 920 1183 .
959 1175 967 1183 .
1006 1174 1015 1183 .
1052 1133 1292 1183 Karolum
1331 1131 1668 1197 Fothrengam
1708 1132 1864 1181 filium
1903 1171 1912 1181 .
1951 1171 1961 1181 .
2005 1171 2014 1181 .
2058 1132 2252 1182 Thome
2292 1132 2632 1198 Fothryngam

596 1230 656 1278 de
689 1227 860 1277 Powre
892 1227 1050 1275 vestre
1086 1223 1289 1274 diocesis
1321 1223 1611 1288 paternitati
1648 1224 1808 1273 vestre
1846 1262 1856 1272 .
1900 1262 1910 1272 .
1954 1262 1963 1271 .
2000 1223 2335 1288 presentamus
2375 1253 2385 1264 ·
2424 1226 2631 1274 eandem

648 1360 656 1368 .
700 1359 709 1368 .
757 1319 1007 1368 exorando
1053 1317 1284 1383 quatinus
1327 1354 1336 1364 .
1377 1354 1388 1364 .
1428 1353 1439 1363 .
1482 1316 1547 1364 ad
1589 1315 1867 1364 huiusmodi
1913 1315 2151 1364 vicariam
2196 1355 2207 1371 ,
2257 1355 2265 1364 .
2315 1353 2326 1363 .
2373 1316 2632 1365 admittere

597 1411 756 1461 velitis
796 1450 804 1459 .
848 1449 857 1460 .
901 1449 910 1459 .
947 1410 1101 1474 Apud
1138 1446 1148 1458 .
1189 1448 1198 1457 .
1240 1446 1251 1456 .
1294 1407 1564 1472 capitulum
1589 1406 1807 1456 nostrum
1832 1423 1966 1456 nono
1997 1407 2078 1455 die
2117 1406 2292 1456 menfis
2326 1407 2469 1457 Junii
2504 1425 2633 1457 anno

599 1504 801 1554 Domini
825 1509 893 1552 m⁰
917 1509 1050 1552 0000ο
1072 1502 1206 1551 lxxx⁰
1231 1501 1402 1550 tercio.

597 1752 939 1824 Presentacio
963 1769 1164 1820 ecclesie
1189 1768 1352 1818 nostre
1378 1768 1438 1816 de
1464 1765 1690 1815 Murhus.

604 1929 1045 2001 Reuerendissimo
1082 1984 1094 1996 .
1136 1984 1147 1995 .
1190 1984 1200 1995 .
1239 1946 1437 1995 domino
1455 1945 1710 1995 Willelmo
1749 1984 1760 1995 .
1800 1984 1809 1994 .
1849 1984 1860 1995 .
1898 1946 2265 2012 archiepiscopo
2288 1946 2637 1999 Sanffiandree

605 2041 882 2089 Willelmus
920 2077 929 2088 .
969 2078 978 2087 .
1020 2076 1031 2086 .
1070 2039 1217 2087 abbas
1242 2039 1303 2087 de
1328 2038 1666 2087 Abirbrothoc
1702 2074 1713 2085 .
1751 2074 1762 2085 .
1800 2074 1812 2086 .
1848 2039 2164 2088 reuerencias
2189 2039 2379 2089 debitas
2416 2080 2425 2089 .
2461 2079 2471 2088 .
2506 2081 2516 2090 .
2555 2043 2637 2091 Ad

606 2132 837 2181 vicariam
892 2139 1179 2195 perpetuam
1227 2130 1426 2179 ecclefie
1473 2130 1797 2195 parrochialis
1844 2131 1905 2179 de
1952 2131 2175 2180 Murhws
2223 2134 2381 2182 vestre
2435 2135 2638 2184 diocefis

606 2232 859 2271 vacantem
883 2239 972 2286 per
996 2219 1382 2286 refignacionem
1422 2258 1433 2269 .
1473 2258 1484 2269 .
1521 2259 1531 2269 .
1569 2222 1790 2286 magistri
1815 2222 2093 2272 Alexandri
2122 2223 2279 2289 Inglis
2303 2226 2639 2276 archidiaconi

609 2314 957 2364 Sanffiandree
993 2351 1003 2361 .
1040 2351 1050 2361 .
1088 2349 1099 2360 .
1135 2311 1417 2377 magistrum
1441 2312 1475 2361 J
1479 2313 1723 2363 ohannem
1748 2315 2019 2381 Dowglaee
2042 2316 2197 2365 filium
2240 2356 2249 2366 .
2294 2356 2306 2367 .
2351 2356 2361 2366 .
2402 2319 2640 2369 Willelmi

607 2408 873 2472 Dowglaee
897 2407 958 2455 de
981 2405 1306 2453 Drumlanrik
1346 2443 1355 2453 .
1400 2442 1411 2453 .
1454 2443 1465 2453 .
1497 2407 1655 2455 vestre
1692 2445 1701 2456 .
1740 2444 1751 2455 .
1788 2444 1800 2456 .
1832 2408 2122 2472 paternitati
2155 2446 2165 2457 .
2192 2446 2203 2456 .
2228 2448 2238 2458 .
2271 2411 2637 2474 presentamus·

608 2507 864 2548 exorantes
894 2535 904 2546 .
937 2536 946 2544 .
978 2534 989 2545 .
1022 2497 1252 2560 quatinus
1285 2534 1297 2545 .
1330 2537 1339 2546 .
1374 2534 1386 2546 .
1419 2498 1483 2546 ad
1506 2498 1742 2547 vicariam
1765 2499 2038 2564 predictam
2061 2500 2332 2550 admittatis
2364 2539 2376 2550 .
2404 2539 2415 2550 .
2443 2539 2455 2550 .
2487 2503 2639 2567 Apud

610 2590 770 2638 locum
806 2589 1023 2637 nostrum
1047 2588 1109 2636 (10
1133 2589 1466 2639 Abirbrothoc
1500 2596 1583 2638 xx⁰
1607 2590 1687 2639 die
1721 2589 1897 2639 menfis
1935 2589 2236 2656 Septembris
2270 2609 2401 2641 anno
2436 2593 2640 2642 Domini

613 2679 863 2729 millesimo
887 2680 1364 2745 quadringentesimo
1389 2683 1710 2747 o&uagefimo
1734 2683 1908 2733 tercio.

613 2855 825 2927 Littera
847 2873 1178 2939 inquificionis
1202 2876 1262 2923 de
1286 2875 1488 2924 diuersis
1511 2878 1658 2926 terris
1682 2878 1814 2928 infra
1835 2880 2046 2945 burgum
2072 2882 2134 2930 (10
2159 2882 2510 2932 Abirbrothoc.

468 3051 565 3095 223
616 3023 751 3097 Hec
796 3043 1050 3108 inquificio
1090 3043 1217 3091 {aaa
1256 3044 1387 3107 apud
1428 3043 1763 3096 Abirbrothoc
1805 3048 2032 3098 vicesimo
2073 3049 2153 3098 die
2194 3047 2370 3098 menfis
2413 3049 2642 3101 O&obris

617 3152 747 3186 anno
801 3134 1006 3184 Domini
1057 3133 1311 3183 millefimo
1365 3135 1842 3200 quadringentefimo
1888 3139 2212 3206 oauagefimo
2266 3143 2422 3191 tercio
2477 3159 2640 3193 coram
