2742 3848
573 366 669 417 498
1020 356 1447 409 REGISTRUM
1482 355 1579 405 DE
1615 353 2178 406 ABERBROTHOC.

569 495 809 558 potestate
833 493 1119 557 imponendi
1147 500 1195 540 et
1220 489 1501 554 deponendi
1527 489 1842 537 subtenentes
1885 517 1896 528 ·
1939 490 2116 554 quibus
2152 489 2299 538 terris
2334 499 2383 538 et
2419 490 2624 538 decimis

570 587 827 635 Johannes
852 595 900 634 et
925 586 994 633 sui
1025 583 1247 648 assignati
1274 591 1323 630 et
1348 582 1662 629 subtenentes
1697 580 1984 645 gaudebant
2023 609 2034 620 ·
2075 588 2125 630 et
2158 579 2273 646 ipsis
2308 579 2338 629 J
2347 581 2541 630 ohanne
2578 592 2626 628 et

572 678 781 727 Isobella
803 685 962 725 morte
986 675 1185 739 sublatis
1210 675 1340 722 idem
1368 672 1551 721 assedat
1584 673 1777 721 easdem
1803 680 1962 722 terras
1987 681 2036 722 et
2061 674 2279 722 decimas
2314 690 2406 738 pro
2443 674 2625 738 septem

572 771 714 819 annis
737 768 845 833 post
869 768 1055 816 obitum
1078 765 1328 831 affignatis
1353 781 1443 828 per
1464 763 1499 812 J
1502 764 1748 813 ohannem
1775 773 1969 814 tantum
1994 766 2313 815 nominandis
2340 797 2350 807 ·
2377 765 2628 814 Soluendo

571 881 660 927 pro
695 862 841 911 terris
874 862 933 910 de
966 850 1202 926 Kyrkton
1239 857 1574 924 quadraginta
1607 857 1788 906 solidos
1826 867 2024 908 monete
2068 858 2242 908 Scocie
2286 859 2349 907 ad
2391 860 2629 907 terminos

572 956 825 1002 consuetos
869 962 918 1001 et
959 969 1105 1000 vnam
1144 951 1363 1000 celdram
1403 949 1484 998 sex
1523 950 1681 999 bollas
1724 950 1864 1000 ordei
1909 959 1960 1000 et
2003 951 2163 1000 farine
2208 969 2316 1000 cum
2363 969 2461 999 vna
2496 951 2630 999 bolla

570 1045 803 1094 frumenti
829 1039 1057 1093 mensure
1084 1043 1178 1091 fori
1204 1042 1452 1091 currentis
1477 1069 1487 1079 ·
1512 1052 1561 1092 et
1585 1059 1676 1107 pro
1703 1043 1911 1092 decimis
1936 1046 2206 1093 earundem
2235 1062 2380 1093 vnam
2408 1045 2626 1093 celdram

571 1139 707 1187 ordei
733 1156 843 1187 cum
872 1155 968 1187 vna
989 1137 1122 1186 bolla
1144 1136 1381 1185 frumenti
1405 1136 1632 1185 mensure
1656 1136 1751 1185 fori
1778 1138 2027 1186 currentis
2063 1167 2073 1177 ·
2115 1146 2164 1186 et
2198 1154 2290 1202 pro
2327 1138 2532 1186 decimis
2568 1139 2629 1185 de

571 1230 831 1279 Annaston
867 1247 1014 1278 vnam
1046 1229 1264 1278 celdram
1302 1236 1352 1277 et
1387 1236 1488 1278 tres
1523 1228 1680 1278 bollas
1715 1230 1856 1279 ordei
1882 1238 1931 1279 et
1953 1230 2115 1279 farine
2141 1247 2252 1279 cum
2290 1230 2448 1279 tribus
2482 1229 2629 1278 bollis
2656 1225 2659 1227 Α

571 1322 805 1371 frumenti
851 1322 979 1371 di&e
1027 1321 1254 1370 mensure
1303 1350 1312 1360 -
1364 1337 1475 1369 cum
1519 1321 1782 1372 duodecim
1821 1323 2096 1386 caponibus
2137 1330 2187 1371 et
2226 1322 2431 1371 totidem
2481 1321 2630 1386 pullis

575 1415 754 1463 adultis
790 1443 800 1454 ·
838 1422 888 1463 et
925 1415 1212 1463 inducendo
1248 1413 1441 1478 tegulas
1478 1414 1542 1462 ad
1572 1415 1924 1464 monasterium
1957 1423 2012 1464 ut
2043 1403 2128 1464 alii
2154 1414 2394 1464 husbandi
2430 1415 2630 1478 quando

574 1508 762 1556 onerati
802 1508 988 1556 fuerint
1028 1515 1219 1556 tantum
1255 1523 1350 1571 pro
1385 1507 1614 1556 omnibus
1649 1507 2014 1557 husbandorum
2057 1507 2289 1557 oneribus
2325 1533 2335 1545 ·
2372 1507 2404 1556 6
2437 1507 2629 1571 Aprilis

576 1605 718 1647 1530.

571 1855 892 1940 Preceptum
930 1875 1080 1925 safine
1117 1876 1357 1926 distarum
1395 1885 1641 1926 terrarum
1680 1877 2057 1927 et'decimarum
2094 1894 2184 1941 per
2215 1878 2261 1942 ly
2288 1894 2408 1942 ragsp
2433 1885 2482 1924 et
2506 1876 2629 1924 thal}

573 1969 812 2017 tradende
837 1969 1078 2017 dire8mm
1105 1969 1329 2018 Henrico
1351 1969 1597 2034 Hepburn
1624 1978 1674 2019 et
1699 1969 1810 2018 aliis
1825 1968 2022 2018 balliuis
2047 1969 2238 2018 abbatis
2262 1969 2313 2017 in
2341 1969 2432 2018 hac
2458 1978 2598 2033 parte
2616 1998 2626 2006 -

572 2062 603 2110 6
626 2061 816 2125 Aprilis
844 2065 989 2109 1530.

573 2318 768 2388 Abbas
805 2337 987 2386 affedat
1021 2354 1112 2401 pro
1151 2340 1479 2388 nouendecim
1517 2340 1661 2389 annis
1696 2340 1889 2390 Jacobo
1927 2341 2134 2409 Gardyn
2178 2371 2189 2382 ·
2232 2342 2445 2393 Katrine
2484 2343 2629 2394 Seras
2721 2383 2723 2385 .

577 2432 680 2479 eius
728 2433 900 2495 sponse
949 2460 958 2470 ·
1002 2431 1312 2480 Allexandro
1352 2433 1564 2499 Gardyn
1607 2441 1656 2482 et
1696 2433 1867 2483 Dauid
1907 2434 2117 2501 Gardyn
2160 2452 2329 2485 eorum
2371 2436 2486 2484 filiis
2528 2466 2538 2475 -
2582 2446 2630 2485 et

574 2540 741 2571 eorum
768 2522 1015 2588 affignatis
1041 2531 1090 2572 et
1113 2524 1486 2574 subtenentibus
1521 2543 1622 2574 non
1653 2526 1854 2574 maioris
1890 2525 2041 2576 status
2076 2535 2235 2576 terras
2260 2529 2322 2577 de
2344 2528 2478 2578 Brax
2515 2547 2624 2577 cum

574 2616 776 2664 decimis
822 2616 1107 2680 garbalibus
1143 2645 1154 2655 ·
1195 2616 1445 2667 Soluendo
1484 2618 1746 2668 duodecim
1784 2618 1942 2668 bollas
1990 2620 2131 2669 ordei
2178 2620 2422 2674 sexdecim
2472 2622 2628 2670 bollas

574 2708 733 2755 farine
766 2725 974 2756 vnacum
1011 2718 1238 2774 rynmart
1274 2710 1462 2758 custum
1496 2711 1687 2776 veddyr
1724 2728 1848 2760 cane
1884 2711 2049 2776 pultre
2085 2721 2134 2761 et
2171 2712 2370 2762 custwm
2414 2732 2533 2763 corn
2579 2724 2626 2762 et

577 2815 687 2846 cum
713 2799 759 2862 ly
783 2815 964 2862 carage
988 2800 1264 2864 tegularum
1291 2810 1340 2851 et
1364 2802 1621 2865 glebarum
1647 2810 1696 2851 et
1720 2803 1823 2851 feni
1860 2832 1871 2842 ·
1909 2811 1958 2852 et
1994 2805 2254 2853 seruiendo
2285 2814 2334 2854 et
2358 2807 2624 2870 equitando

579 2907 689 2938 cum
726 2890 901 2938 abbate
936 2891 986 2937 in
1033 2892 1171 2939 curia
1208 2894 1292 2940 sua
1324 2910 1415 2956 pro
1457 2895 1682 2944 omnibus
1724 2896 1833 2944 aliis
1864 2897 2232 2946 husbandorum
2275 2900 2506 2948 oneribus
2543 2928 2552 2937 ·
2597 2907 2626 2953 9

583 2980 771 3044 Aprilis
799 2984 940 3029 1530.
