2742 3848
819 385 1118 436 CARTAE
1156 383 1626 436 ORIGINALES.
2167 392 2266 442 539

179 523 351 589 burgis
392 522 517 571 meis
559 521 716 587 quieti
759 529 809 595 et
849 521 997 571 liberi
1020 520 1116 571 sint
1158 539 1189 571 a
1230 520 1430 570 teloneo
1473 528 1524 571 et
1566 519 1928 570 consuetudine
1969 537 2062 586 per
2109 528 2267 571 totam

179 626 365 666 terram
402 634 566 666 meam
603 624 653 665 et
687 633 779 682 per
816 633 989 665 omnes
1023 622 1200 681 portus
1236 622 1371 664 terre
1406 632 1518 664 mee
1544 615 1606 664 de
1633 614 1865 664 omnibus
1891 622 1942 665 et
1967 614 2268 664 omnimodis

178 710 430 760 mercibus
455 718 506 760 et
530 710 829 759 mercaturis
852 709 952 758 suis
976 709 1196 775 propriis
1221 726 1346 774 quas
1371 708 1586 758 emerint
1616 708 1699 758 uel
1725 709 2048 758 vendiderint
2085 740 2095 750 ·
2132 708 2270 758 Dedi

180 805 339 854 eciam
365 804 437 853 eis
462 811 512 852 et
538 802 751 852 conceffi
775 803 954 869 Athyn
977 819 1070 868 per
1093 805 1256 851 rectas
1281 802 1466 852 diuisas
1502 802 1612 851 suas
1636 810 1686 852 et
1712 820 1825 852 cum
1863 802 2094 852 omnibus
2129 801 2271 852 iustis

179 898 509 964 pertinenciis
533 897 634 946 suis
658 905 709 946 et
734 895 995 946 ecclesiam
1018 896 1237 945 eiusdem
1267 895 1387 945 uille
1422 913 1535 945 cum
1567 896 1808 962 plenariis
1844 896 2054 946 decimis
2090 896 2188 945 suis
2221 902 2272 945 et

182 1009 296 1041 cum
321 991 432 1040 aliis
455 990 595 1040 iustis
629 989 959 1056 pertinenciis
996 988 1093 1038 suis
1133 1019 1143 1029 ·
1181 988 1319 1038 Dedi
1357 990 1518 1039 eciam
1554 990 1626 1039 eis
1661 989 1950 1057 Athynglas
1983 1007 2076 1056 per
2110 991 2271 1039 rectas

181 1085 364 1135 diuisas
388 1084 496 1133 suas
522 1090 572 1133 et
597 1100 711 1133 cum
736 1082 964 1132 omnibus
989 1081 1130 1131 iustis
1154 1083 1482 1147 pertinenciis
1506 1083 1603 1133 suis
1636 1113 1647 1123 ·
1681 1091 1732 1133 et
1766 1082 2117 1151 Dunnechtyn
2155 1101 2268 1133 cum

182 1186 289 1227 tota
312 1178 476 1227 schira
499 1177 585 1226 sua
608 1194 699 1242 per
723 1179 886 1224 rectas
923 1175 1107 1225 diuisas
1143 1175 1253 1225 suas
1289 1184 1340 1226 et
1376 1194 1491 1225 cum
1527 1177 1758 1227 omnibus
1796 1177 1909 1227 aliis
1943 1178 2084 1227 iustis
2119 1177 2272 1244 perti-

182 1272 376 1322 nenciis
423 1272 521 1320 suis
569 1278 619 1321 et
668 1269 925 1320 ecclefiam
986 1270 1206 1320 eiusdem
1255 1270 1374 1319 uille
1431 1288 1542 1320 cum
1595 1271 1825 1320 omnibus
1874 1272 1940 1320 ad
1987 1288 2098 1320 eam
2145 1271 2271 1320 iuste

184 1365 550 1430 pertinentibus
594 1393 604 1403 ·
648 1372 698 1413 et
734 1363 1143 1429 Kingoueldrum
1181 1381 1295 1413 cum
1331 1371 1438 1414 tota
1473 1364 1636 1414 schira
1672 1365 1758 1414 sua
1787 1382 1879 1430 per
1903 1368 2064 1414 rectas
2089 1364 2272 1414 diuisas

184 1460 294 1508 suas
320 1466 370 1508 et
395 1458 654 1508 ecclesiam
680 1457 897 1506 eiusdem
925 1457 1047 1506 uille
1074 1474 1187 1506 cum
1213 1459 1445 1507 omnibus
1471 1459 1536 1508 ad
1560 1476 1670 1508 eam
1701 1458 1827 1508 iuste
1864 1459 2235 1525 pertinentibus
2262 1490 2271 1498 ·

184 1560 233 1601 et
260 1551 518 1601 ecclesiam
548 1550 730 1601 Sancte
755 1549 922 1600 Marie
948 1552 1010 1600 de
1044 1550 1225 1601 Ueteri
1251 1551 1460 1601 Monros
1490 1570 1603 1602 cum
1640 1559 1778 1602 terra
1813 1553 2031 1602 eiusdem
2070 1552 2275 1602 ecclesie

185 1663 282 1710 que
334 1644 533 1695 Scotice
582 1644 762 1694 abthen
810 1652 1022 1694 uocatur
1068 1662 1161 1710 per
1207 1647 1368 1695 recffas
1417 1645 1601 1696 diuisas
1647 1647 1759 1696 suas
1807 1656 1857 1697 et
1905 1665 2017 1696 curn
2068 1647 2276 1697 decimis

184 1738 426 1803 plenariis
470 1745 519 1788 et
560 1755 673 1787 cum
718 1737 948 1786 omnibus
996 1738 1107 1787 aliis
1154 1737 1295 1787 iustis
1339 1739 1668 1804 pertinenciis
1716 1740 1814 1789 suis
1861 1768 1871 1778 ·
1919 1749 1970 1789 et
2017 1740 2275 1790 ecclesiam

186 1832 249 1881 de
307 1830 503 1897 Neutyl
551 1847 663 1880 cum
713 1830 945 1879 omnibus
1000 1830 1141 1880 iustis
1196 1832 1528 1897 pertinenciis
1583 1833 1682 1883 suis
1731 1863 1741 1873 ·
1792 1841 1842 1884 et
1895 1833 2152 1883 ecclesiam
2214 1834 2277 1882 de

188 1926 495 1992 Benchoryn
521 1943 633 1975 cum
661 1925 892 1975 omnibus
915 1925 1056 1975 iustis
1080 1926 1409 1991 pertinenciis
1434 1926 1533 1976 suis
1559 1956 1570 1968 ·
1597 1934 1647 1976 et
1671 1926 1930 1976 ecclesiam
1950 1927 2012 1976 de
2035 1926 2278 1977 Glamnes

190 2038 303 2070 cum
352 2019 582 2069 omnibus
629 2019 772 2068 iustis
816 2019 1147 2085 pertinenciis
1195 2019 1294 2069 suis
1342 2046 1352 2056 ·
1402 2027 1453 2069 et
1500 2019 1759 2070 ecclesiam
1801 2020 1864 2069 de
1907 2019 2185 2070 Hautwefil
2226 2020 2275 2068 in

191 2114 448 2181 Tyndalia
472 2131 585 2164 cum
612 2114 842 2163 omnibus
873 2113 1202 2179 pertinenciis
1226 2112 1325 2162 suis
1350 2113 1402 2162 in
1430 2113 1637 2179 capellis
1661 2113 1716 2162 in
1741 2114 1890 2163 terris
1915 2114 1969 2163 in
1994 2113 2200 2163 decimis
2226 2113 2279 2161 in

190 2206 470 2257 elemofinis
495 2214 545 2256 et
568 2207 623 2256 in
648 2206 880 2256 omnibus
906 2206 1016 2255 aliis
1043 2205 1388 2257 ecclesiasticis
1413 2208 1800 2258 reffltudinibus
1837 2207 2278 2257 consuetudinibus

190 2310 240 2351 et
275 2301 532 2351 beneficiis
571 2329 581 2340 ·
622 2318 735 2350 cum
772 2301 1027 2350 communi
1064 2301 1226 2351 eciam
1260 2302 1465 2367 pastura
1502 2301 1829 2366 omnibusque
1854 2301 1965 2350 aliis
1997 2300 2278 2351 afiamentis

192 2395 466 2444 earundem
501 2393 857 2458 parochiarum
901 2423 911 2433 ·
952 2403 1003 2442 et
1040 2411 1195 2442 unum
1234 2393 1521 2459 plenarium
1561 2395 1741 2444 toftum
1776 2394 1830 2442 in
1867 2393 2071 2463 singulis
2105 2392 2278 2458 burgis

192 2487 316 2537 meis
355 2494 404 2536 et
446 2486 586 2553 gistis
627 2504 724 2551 que
760 2487 921 2536 habeo
965 2494 1015 2535 et
1056 2487 1319 2536 habiturus
1364 2488 1468 2536 sum
1518 2515 1528 2525 -
1577 2496 1628 2537 et
1664 2487 1929 2537 licenciam
1963 2487 2195 2553 capiendi
2226 2487 2279 2535 in

196 2580 393 2630 forestis
418 2580 543 2629 meis
569 2597 868 2645 quecunque
893 2580 966 2628 eis
1001 2578 1276 2629 necessaria
1311 2580 1500 2630 fuerint
1536 2582 1599 2630 ad
1636 2581 1836 2630 edificia
1871 2582 1957 2631 sua
1991 2589 2041 2631 et
2073 2582 2137 2630 ad
2170 2581 2281 2630 usus

193 2674 426 2739 proprios
457 2702 467 2712 ·
503 2680 553 2722 et
578 2690 730 2722 vnum
756 2672 899 2721 rethe
922 2673 1069 2738 super
1094 2689 1275 2737 aquam
1300 2691 1463 2723 meam
1489 2674 1551 2723 de
1576 2674 1732 2724 Perth
1759 2691 1856 2740 que
1882 2683 2091 2725 uocatur
2107 2675 2278 2740 stock-

195 2776 247 2818 et
270 2786 423 2818 vnum
447 2767 731 2833 plenarium
755 2767 898 2816 rethe
931 2767 1078 2832 super
1115 2783 1296 2831 aquam
1334 2768 1396 2816 de
1433 2767 1722 2817 Northesck
1756 2768 1897 2818 iuxta
1933 2768 2143 2817 Monros
2183 2796 2193 2806 ·
2232 2776 2282 2817 et

197 2879 347 2912 vnam
370 2861 577 2911 salinam
614 2862 755 2911 iuxta
790 2861 972 2910 salinas
1007 2878 1145 2910 meas
1178 2860 1232 2909 in
1270 2859 1404 2910 Kars
1440 2861 1575 2926 apud
1614 2860 1873 2928 Striuelyn
1910 2879 2023 2912 cum
2061 2862 2281 2927 quinque

197 2956 328 3005 acris
353 2963 487 3005 terre
512 2963 702 3005 etcum
733 2954 938 3020 pastura
969 2962 1020 3004 et
1050 2954 1201 3003 focali
1238 2957 1300 3003 ad
1337 2954 1609 3019 predi&am
1649 2954 1854 3005 salinam
1892 2955 2246 3006 sufficientibus
2272 2983 2281 2992 ·

201 3047 439 3100 Concedo
466 3049 622 3098 eciam
649 3049 721 3098 eis
744 3049 799 3098 in
824 3056 963 3098 terra
985 3047 1073 3097 sua
1094 3047 1306 3097 liberam
1332 3047 1523 3097 curiam
1554 3048 1691 3098 suam
1729 3066 1844 3099 cum
1876 3050 2019 3100 sacca
2054 3058 2103 3100 et
2139 3051 2283 3099 socca

201 3150 251 3191 et
287 3158 400 3191 cum
443 3142 515 3191 tol
553 3151 603 3192 et
644 3142 781 3191 them
820 3149 870 3191 et
906 3140 1310 3207 infangandthen
1353 3149 1403 3191 et
1438 3141 1628 3191 ferrum
1670 3150 1721 3193 et
1758 3143 1981 3193 duellum
2019 3142 2188 3192 foss'am
2233 3151 2282 3191 et

203 3233 368 3284 furcas
405 3242 455 3285 et
489 3235 698 3285 liberam
737 3235 1043 3285 eleccionem
1078 3234 1272 3283 abbatis
1307 3241 1358 3284 et
1392 3234 1588 3285 firmam
1622 3253 1798 3302 pacem
1835 3237 1968 3286 inter
2004 3236 2183 3286 diuisas
2219 3238 2281 3293 de
