2762 3834
597 323 1020 408 REGISTRUM
1054 359 1151 407 DE
1187 357 1734 408 ABERBROTHOC.
1939 385 1941 387 .
2086 366 2178 410 231

148 503 403 535 oneramus
428 488 648 550 negociis
673 497 722 536 et
745 489 870 536 filios
903 491 1011 537 suos
1036 508 1241 539 onerare
1267 499 1459 554 oportet
1484 530 1493 539 .
1521 530 1529 539 .
1553 530 1561 540 .
1587 491 1677 538 nifi
1702 491 1867 554 aliqua
1890 491 2015 539 iusta
2039 494 2181 539 causa

147 579 328 626 fuerint
349 577 594 640 prepediti
619 578 747 641 ipsos
777 615 787 625 .
815 618 823 626 .
851 617 860 627 .
887 581 948 627 ab
974 582 1197 630 omnibus
1228 583 1590 631 husbandorum
1615 583 1846 631 oneribus
1869 582 2144 631 relaxamus
2169 612 2178 621 ·

148 670 289 718 saluis
310 670 498 732 semper
520 669 776 733 regalitate
800 678 848 717 et
871 671 1203 720 iurisdictione
1224 674 1390 721 nostra
1409 673 1459 720 in
1483 674 1705 721 omnibus
1728 673 1876 721 curiis
1898 681 1947 722 et
1968 673 2180 736 querelis

151 800 159 809 .
184 799 194 808 .
221 797 232 807 .
256 759 327 807 ita
367 768 530 806 tamen
573 759 703 822 quod
751 760 994 808 maneries
1041 762 1102 809 de
1143 763 1526 829 Arthquhorthy
1562 801 1573 812 .
1611 801 1621 812 .
1660 802 1671 813 .
1707 764 1907 813 honeste
1946 768 2182 813 trafitetur

149 852 292 900 modo
315 859 365 900 et
384 851 547 898 forma
571 850 747 914 quibus
772 867 904 898 nunc
927 851 1140 901 consistit
1164 871 1221 901 ac
1245 855 1296 902 in
1318 857 1542 904 omnibus
1566 893 1578 903 .
1605 894 1614 904 .
1639 894 1649 904 .
1673 856 1826 920 ipsam
1847 856 2193 905 sustentabunt.

154 983 164 992 .
205 982 214 991 .
254 981 264 992 .
304 943 370 991 Et
402 943 437 991 fi
473 943 650 1006 aliquis
692 959 862 990 eorum
903 943 956 990 in
991 945 1311 1007 reparacione
1351 946 1479 994 diae
1519 947 1756 995 maneriei
1797 947 1982 1010 aliquid
2020 948 2187 1011 super-.

152 1037 393 1101 expendat
416 1035 707 1083 allocabitur
731 1034 805 1082 illi
826 1073 836 1083 .
862 1071 874 1082 .
901 1072 911 1082 .
934 1035 985 1082 in
1010 1035 1162 1082 firmis
1187 1035 1263 1082 vel
1286 1035 1338 1083 in
1359 1037 1559 1084 decimis
1580 1038 1811 1101 predictis
1829 1066 1839 1076 ·
1862 1038 1928 1087 Et
1949 1038 2182 1102 quociens

151 1145 238 1176 nos
280 1127 358 1175 vel
394 1127 572 1175 fratres
612 1125 766 1173 nostri
805 1125 987 1173 ibidem
1030 1126 1373 1174 aduenerimus
1414 1129 1497 1176 fiet
1538 1130 1678 1177 nobis
1714 1139 1888 1194 parata
1926 1138 1974 1179 et
2013 1139 2184 1194 aperta

152 1219 373 1268 omnibus
411 1256 421 1265 .
462 1255 472 1266 .
513 1255 523 1266 .
562 1216 839 1266 necessariis
879 1255 889 1265 .
933 1256 943 1266 .
986 1256 996 1266 .
1039 1235 1129 1281 pro
1154 1225 1374 1281 tempore
1399 1221 1687 1269 recedencie
1719 1222 1917 1270 nostre.
1951 1260 1961 1271 .
1995 1223 2184 1286 ‚Apud

199 1349 208 1358 .
251 1348 262 1358 .
296 1309 564 1373 capitulum
588 1309 671 1356 xxi
697 1309 775 1356 die
801 1308 975 1356 mensis
1001 1308 1300 1357 Nouembris
1324 1327 1453 1358 anno
1479 1310 1685 1359 Domini
1710 1316 1852 1360 1485.

155 1563 434 1636 Affedacio
459 1582 788 1632 terrarumvde
814 1580 1083 1629 Suthterre.

157 1742 282 1815 Nos
306 1763 477 1812 Dauid
507 1763 656 1811 abbas
687 1763 748 1810 de
778 1760 1116 1811 Abirbrothoc
1142 1800 1150 1809 .
1177 1799 1186 1809 .
1214 1799 1222 1808 .
1249 1760 1515 1809 affedamus
1539 1799 1549 1808 .
1577 1798 1586 1808 .
1613 1799 1621 1808 .
1650 1761 1899 1811 Willelmo
1923 1762 2189 1826 Dowglace

159 1864 206 1906 et
243 1855 444 1904 Alisone
485 1853 652 1919 sponse
693 1853 775 1902 sue
808 1893 817 1902 .
851 1893 861 1903 .
901 1892 911 1902 .
947 1870 1038 1917 pro
1077 1860 1180 1902 toto
1222 1860 1443 1916 tempore
1482 1852 1581 1901 vite
1618 1890 1627 1901 .
1666 1891 1676 1900 .
1715 1888 1726 1899 .
1762 1854 1965 1902 terciam
2001 1862 2191 1918 partem

159 1954 398 1996 terrarum
446 1946 608 1995 nostre
657 1945 891 1994 Terrarie
939 1943 1184 1994 Australis
1226 1981 1235 1992 .
1280 1979 1291 1991 .
1334 1979 1345 1990 .
1388 1960 1534 2006 quam
1582 1960 1714 1992 nunc
1753 1982 1763 1992 .
1802 1981 1812 1991 .
1852 1981 1863 1992 .
1901 1954 2144 2009 occupant
2179 1975 2188 1983 -

159 2039 365 2088 termino
399 2038 630 2087 introitus
668 2075 679 2085 .
720 2074 731 2084 .
771 2075 782 2085 .
821 2037 1090 2100 incipiente
1125 2036 1178 2083 in
1208 2034 1330 2084 festo
1355 2035 1669 2084 Pentecostes
1699 2036 1862 2085 datam
1886 2037 2190 2099 presencium

159 2130 436 2179 immediate
461 2130 691 2193 sequente
716 2155 726 2164 ·
756 2127 1003 2177 Soluendo
1039 2167 1049 2176 .
1087 2166 1096 2175 .
1135 2165 1145 2175 .
1182 2127 1510 2191 quadraginta
1544 2134 1754 2189 quatuor
1777 2127 1954 2176 solidos
1978 2136 2027 2177 et
2052 2129 2191 2192 quin—

162 2239 253 2286 que
278 2222 505 2270 denarios
531 2237 642 2269 cum
668 2220 812 2268 obulo
851 2258 860 2268 .
899 2259 908 2268 .
945 2258 956 2267 .
991 2227 1188 2269 monete
1225 2254 1235 2265 .
1274 2257 1283 2266 .
1324 2254 1335 2266 .
1376 2217 1548 2268 Scocie
1583 2218 1647 2265 ad
1681 2256 1690 2265 .
1729 2256 1739 2265 .
1778 2256 1787 2266 .
1817 2218 2051 2267 terminos
2077 2236 2190 2267 con-

160 2313 317 2362 suetos
352 2351 362 2360 .
400 2350 409 2360 .
449 2348 461 2359 .
499 2328 596 2360 vna
620 2327 728 2359 cum
755 2311 943 2360 duabus
969 2310 1148 2359 celdris
1183 2327 1452 2359 auenarum
1487 2309 1711 2358 mensure
1742 2310 1838 2358 fori
1863 2312 2103 2359 currentis
2128 2311 2190 2358 ad

163 2402 393 2451 terminos
429 2440 438 2450 .
475 2439 485 2449 .
523 2440 532 2449 .
570 2401 789 2449 soluendi
831 2401 1086 2450 consuetos
1125 2418 1236 2450 cum
1281 2408 1492 2465 quatuor
1538 2401 1807 2466 caponibus
1854 2410 1903 2450 et
1942 2402 2048 2450 aliis
2087 2403 2192 2451 iiii⁰¹

163 2495 305 2558 pullis
344 2495 524 2544 adultis
565 2501 791 2559 rynmart
829 2494 1001 2543 wethir
1042 2501 1091 2542 et
1128 2493 1236 2542 aliis
1272 2493 1634 2541 husbandorum
1669 2493 1898 2541 oneribus
1939 2530 1950 2541 .
1986 2530 1996 2539 .
2033 2531 2043 2542 .
2080 2494 2189 2542 Nec

163 2586 328 2636 licebit
366 2586 599 2650 prediffis
632 2622 644 2634 .
681 2623 694 2635 .
731 2624 741 2634 .
780 2585 958 2634 didam
1001 2585 1202 2634 terciam
1243 2592 1434 2649 partem
1477 2622 1487 2632 .
1531 2623 1540 2632 .
1584 2623 1593 2633 .
1635 2583 1850 2633 affedare
1888 2584 1987 2633 fine
2027 2585 2192 2634 nostra

160 2676 366 2726 licencia
389 2716 399 2726 .
424 2717 433 2726 .
462 2715 473 2725 .
501 2677 699 2726 cotariis
733 2677 972 2726 duntaxat
1004 2677 1222 2740 exceptis
1246 2703 1256 2713 ·
1281 2676 1518 2725 Preterea
1542 2676 1576 2724 fi
1601 2715 1610 2724 .
1637 2715 1646 2725 .
1673 2715 1684 2725 .
1708 2676 1835 2725 male
1859 2677 2189 2741 persoluentes

164 2775 246 2817 aut
267 2769 407 2817 nobis
433 2805 444 2816 .
471 2806 480 2816 .
508 2808 516 2817 .
542 2765 763 2817 iniuriofi
790 2804 801 2814 .
828 2805 838 2814 .
865 2806 874 2814 .
901 2767 1155 2816 extiterint
1190 2767 1360 2816 licebit
1383 2767 1524 2816 nobis
1548 2806 1557 2815 .
1590 2804 1600 2815 .
1629 2803 1640 2815 .
1667 2767 1728 2815 de
1755 2804 1766 2814 .
1795 2803 1806 2814 .
1834 2804 1845 2815 .
1873 2768 2027 2816 tercia
2049 2776 2190 2831 parte

167 2858 227 2907 ad
261 2896 271 2907 .
307 2896 318 2908 .
355 2895 365 2905 .
401 2859 592 2909 libitum
631 2895 642 2906 .
680 2895 691 2905 .
732 2895 741 2905 .
778 2857 1034 2920 disponere
1073 2894 1083 2906 .
1122 2895 1132 2905 .
1171 2894 1182 2906 .
1219 2858 1404 2922 Apud.
1432 2898 1440 2906 .
1468 2897 1477 2907 .
1505 2858 1771 2922 capitulum
1793 2859 1893 2907 xxii
1915 2859 1994 2907 die
2017 2860 2187 2907 mensis

168 2947 461 2999 Nouembris
486 2966 614 2998 anno
638 2949 844 2998 Domini
872 2952 1017 2996 1485.
