2762 3834
606 394 1035 446 REGISTRUM
1069 392 1167 443 DE
1204 391 1768 443 ABERBROTHOC.
2126 398 2216 442 101

159 527 548 578 Cartufienfibus
573 546 633 577 ex
657 537 800 593 parte
825 528 1026 577 australi
1055 565 1064 576 .
1106 567 1117 578 .
1157 565 1169 577 .
1195 526 1515 593 promisitque
1540 527 1699 575 dictus
1733 526 2037 575 constituens
2068 526 2221 574 michi

208 657 219 668 .
263 657 274 668 .
312 620 575 684 recipienti
598 621 684 669 sub
709 629 925 686 ypoteca
963 658 973 669 .
1015 658 1026 669 .
1067 658 1077 669 .
1116 621 1336 668 omnium
1375 658 1386 669 .
1425 657 1436 668 .
1475 657 1486 667 .
1524 620 1767 668 bonorum
1796 619 1993 667 suorum
2033 656 2043 666 .
2080 656 2091 667 .
2128 655 2138 667 .
2174 618 2220 666 se

156 720 320 760 ratum
366 749 377 760 .
425 749 435 760 .
479 750 489 760 .
531 713 817 761 habiturum
863 750 873 760 .
913 750 924 761 .
967 750 979 761 .
1023 713 1262 777 quicquid
1297 730 1387 777 per
1419 749 1430 760 .
1467 749 1478 759 .
1512 750 1522 761 .
1561 713 1671 760 suos
1709 719 2057 776 procuratores
2094 747 2105 758 .
2151 749 2162 759 .
2209 746 2219 756 .

158 809 318 853 aaum
356 840 366 850 .
400 843 410 854 .
453 843 464 852 .
508 806 660 854 fuerit
694 806 747 854 in
785 807 929 855 causa
962 806 1192 870 premissa
1234 833 1245 843 ·
1290 804 1420 853 Aeta
1453 805 1656 853 fuerunt
1680 804 1774 853 hec
1799 804 1931 869 apud
1957 803 2144 852 Dunde
2170 804 2223 851 in.

157 897 378 961 hospicio
410 897 654 946 Willelmi
699 897 1019 947 Strathachin
1064 935 1075 946 .
1115 933 1127 945 .
1171 935 1182 946 .
1224 898 1532 962 presentibus
1572 934 1582 945 .
1623 934 1634 945 .
1674 934 1685 945 .
1724 896 1956 961 Georgeo
2005 896 2176 945 Brovn
2211 926 2221 936 ·

161 989 361 1037 domino
408 990 700 1038 Alexandro
742 989 915 1055 Logan
960 990 1217 1055 capellano
1259 1021 1269 1031 -
1311 989 1547 1054 magistro
1586 989 1782 1039 Thoma
1822 989 2087 1056 Dikysoun
2126 1019 2136 1028 ·
2175 998 2224 1039 et

162 1081 381 1130 Patricio
431 1082 550 1147 Hoy
596 1120 605 1130 .
652 1120 662 1130 .
710 1120 720 1130 .
764 1082 830 1130 Et
874 1099 967 1147 ago
1010 1082 1301 1131 Alexander
1348 1081 1647 1131 Thorntoun
1689 1082 1929 1147 presbiter
1972 1082 2223 1131 Sanffian-

163 1174 281 1222 dree
307 1182 400 1223 etc.

165 1431 340 1503 Carta
365 1459 610 1499 terrarum
637 1451 698 1498 de
724 1450 982 1499 Lathame.

165 1609 444 1681 Uniuerfis
480 1637 650 1695 pateat
687 1665 698 1675 .
740 1666 750 1677 .
792 1665 803 1677 .
842 1646 919 1676 me
962 1666 972 1676 .
1020 1666 1030 1676 .
1074 1666 1084 1676 .
1126 1628 1436 1677 'Willelmum
1473 1629 1534 1677 de
1577 1628 1895 1678 Stratbachin
1934 1632 2226 1697 burgensem

165 1761 176 1771 .
217 1760 229 1771 .
270 1760 280 1770 .
318 1723 379 1770 de
404 1722 590 1771 Dunde
625 1759 637 1770 .
678 1759 688 1769 .
730 1758 741 1769 .
776 1719 1036 1785 refignaffe
1063 1721 1115 1768 in
1140 1720 1368 1769 manibus
1395 1758 1406 1769 .
1447 1758 1458 1769 .
1500 1758 1510 1768 .
1537 1722 1728 1770 abbatis
1755 1759 1766 1770 .
1807 1759 1819 1770 .
1861 1760 1872 1771 .
1901 1723 1961 1771 de
1991 1723 2229 1773 Abirbro-

163 1816 280 1864 thoc
320 1853 330 1863 .
371 1853 381 1864 .
423 1853 434 1863 .
471 1823 630 1864 terras
655 1831 789 1862 meas
815 1814 876 1862 de
902 1813 1144 1862 Lathame
1183 1849 1194 1861 .
1242 1849 1253 1860 .
1298 1849 1309 1860 .
1353 1812 1575 1862 iacentes
1612 1813 1664 1861 in
1701 1814 1962 1879 regalitate
1994 1816 2055 1863 de
2082 1816 2231 1864 Abir-

162 1907 373 1957 brothoc
408 1906 543 1955 infra
568 1905 969 1955 vicecomitatum
996 1905 1057 1953 de
1084 1903 1262 1954 Forfar
1286 1922 1378 1970 pro
1406 1907 1662 1954 excambio
1698 1914 1942 1955 terrarum
1986 1908 2230 1957 ecclesias-

164 2001 375 2049 ticarum
401 2001 462 2048 de
489 1999 706 2048 Newtile
744 2035 756 2047 .
798 2037 808 2047 .
850 2037 861 2047 .
900 2015 1013 2047 cum
1045 1997 1214 2063 garbis
1256 1997 1580 2047 decimalibus
1617 2035 1629 2047 .
1670 2036 1681 2046 .
1721 2036 1732 2047 .
1770 2015 1968 2048 necnon
2005 2000 2231 2049 ducentis

164 2093 345 2142 marcis
387 2092 568 2142 vsualis
607 2099 806 2141 monete
848 2091 994 2156 regni
1033 2089 1208 2140 Scocie
1252 2130 1261 2140 .
1299 2130 1310 2141 .
1349 2131 1358 2141 .
1401 2092 1525 2140 mihi
1566 2093 1828 2157 persolutis
1864 2120 1875 2132 ·
1911 2095 2230 2158 quasquidem

214 2226 223 2236 .
263 2226 272 2235 .
310 2187 460 2235 abbas
486 2193 535 2235 et
560 2193 836 2235 conuentus
873 2224 882 2233 .
923 2223 932 2233 .
971 2222 982 2233 .
1021 2184 1142 2232 mihi
1172 2184 1440 2234 heredibus
1472 2185 1595 2234 meis
1621 2193 1670 2235 et
1694 2186 1815 2234 meis
1842 2186 2090 2252 assignatis
2127 2228 2136 2237 .
2175 2228 2183 2236 .
2222 2228 2230 2236 .

167 2278 508 2329 concesserunt
545 2317 554 2327 .
594 2319 603 2328 .
642 2318 651 2327 .
690 2280 928 2327 Preterea
964 2277 1000 2326 fi
1026 2278 1284 2343 contingat
1321 2318 1330 2327 .
1380 2318 1390 2327 .
1440 2318 1449 2327 .
1493 2279 1719 2328 abbatem
1757 2319 1766 2328 .
1806 2318 1815 2327 .
1853 2319 1862 2327 .
1899 2280 2076 2344 garbas
2102 2281 2231 2328 deci-

166 2372 319 2421 males
346 2371 547 2420 ecclefie
574 2372 655 2420 sue
682 2372 743 2419 de
770 2370 975 2419 Neutile
1002 2370 1239 2436 colligere
1277 2411 1285 2420 .
1325 2410 1333 2420 .
1360 2411 1382 2439 y.
1418 2371 1591 2420 licebit
1624 2411 1633 2419 .
1672 2410 1681 2420 .
1720 2410 1730 2420 .
1763 2372 1942 2436 garbas
1968 2371 2231 2420 decimales

217 2504 226 2512 .
265 2503 274 2513 .
312 2465 582 2513 earundem
626 2503 635 2512 .
678 2503 688 2512 .
734 2503 743 2511 .
782 2463 1051 2512 secundum
1094 2464 1228 2527 quod
1262 2463 1511 2512 videbitur
1548 2502 1558 2512 .
1596 2503 1605 2512 .
1643 2502 1652 2511 .
1694 2451 1962 2528 expediens
1995 2501 2005 2512 .
2048 2502 2056 2511 .
2095 2504 2103 2512 .
2143 2463 2233 2511 dis-

167 2575 353 2622 ponere
377 2585 388 2596 ·
413 2557 641 2606 Vlterius
666 2557 701 2606 fi
727 2556 984 2621 contingat
1018 2596 1027 2605 .
1063 2595 1072 2605 .
1110 2595 1120 2605 .
1147 2557 1376 2605 abbatem
1403 2595 1412 2604 .
1452 2595 1461 2605 .
1500 2595 1509 2605 .
1535 2556 1588 2604 in
1616 2594 1627 2604 .
1658 2593 1668 2604 .
1698 2593 1708 2604 .
1736 2556 1882 2604 terris
1907 2556 1967 2604 de
1993 2555 2232 2604 Lathame

171 2690 180 2699 .
208 2690 216 2698 .
244 2690 253 2699 .
278 2651 563 2715 perturbari
588 2651 761 2700 licebit
787 2691 796 2699 .
824 2690 833 2699 .
860 2690 869 2700 .
898 2651 962 2698 ad
982 2650 1200 2715 prefatas
1225 2658 1384 2698 terras
1409 2648 1760 2698 ecclesiasticas
1781 2667 1877 2698 vna
1898 2666 2008 2698 cum
2030 2649 2233 2697 decimis

170 2743 455 2808 garbalibus
497 2745 772 2792 earundem
808 2761 1005 2792 necnon
1032 2742 1260 2792 ducentis
1295 2741 1478 2790 marcis
1513 2741 1725 2790 liberum
1757 2742 1941 2791 habere
1966 2743 2231 2807 regrefl'um

234 2875 243 2883 .
298 2873 309 2884 .
363 2834 423 2882 In
464 2835 603 2883 cuius
638 2835 713 2883 rei
744 2835 1078 2884 testimonium
1115 2835 1328 2900 figillum
1349 2851 1514 2883 meum
1538 2816 1844 2899 presentibus
1870 2835 1939 2884 est
1965 2837 2231 2901 appensum

172 2927 302 2991 apud
327 2926 513 2975 Dunde
538 2927 731 2975 decimo
752 2931 924 2976 o&auo
946 2928 1026 2977 die
1050 2928 1227 2977 menfis
1244 2927 1458 2992 Augusti
1485 2944 1616 2976 anno
1644 2927 1850 2976 Domini
1875 2947 1922 2977 m
1947 2929 2232 2992 cccc⁰quin-

172 3018 452 3084 quagefimo
478 3021 666 3066 octauo.
