2762 3834
0 3634 8 3677 --

44 3656 47 3680 „
40 3527 43 3539 ν
39 3448 41 3472 ’,Α
37 3385 39 3414 „.
35 3278 38 3341 ,ΑΔᾼ

642 351 1074 404 REGISTRUM
1109 352 1206 402 DE
1242 349 1806 402 ABERBROTHOC.
2194 348 2259 392 33

190 482 479 547 magistrum
511 483 822 535 Willelmum
865 487 927 537 de
969 486 1143 553 Spyny
1178 494 1556 552 procuratorem
1606 523 1618 535 .
1670 522 1688 533 ,γ
1733 521 1744 532 .
1791 483 1854 532 ob
1893 479 2258 531 contumaciam

189 575 306 624 dieti
332 576 521 626 domini
550 578 586 627 J
588 579 798 629 ohannis
830 580 938 630 fore
971 581 1270 631 mittendum
1307 580 1361 628 in
1399 577 1734 644 pofl'effionem
1773 577 2021 625 bonorum
2057 572 2256 621 suorum

188 667 445 717 mobilium
487 686 579 734 pro
621 673 769 720 modo
802 673 958 722 debiti
1000 673 1052 721 in
1094 672 1264 721 libello
1307 671 1529 721 contenti
1567 670 1755 719 scilicet
1790 668 1855 717 ad
1891 664 2256 716 estimacionem

187 759 552 828 quinquaginta
589 764 832 813 librarum
870 765 1222 831 sterlingorum
1259 791 1269 801 ·
1308 763 1376 812 Et
1414 764 1532 829 quia
1567 762 1711 811 nobis
1750 759 1942 810 constat
1971 757 2106 823 quod
2129 757 2261 804 bona

189 854 274 902 sua
296 854 502 904 mobilia
524 862 693 920 preter
716 857 871 906 boues
906 865 1128 906 aratores
1164 858 1228 905 ad
1264 865 1454 907 tantam
1488 857 1726 906 summam
1761 855 1810 904 se
1846 871 1948 903 non
1985 851 2260 900 extendunt

187 946 339 1010 peciit
386 948 519 998 idem
566 958 864 1014 procurator
911 951 1043 1000 mitti
1088 951 1143 999 in
1189 949 1526 1015 poss'effionem
1573 950 1707 998 illius
1754 956 1888 998 terre
1930 943 2259 996 ecclesiastice

186 1039 383 1088 ratione
427 1041 567 1089 cuius
608 1041 690 1090 isti
727 1050 928 1091 centum
970 1043 1111 1091 solidi
1154 1042 1410 1091 annuatim
1454 1043 1702 1092 debentur
1739 1049 1789 1091 et
1829 1041 1883 1089 in
1923 1037 2260 1105 poffeffionem

186 1131 486 1195 placitorum
512 1141 562 1182 et
587 1134 904 1198 querelarum
928 1134 1324 1184 inhabitancium
1350 1143 1535 1184 terram
1567 1135 1722 1200 ipsam
1747 1133 2126 1183 ecclesiasticam
2163 1159 2174 1170 ·
2213 1137 2263 1179 et

188 1240 278 1272 nos
302 1224 459 1290 ipsum
485 1226 876 1290 pronunciamus
901 1226 1008 1275 fore
1038 1226 1336 1275 mittendum
1362 1227 1414 1275 in
1438 1225 1776 1291 pofl'effionem
1811 1225 2083 1274 earundem
2118 1223 2262 1272 causa

187 1318 409 1369 custodie
453 1326 502 1367 et
540 1319 730 1368 miss'um
779 1320 863 1368 seu
901 1320 1158 1368 inductum
1203 1318 1256 1367 in
1299 1319 1480 1369 dietam
1526 1319 1863 1385 pofl'eflionem
1912 1318 2118 1367 censura
2165 1333 2264 1380 qua

188 1410 427 1459 conuenit
483 1410 665 1460 debere
725 1411 928 1460 defendi
987 1412 1201 1460 eundem
1261 1411 1512 1460 absentem
1569 1411 1957 1460 nichilhominus
2002 1392 2164 1459 eidem
2210 1409 2264 1457 in

187 1499 410 1566 expensis
435 1501 537 1550 litis
564 1503 991 1567 condempnantes
1017 1521 1225 1568 quarum
1254 1503 1568 1553 taxacionem
1592 1504 1736 1552 nobis
1759 1504 1813 1552 in
1836 1503 2088 1569 posterum
2111 1504 2266 1552 reser-

187 1611 362 1643 uamus
400 1624 410 1634 ·
451 1594 607 1644 Lecta
631 1594 733 1644 lata
758 1603 808 1645 et
832 1595 884 1643 in
910 1596 1106 1661 scriptis
1130 1598 1464 1661 pronunciata
1498 1598 1593 1647 fuit
1616 1598 1710 1647 hec
1734 1598 1905 1646 nostra
1927 1596 2180 1646 sentencia
2213 1596 2267 1644 in

190 1686 399 1738 ecclefia
444 1689 749 1753 parrochiali
789 1690 852 1738 de
887 1689 1056 1755 Elgyn
1096 1727 1108 1739 .
1148 1727 1160 1739 .
1202 1729 1211 1740 .
1250 1691 1354 1740 xxi⁰
1394 1692 1475 1741 die
1512 1691 1691 1740 mensis
1726 1690 1852 1740 Julii
1890 1707 2022 1739 anno
2059 1688 2268 1738 Domini

189 1788 257 1830 m⁰
282 1788 387 1832 ccc⁰
411 1782 516 1830 lxx⁰
540 1782 715 1848 quinto
755 1810 765 1820 ·
802 1782 1075 1831 indiffione
1102 1783 1191 1832 xiii
1233 1816 1244 1826 ·
1282 1786 1602 1850 pontificatus
1639 1783 1829 1835 domini
1857 1782 2095 1850 Gregorii
2132 1800 2265 1831 anno

190 1877 365 1941 quinto
405 1905 416 1916 ·
455 1876 768 1942 presentibus
811 1877 1014 1926 domino
1057 1877 1293 1927 Johanne
1336 1879 1398 1927 de
1444 1878 1557 1927 Ard
1592 1879 1885 1927 succentore
1928 1875 2232 1926 Morauienfi
2258 1904 2268 1913 ·

189 1970 353 2018 Adam
374 1970 436 2020 de
455 1969 652 2035 Tarays
670 1969 915 2019 monacho
935 1998 946 2009 ·
966 1970 1268 2020 Berthomeo
1294 1971 1355 2020 de
1376 1970 1557 2020 Insulis
1583 2000 1594 2011 ·
1621 1971 1844 2020 Roberto
1870 1969 1977 2034 Pop
2000 1997 2010 2008 ·
2035 1968 2070 2018 J
2073 1968 2269 2017 ohanne

191 2063 254 2115 de
280 2061 598 2112 Abirkerdor
623 2091 634 2102 ·
660 2072 709 2112 et
732 2062 768 2112 J
772 2063 968 2113 ohanne
993 2064 1095 2113 filio
1117 2064 1350 2130 Hugonis
1376 2064 1567 2113 decano
1588 2062 1963 2113 christianitatis
1984 2063 2045 2111 de
2064 2061 2230 2127 Elgyn
2258 2090 2267 2098 -

192 2155 252 2204 In
291 2155 632 2221 premissorum
677 2165 843 2208 autem
882 2157 1217 2208 testimonium
1256 2160 1536 2224 presentem
1575 2158 1792 2207 nostram
1830 2155 2133 2206 sentenciam
2170 2155 2268 2203 flue

192 2250 450 2299 decretum
474 2267 565 2314 per
586 2250 837 2299 notarium
864 2251 1230 2317 infrascriptum
1258 2261 1378 2301 tunc
1403 2253 1680 2318 presentem
1706 2252 1758 2300 in
1784 2251 1994 2300 formam
2018 2249 2267 2316 publicam

192 2343 355 2409 redigi
381 2343 588 2392 fecimus
614 2352 664 2393 et
689 2344 836 2410 figilli
862 2345 1019 2394 nostri
1043 2344 1340 2411 appensione
1364 2346 1551 2395 muniri
1584 2376 1594 2387 ·
1627 2345 1818 2394 Datum
1843 2360 1974 2392 anno
1998 2343 2163 2392 mense
2189 2342 2268 2390 die

192 2436 303 2485 loco
330 2436 602 2485 indiffione
627 2444 678 2486 et
700 2437 995 2503 pontificatu
1027 2439 1208 2502 quibus
1243 2439 1391 2505 supra
1426 2467 1438 2479 ·
1478 2439 1545 2489 Et
1580 2456 1673 2505 ego
1697 2438 1733 2488 J
1737 2438 1958 2488 ohannes
1983 2438 2045 2487 de
2073 2436 2268 2502 Tarays

323 2566 333 2576 .
382 2529 610 2594 publicus
660 2568 671 2579 .
723 2567 735 2578 .
787 2567 798 2578 .
847 2530 1071 2579 notarius
1096 2532 1336 2596 premiffis
1374 2532 1750 2582 interlocutioni
1787 2540 1836 2580 et
1872 2531 2074 2580 decreto
2123 2567 2133 2578 .

195 2638 407 2670 vnacum
434 2621 578 2670 dietis
604 2621 808 2672 testibus
829 2623 1031 2688 presens
1057 2624 1262 2674 interfui
1281 2644 1440 2692 eaque
1480 2665 1491 2676 .
1534 2664 1545 2676 .
1584 2664 1595 2675 .
1631 2644 1723 2692 per
1748 2625 1900 2675 alium
1924 2641 2003 2674 me
2026 2623 2267 2688 impedito

195 2715 379 2780 scripta
417 2753 428 2764 .
468 2754 479 2764 .
520 2753 532 2765 .
569 2716 623 2765 in
647 2715 778 2766 hanc
804 2718 1055 2783 publicam
1078 2720 1289 2770 formam
1324 2720 1499 2788 redegi
1524 2719 1759 2787 signoque
1787 2736 1896 2768 meo
1920 2718 2062 2767 solito
2089 2724 2137 2766 et
2163 2716 2267 2764 sub-

196 2806 462 2873 scriptione
488 2807 679 2875 fignaui
703 2818 907 2876 rogatus
943 2850 953 2861 .
991 2852 1001 2862 .
