2762 3834
571 388 668 434 204
1019 378 1442 433 REGISTRUM
1476 377 1572 426 DE
1608 376 2163 428 ABERBROTHOC.

571 516 704 565 modi
728 516 942 565 decimas
967 513 1249 563 executorio
1283 511 1481 559 nomine
1507 509 1683 557 dicatis
1708 498 1840 573 quod
1864 526 1964 557 non
1989 509 2057 558 est
2081 519 2315 560 executor
2338 512 2557 563 breuiter
2592 544 2602 553 ·

572 607 637 657 Et
651 607 686 656 fi
702 615 838 672 petat
859 606 967 654 illas
991 605 1205 654 decimas
1224 610 1307 651 aut
1326 602 1558 649 summam
1577 601 1787 664 pecunie
1808 609 1859 650 vt
1877 600 2141 667 affignatus
2163 603 2234 652 sui
2253 604 2408 668 patris
2427 606 2606 655 dicatis

570 699 786 748 breuiter
810 697 941 760 quod
973 694 1213 759 ignoratis
1245 710 1354 742 eum
1391 693 1497 741 fore
1531 691 1820 757 affignatum
1847 701 1896 742 et
1919 693 1954 741 fi
1979 693 2037 743 fit
2068 694 2333 761 aflignatus
2367 699 2500 761 quod
2523 699 2606 747 de·

568 789 813 838 monstret*
836 816 847 826 ·
882 788 947 836 Et
983 787 1016 834 fi
1052 784 1461 835 demonstrauerit
1495 783 1787 848 potestatem
1821 784 1998 834 dicatis
2034 787 2166 850 quod
2200 794 2342 851 pater
2377 787 2482 836 eius
2504 805 2605 837 non

568 881 736 930 habuit
774 879 1062 944 potestatem
1105 877 1297 926 easdem
1338 876 1578 941 assignare
1620 876 1737 940 quia
1777 892 2029 940 nunquam
2071 885 2178 926 erat
2223 878 2276 925 in
2322 877 2604 942 poss'effione

567 972 832 1022 earundem
865 988 957 1019 nec
990 970 1158 1018 littera
1193 969 1287 1016 hoc
1327 968 1460 1016 canit
1498 985 1609 1017 cum
1649 969 1990 1016 tantummodo
2027 969 2079 1016 in
2120 969 2311 1018 defe&u
2341 970 2604 1020 solucionis

567 1065 744 1111 summo
782 1061 1070 1126 principalis
1104 1060 1230 1108 dicte
1266 1060 1455 1109 decime
1494 1059 1711 1109 concess'e
1745 1067 1888 1109 erant
1920 1060 1955 1108 fi
1988 1060 2228 1109 conceffio
2263 1061 2391 1111 facta
2423 1072 2532 1111 erat
2555 1072 2604 1112 et

564 1155 809 1218 hucusque
843 1154 947 1202 eius
981 1160 1123 1217 pater
1159 1152 1345 1200 nullam
1385 1152 1682 1201 solucionem
1717 1151 1870 1216 peciit
1907 1159 1957 1200 ct
1993 1152 2190 1200 itaante
2216 1153 2602 1217 deuegacionem

566 1246 824 1294 solucionis
849 1244 1222 1309 aflignacionem
1246 1261 1346 1292 non
1373 1243 1529 1292 valuit
1552 1244 1718 1292 facere
1744 1274 1755 1285 ·
1781 1260 1873 1292 nec
1895 1260 2110 1307 vnquam
2134 1252 2278 1309 pater
2302 1245 2407 1294 eius
2431 1245 2603 1295 habuit

562 1338 907 1402 apparenciam
946 1337 1026 1385 sed
1060 1336 1360 1385 solummodo
1397 1336 1530 1384 dieta
1562 1336 1733 1384 littera
1767 1334 2039 1384 deliberata
2072 1353 2162 1400 per
2195 1337 2481 1403 magistrum
2506 1337 2602 1387 Ro-

562 1431 753 1478 bertum
791 1429 1036 1494 Lorymar
1069 1429 1153 1477 suo
1188 1428 1319 1493 patri
1344 1445 1490 1492 quarn
1527 1427 1698 1477 habuit
1733 1429 1785 1476 in
1823 1427 2045 1478 custodia
2068 1446 2099 1478 a
2122 1428 2390 1479 Malcolmo
2426 1431 2601 1480 abbate

561 1523 802 1571 desumo.

562 1772 844 1843 Affedacio
871 1800 1000 1840 terre
1025 1792 1188 1841 nostre
1215 1794 1275 1842 de
1300 1793 1579 1859 Katirlyng.

559 1951 832 2023 Uniuerfis
850 1983 1015 2038 pateat
1040 2014 1049 2023 .
1076 2014 1084 2024 .
1112 2015 1121 2024 .
1147 1993 1236 2024 nos
1254 1976 1559 2025 Willelmum
1588 2014 1599 2026 .
1629 2014 1639 2025 .
1670 2015 1678 2026 .
1707 1978 1934 2027 abbatem
1960 2016 1971 2027 .
2001 2016 2012 2026 .
2041 2015 2052 2027 .
2080 1979 2142 2028 de
2156 1979 2494 2029 Abirbrothoc
2519 2020 2528 2030 .
2552 2019 2562 2030 .
2585 2020 2595 2030 .

557 2063 779 2114 ass'edaffe
800 2105 808 2114 .
830 2105 838 2113 .
860 2106 869 2115 .
889 2066 1134 2116 Duncano
1146 2066 1306 2132 Spark
1321 2095 1331 2106 ·
1347 2069 1381 2117 J
1385 2077 1529 2118 onete
1545 2070 1714 2134 sponse
1731 2070 1811 2119 sue
1831 2070 2066 2119 moderne
2082 2098 2092 2108 ·
2107 2079 2156 2120 et
2171 2071 2420 2121 Duncano
2440 2071 2598 2138 Spark

555 2156 655 2205 filio
675 2157 758 2206 suo
777 2185 787 2196 ·
806 2158 994 2223 suisque
1014 2160 1381 2209 coadiutoribus
1400 2199 1411 2209 .
1432 2199 1443 2210 .
1466 2199 1476 2210 .
1498 2170 1656 2211 terras
1672 2161 1787 2210 ville
1805 2161 1971 2210 nostre
1990 2163 2052 2211 de
2078 2162 2351 2229 Katirlyng
2370 2182 2468 2214 vna
2485 2182 2596 2214 cum

556 2248 837 2298 molendino
862 2251 1075 2300 eiusdem
1115 2289 1125 2300 .
1154 2289 1165 2300 .
1194 2290 1205 2300 .
1238 2270 1329 2317 pro
1356 2262 1459 2303 toto
1484 2263 1706 2318 tempore
1732 2254 1830 2302 vite
1857 2291 1868 2302 .
1897 2291 1908 2302 .
1937 2292 1948 2302 .
1975 2272 2066 2320 pro
2091 2255 2187 2304 suis
2210 2257 2596 2321 gratitudinibus

556 2379 565 2387 .
592 2380 600 2388 .
628 2379 637 2389 .
657 2350 706 2390 et
726 2342 971 2410 signanter
988 2361 1078 2408 pro
1098 2353 1234 2393 certa
1252 2347 1436 2395 summa
1454 2348 1693 2411 peccunie
1712 2355 1934 2412 tempore
1951 2349 2269 2397 confefflonis
2288 2352 2595 2414 presencium

554 2448 644 2494 pro
669 2434 1013 2498 redempcione
1037 2436 1282 2484 bullarum
1307 2439 1585 2487 nostrarum
1609 2448 1866 2504 gratanter
1891 2477 1903 2488 .
1933 2477 1944 2488 .
1972 2477 1984 2489 .
2009 2441 2258 2505 persoluta
2283 2472 2293 2482 ·
2329 2441 2594 2493 Tenendas

682 2559 694 2570 .
742 2541 849 2572 cum
889 2526 1125 2589 potestate
1164 2529 1474 2578 coadiutores
1510 2531 1617 2579 suos
1651 2532 1733 2580 seu
1768 2532 2082 2581 subtenentes
2117 2532 2404 2597 imponendi
2441 2543 2491 2583 et
2514 2553 2593 2584 ex-

556 2613 770 2676 pellendi
820 2652 831 2662 .
883 2653 894 2663 .
946 2654 956 2664 .
1004 2618 1238 2680 quociens
1274 2620 1345 2668 eis
1394 2658 1405 2669 .
1456 2658 1467 2670 .
1513 2660 1524 2670 .
1572 2624 1822 2673 videbitur
1846 2625 2080 2690 expedire
2115 2652 2127 2663 ·
2166 2624 2416 2675 Soluendo
2456 2664 2467 2675 .
2518 2666 2530 2676 .
2579 2666 2590 2677 .

555 2705 725 2752 decem
750 2705 899 2754 libras
925 2707 1098 2756 vsualis
1121 2718 1316 2760 monete
1332 2713 1475 2776 regni
1499 2714 1670 2765 Scocie
1695 2718 1758 2767 ad
1784 2717 1906 2766 duos
1931 2718 2049 2767 anni
2075 2719 2311 2767 terminos
2348 2757 2359 2767 .
2412 2758 2423 2768 .
2474 2758 2486 2769 .
2523 2722 2593 2770 ita

555 2804 719 2845 tamen
743 2798 875 2860 quod
900 2799 1134 2861 quociens
1158 2817 1247 2849 nos
1279 2810 1328 2850 et
1362 2804 1550 2854 familia
1583 2808 1750 2856 nostra
1780 2810 1911 2873 apud
1943 2809 2210 2876 Katerling
2245 2811 2590 2862 aduenerimus

556 2925 566 2935 .
607 2925 618 2936 .
658 2926 669 2937 .
695 2888 1076 2954 hospitalitatem
1104 2893 1244 2941 nobis
1275 2931 1288 2942 .
1327 2932 1338 2943 .
1378 2932 1388 2943 .
1423 2896 1580 2946 ἀὶἃιιε
1614 2897 1891 2948 Duncanus
1926 2901 2150 2950 inueniet
2184 2901 2437 2952 honestam
2476 2941 2488 2952 .
2525 2941 2537 2952 .
2575 2942 2587 2953 .

553 2995 663 3027 cum
689 2979 970 3029 vtenfilibus
994 2984 1405 3033 conuenientibus
1427 3003 1518 3050 pro
1543 2989 1801 3039 esculentis
1835 2992 1977 3040 nobis
2008 2992 2344 3042 ministrandis
2368 2995 2588 3060 expensis

553 3070 728 3120 nostris
770 3073 831 3121 de
873 3075 1120 3123 communi
1161 3076 1330 3140 precio
1370 3078 1530 3142 patrie
1578 3106 1588 3117 ·
1637 3080 1703 3130 Et
1744 3083 1863 3147 quia
1907 3084 2155 3148 predictos
2198 3085 2499 3135 Duncanum
2538 3094 2587 3135 et

551 3162 849 3212 Duncanum
886 3165 1039 3214 filium
1076 3166 1211 3215 suum
1248 3169 1498 3218 nobiscum
1533 3170 1584 3219 in
1621 3173 1759 3221 curia
1793 3174 1959 3224 nostra
1981 3184 2030 3224 et
2055 3176 2176 3225 alias
2200 3193 2408 3227 onerare
2428 3177 2585 3227 inten-
