2742 3848
515 367 614 422 476
966 359 1390 414 REGISTRUM
1427 358 1520 407 DE
1557 354 2118 406 ABERBROTHOC.

515 500 716 565 pastura
749 498 802 546 in
838 495 1073 563 Kyrkton
1095 496 1156 543 de
1180 493 1321 559 Fyue
1357 499 1406 540 et
1436 489 1666 554 Ardlogy
1692 488 1936 537 consuetis
1973 517 1983 527 ·
2024 487 2274 538 Soluendo
2310 507 2400 555 pro
2437 492 2569 541 dieta

516 591 674 640 tercia
718 596 859 654 parte
906 595 1117 652 quatuor
1163 600 1354 632 marcas
1402 588 1601 629 monete
1651 579 1827 630 Scocie
1886 597 1998 629 cum
2045 580 2155 629 aliis
2201 581 2568 632 husbandorum

516 682 748 731 oneribus
792 687 841 729 et
881 678 1099 727 seruiciis
1147 677 1286 724 iuxta
1333 672 1737 722 consuetudinem
1783 673 1989 722 baronie
2033 674 2094 722 de
2133 673 2284 740 wae
2332 703 2342 713 -
2389 684 2438 724 et
2478 694 2569 741 pro

515 772 798 822 molendino
824 768 1153 834 quadraginta
1177 767 1355 815 solidos
1378 765 1507 814 didse
1531 773 1730 814 monete
1770 791 1779 801 ·
1821 765 1881 819 17
1906 764 1942 814 J
1945 765 2138 814 anuarii
2167 768 2313 820 1527.

368 1045 459 1094 681
515 1026 667 1098 Idem
715 1044 897 1094 affedat
932 1060 1023 1109 pro
1059 1041 1389 1091 nouendecim
1425 1040 1569 1089 annis
1610 1041 1845 1106 magistro
1886 1041 2080 1091 Thome
2122 1042 2258 1107 Crag
2292 1044 2473 1092 retitori
2506 1045 2570 1092 de

518 1140 718 1188 Terwat
742 1137 931 1201 suisque
951 1135 1200 1201 aflignatis
1225 1142 1275 1184 et
1297 1134 1670 1183 subtenentibus
1693 1151 1795 1183 non
1818 1135 2189 1199 potencioribus
2213 1136 2572 1186 dimidietatem

515 1242 757 1281 terrarum
783 1229 911 1278 wille
937 1227 1140 1278 ecclefie
1165 1228 1227 1276 de
1254 1226 1460 1276 Terwas
1486 1243 1598 1276 cum
1629 1227 1880 1275 communi
1915 1227 2115 1292 pastura
2137 1228 2189 1276 in
2214 1228 2474 1294 regalitate
2510 1230 2571 1278 de

515 1322 815 1389 Abyrboyth
840 1329 889 1371 et
915 1320 1263 1370 vicecomitatu
1299 1319 1361 1367 (16
1399 1319 1629 1368 Abirden
1665 1337 1811 1384 quam
1849 1327 2060 1385 occupat
2094 1320 2353 1370 Johannes
2380 1321 2570 1371 Clark·

516 1415 789 1464 Reddendo
817 1413 1150 1479 quadraginta
1185 1412 1366 1460 solidos
1402 1419 1601 1461 monete
1641 1410 1815 1461 Scocie
1852 1429 1963 1461 cum
2001 1412 2221 1461 seruiciis
2258 1413 2489 1462 custumis
2525 1421 2573 1462 et

515 1507 730 1556 deuoriis
756 1506 999 1556 consuetis
1029 1533 1039 1544 ·
1076 1509 1140 1554 28
1165 1505 1201 1554 J
1203 1504 1398 1554 anuarii
1428 1504 1573 1557 1527.

368 1788 463 1834 (582
516 1765 668 1837 Idem
713 1785 895 1834 affedat
939 1802 1030 1849 pro
1077 1783 1403 1833 nouendecim
1455 1783 1599 1832 annis
1639 1781 1847 1830 Andree
1887 1780 2007 1846 Hoy
2046 1810 2056 1820 ·
2099 1779 2282 1829 Jonete
2321 1780 2574 1830 Bouchart

513 1879 684 1943 sponse
725 1877 807 1926 sue
847 1906 857 1917 ·
898 1885 948 1927 et
986 1878 1208 1926 Roberto
1251 1876 1371 1942 Hoy
1413 1876 1516 1924 filio
1553 1876 1639 1924 suo
1676 1875 1859 1924 seniori
1902 1904 1913 1914 ·
1950 1874 2140 1939 suisque
2188 1874 2437 1939 affignatis
2474 1892 2575 1924 non

518 1970 717 2019 maioris
766 1969 916 2018 status
964 1969 1220 2018 dimidiam
1266 1976 1462 2033 partem
1506 1968 1783 2017 molendini
1833 1967 1895 2016 de
1936 1966 2178 2033 Craquhy
2217 1985 2328 2016 cum
2371 1967 2576 2017 decimis

520 2062 869 2126 quamquidem
894 2062 1124 2110 Andreas
1150 2069 1264 2110 ante
1291 2062 1567 2126 occupabat
1604 2087 1614 2097 ·
1654 2059 1907 2109 Soluendo
1943 2068 2157 2124 quatuor
2180 2059 2338 2109 bollas
2363 2060 2503 2109 ordei
2528 2068 2577 2110 et

519 2154 727 2202 sedecim
766 2153 922 2202 bollas
957 2153 1116 2201 farine
1152 2154 1378 2201 mensure
1414 2153 1511 2201 fori
1548 2152 1796 2201 currentis
1825 2133 1946 2201 ¹cum
1987 2151 2321 2217 quadraginta
2360 2152 2577 2201 denariis

519 2254 715 2294 monete
739 2244 911 2295 Scocie
935 2263 1026 2310 pro
1053 2245 1258 2293 dimidia
1280 2252 1423 2309 parte
1447 2244 1588 2310 porci
1614 2252 1663 2293 et
1687 2245 1769 2292 sex
1789 2244 2060 2308 caponibus
2080 2251 2130 2293 et
2148 2245 2409 2293 duodecim
2429 2245 2577 2309 pullis

521 2338 702 2386 adultis
738 2366 747 2375 ·
781 2337 1074 2386 Tenendam
1097 2338 1150 2385 in
1174 2337 1323 2386 modo
1344 2337 1580 2402 sequente
1606 2364 1616 2374 ·
1643 2336 1878 2386 videlicet
1914 2366 1924 2376 ·
1963 2337 2097 2401 quod
2121 2343 2347 2386 tenentes
2372 2337 2577 2403 obligati

522 2430 585 2477 ad
609 2429 946 2478 molendinum
971 2437 1070 2478 tam
1099 2429 1295 2478 cottarii
1322 2446 1470 2493 quam
1506 2429 1747 2478 husbandi
1783 2429 1974 2478 soluent
2008 2429 2295 2478 molendino
2331 2430 2575 2478 decimum

446 2552 448 2555 >
521 2521 779 2584 septimum
817 2538 902 2569 vas
938 2521 1097 2570 tocius
1132 2521 1266 2569 bladi
1304 2521 1375 2569 sui
1413 2530 1463 2570 et
1499 2523 1560 2571 de
1597 2522 1732 2570 omni
1766 2521 1916 2571 blado
1954 2521 2260 2570 decimarum
2296 2522 2576 2571 vicefimum

523 2628 673 2659 vnum
706 2629 791 2660 vas
824 2638 835 2649 ·
877 2620 927 2660 et
964 2613 1152 2660 dabunt
1191 2611 1434 2661 husbandi
1475 2614 1682 2680 obligati
1721 2615 1784 2663 ad
1820 2613 2158 2662 molendinum
2199 2614 2252 2679 ly
2284 2631 2413 2679 ryng
2453 2615 2577 2680 beyr

524 2704 807 2751 consuetum
844 2730 855 2741 ·
892 2711 941 2751 et
977 2703 1184 2766 quilibet
1221 2705 1459 2753 cottarius
1494 2706 1682 2755 habens
1718 2706 1937 2771 quinque
1972 2705 2240 2770 perticatas
2265 2714 2398 2755 terre
2422 2707 2576 2755 soluet

523 2794 807 2842 molendino
827 2801 926 2842 tres
947 2794 994 2842 le
1019 2794 1184 2858 peccis
1204 2795 1343 2843 ordei
1370 2796 1430 2844 de
1455 2797 1507 2862 ly
1526 2815 1656 2864 ryng
1679 2799 1804 2863 beyr
1829 2825 1839 2835 ·
1865 2805 1914 2846 et
1933 2797 1966 2845 fi
1987 2797 2218 2847 habuerit
2241 2798 2404 2846 minus
2429 2815 2576 2862 quam

523 2885 741 2949 quinque
779 2885 933 2933 soluet
970 2885 1236 2934 secundum
1278 2888 1605 2950 quantitatem
1648 2917 1658 2927 ·
1703 2897 1751 2937 et
1792 2889 1826 2937 fi
1869 2896 2095 2938 tenentes
2137 2889 2201 2937 ad
2237 2889 2574 2937 molendinum

525 2976 754 3025 uenerint
774 2984 824 3025 et
841 2993 940 3024 non
962 2976 1247 3025 inuenerint
1268 2978 1508 3027 sufficiens
1529 2980 1792 3028 seruicium
1813 2987 1931 3029 tunc
1949 2980 2301 3029 molendinarii
2318 2980 2576 3030 inuenient

524 3068 594 3116 eis
619 3067 718 3116 alia
740 3067 1026 3116 molendina
1055 3068 1118 3115 ad
1149 3068 1435 3117 molendum
1472 3087 1641 3119 eorum
1677 3071 1827 3120 blada
1861 3071 2104 3136 capiendo
2130 3072 2191 3120 ab
2216 3071 2286 3120 eis
2310 3071 2576 3121 multuram

524 3159 739 3208 debitam
775 3186 785 3197 ·
825 3162 886 3206 13
911 3157 1172 3207 Februarii
1203 3159 1344 3216 1527,
