2762 3834
41 1035 105 1083 68

610 344 1040 396 REGISTRUM
1074 346 1172 395 DE
1208 345 1773 399 ABERBROTHOC.
2160 350 2224 398 63

161 482 242 523 tur
277 502 287 511 ·
324 474 385 524 In
412 476 551 526 cuius
575 478 651 527 rei
676 479 1010 528 testimonium
1037 479 1247 545 sigillum
1283 519 1294 530 .
1329 519 1341 531 .
1378 519 1389 530 .
1424 481 1630 546 capituli
1653 482 1863 531 fecimus
1888 482 2072 547 apponi
2110 519 2120 530 .
2163 520 2173 530 .
2211 520 2222 530 .

162 817 449 890 Affedacio
477 844 620 893 vnius
645 845 757 894 tofti
781 845 833 893 in
859 845 1191 912 Portyncrag.

163 1008 443 1081 Uniuerfis
481 1066 492 1077 .
533 1066 543 1076 .
585 1065 596 1076 .
633 1028 891 1077 Walterus
929 1066 940 1077 .
976 1067 987 1077 .
1024 1067 1034 1078 .
1074 1031 1224 1079 abbas
1258 1068 1269 1079 .
1305 1067 1316 1078 .
1353 1069 1364 1079 .
1398 1031 1459 1079 de
1490 1030 1829 1080 Abirbrothoc
1865 1031 2069 1080 salutem
2109 1068 2120 1079 .
2161 1068 2172 1079 .
2213 1069 2225 1079 .

163 1121 380 1170 Nouerit
404 1120 695 1170 vniuerfitas
733 1122 896 1169 vestra
930 1138 1021 1169 nos
1067 1159 1078 1170 .
1119 1159 1130 1170 .
1172 1160 1183 1171 .
1222 1123 1287 1172 ad.
1320 1123 1514 1170 firmam
1551 1121 1777 1171 dimififl'e
1823 1160 1833 1170 .
1874 1160 1885 1171 .
1927 1159 1938 1171 .
1981 1122 2228 1171 Michaeli

160 1214 358 1263 Archer
401 1222 450 1263 et
489 1213 690 1278 Agnete
733 1213 876 1261 vxori
917 1213 1000 1262 sue
1043 1221 1093 1263 et
1131 1251 1142 1262 .
1181 1252 1192 1263 .
1233 1251 1244 1262 .
1283 1215 1367 1263 vni
1408 1215 1584 1264 heredi
1625 1216 1845 1264 masculo
1889 1215 1998 1280 post
2039 1216 2228 1264 obitum

162 1324 331 1355 eorum
358 1307 420 1355 de
446 1322 656 1370 corpore
693 1322 866 1354 eorum
901 1313 1165 1370 procreato
1210 1343 1221 1354 .
1262 1343 1273 1353 .
1314 1343 1325 1354 .
1362 1324 1512 1354 vnum
1548 1307 1727 1355 toftum
1752 1307 1805 1355 in
1832 1308 1951 1356 villa
1974 1307 2141 1357 nostra
2165 1311 2227 1358 de

162 1397 478 1461 Portyncrag
503 1397 635 1460 quod
662 1397 914 1460 quondam
938 1396 974 1445 J
976 1397 1198 1445 ohannes
1223 1397 1283 1445 de
1309 1397 1572 1463 Pyttyllok
1597 1399 1799 1448 tenebat
1833 1437 1844 1447 .
1885 1436 1895 1447 .
1936 1437 1947 1448 .
1986 1417 2043 1448 ac
2069 1400 2228 1449 eciam

163 1496 391 1552 quartam
431 1495 624 1553 partem
667 1496 801 1537 terre
843 1487 1210 1537 husbandorum
1248 1506 1396 1553 quam
1438 1491 1585 1538 modo
1624 1527 1635 1539 .
1676 1528 1687 1539 .
1728 1528 1738 1540 .
1777 1491 1999 1540 Michael
2041 1500 2179 1542 tenet
2215 1521 2225 1531 ·

162 1583 413 1631 Soluendo
463 1619 475 1631 .
527 1619 538 1630 .
589 1618 602 1631 .
644 1598 736 1646 pro
762 1582 905 1630 firma
930 1582 1048 1631 dieti
1073 1582 1184 1631 tofti
1209 1580 1298 1631 xxti
1322 1581 1501 1630 solidos
1527 1582 1706 1631 vsualis
1739 1592 1937 1633 monete
1965 1583 2138 1633 Scocie
2164 1586 2229 1634 ad

161 1677 283 1724 duos
321 1675 438 1724 anni
477 1673 715 1723 terminos
752 1712 762 1723 .
803 1711 814 1722 .
855 1711 865 1722 .
905 1683 956 1721 et
990 1691 1081 1738 pro
1119 1681 1255 1723 terra
1289 1674 1660 1724 hufbandorum
1694 1713 1705 1724 .
1747 1713 1758 1724 .
1799 1713 1809 1724 .
1843 1675 1932 1724 xiii
1966 1675 2144 1725 solidos
2179 1687 2228 1726 et

159 1769 266 1817 iiii0‘
290 1767 521 1817 denarios
557 1767 621 1815 ad
656 1766 896 1816 terminos
920 1766 1169 1830 predictos
1205 1793 1215 1804 ·
1253 1774 1302 1816 et
1326 1767 1631 1816 inueniendo
1656 1768 1798 1816 nobis
1824 1776 1874 1817 et
1897 1769 2077 1817 nostris
2111 1807 2122 1818 .
2161 1808 2172 1817 .
2215 1809 2224 1818 .

157 1861 473 1927 hostilagium
517 1859 740 1909 debitum
789 1897 799 1907 .
840 1896 851 1907 .
893 1897 903 1907 .
947 1875 1059 1907 cum
1099 1859 1334 1907 oneribus
1374 1860 1741 1908 husbandorum
1787 1899 1798 1909 .
1839 1899 1850 1909 .
1891 1898 1901 1908 .
1947 1861 2191 1911 consuetis
2217 1890 2227 1899 ·

156 1954 267 2003 Nec
292 1954 464 2003 licebit
488 1953 725 2018 predictis
761 1990 771 2000 .
812 1990 823 2001 .
864 1990 874 2000 .
909 1951 1086 2001 toftum
1115 1959 1200 2001 aut
1226 1960 1412 2002 terram
1453 1992 1462 2001 .
1504 1991 1514 2001 .
1555 1991 1566 2002 .
1604 1953 1755 2002 alicui
1795 1992 1806 2002 .
1847 1991 1858 2001 .
1898 1992 1908 2002 .
1946 1955 2010 2003 ad
2034 1954 2224 2003 firmam

155 2047 406 2097 dimittere
432 2045 532 2096 fine
558 2047 727 2094 nostra
750 2045 963 2095 licencia
999 2083 1010 2094 .
1048 2083 1058 2094 .
1099 2083 1109 2093 .
1139 2044 1206 2094 Et
1231 2047 1366 2117 quod
1389 2046 1600 2111 predifflfl
1639 2084 1649 2095 .
1691 2085 1701 2095 .
1741 2084 1752 2095 .
1791 2048 1874 2096 seu
1899 2056 2074 2096 tenens
2110 2086 2120 2096 .
2162 2086 2172 2096 .
2213 2080 2223 2089 -

154 2158 243 2204 pro
279 2150 503 2205 tempore
543 2177 552 2187 .
594 2178 605 2187 .
645 2177 656 2188 .
694 2138 891 2188 meliori
927 2139 1074 2187 modo
1114 2146 1164 2187 et
1202 2138 1362 2188 forma
1399 2139 1576 2204 quibus
1612 2140 1835 2204 poterint
1872 2141 2223 2205 proporciona-

153 2235 268 2284 liter
293 2235 563 2284 secundum
593 2232 959 2298 possibilitatem
995 2233 1214 2298 ipsorum
1247 2239 1439 2281 attento
1474 2240 1698 2297 tempore
1733 2233 2005 2281 eorundem
2039 2234 2221 2282 dictum

153 2328 330 2376 toftum
373 2327 677 2375 edificabunt
716 2326 921 2375 honeste
964 2333 1013 2375 et
1054 2326 1351 2375 sufficienter
1392 2324 1701 2374 sustinebunt
1742 2326 1807 2374 ad
1848 2325 2221 2390 dispoficionem

206 2459 216 2469 .
258 2459 268 2468 .
307 2421 524 2469 nostram
553 2427 601 2468 et
625 2419 781 2468 nostri
816 2418 1007 2467 confilii
1043 2419 1096 2467 in
1130 2419 1242 2468 casu
1275 2435 1373 2482 quo
1408 2435 1500 2467 nos
1535 2419 1597 2467 de
1633 2418 1947 2467 edificatione
1984 2426 2033 2467 et
2067 2419 2221 2467 refor-

151 2513 376 2562 macione
425 2512 543 2561 diffl
590 2511 703 2561 tofti
746 2511 970 2560 contenti
1018 2528 1121 2559 non
1163 2511 1403 2560 fuerimus
1455 2547 1467 2558 .
1519 2547 1530 2558 .
1585 2548 1596 2558 .
1650 2510 1886 2560 Preterea
1926 2510 1960 2558 fi
2010 2512 2218 2575 predicti

150 2605 201 2652 in
237 2604 487 2653 solucione
522 2606 663 2652 firme
702 2603 834 2652 tardi
876 2603 1062 2652 fuerint
1103 2611 1188 2652 aut
1229 2603 1358 2652 male
1400 2602 1686 2667 persoluent
1726 2610 1811 2652 aut
1849 2603 1993 2651 nobis
2038 2604 2217 2652 nostris

150 2696 432 2746 hominibus
461 2696 542 2745 vel
583 2695 830 2744 officiariis
869 2733 879 2744 .
919 2734 929 2745 .
972 2733 982 2744 .
1021 2696 1104 2745 seu
1141 2695 1321 2744 nostris
1357 2694 1623 2744 husbandis
1673 2732 1685 2744 .
1731 2732 1742 2744 .
1788 2732 1800 2744 .
1842 2695 2064 2744 iniuriofi
2104 2734 2114 2744 .
2154 2734 2163 2744 .
2205 2736 2215 2745 .

150 2792 336 2842 fuerint
375 2829 386 2841 .
426 2830 436 2840 .
478 2829 488 2840 .
527 2799 613 2840 aut
644 2792 992 2840 condicionem
1031 2829 1042 2839 .
1083 2828 1094 2839 .
1136 2829 1147 2838 .
1183 2807 1285 2838 non
1312 2788 1698 2853 adimpleuerint
1722 2787 1893 2837 licebit
1916 2789 2059 2837 nobis
2100 2827 2109 2837 .
2151 2827 2161 2837 .
2204 2828 2214 2836 .

148 2885 212 2932 de
252 2921 263 2933 .
303 2922 314 2933 .
355 2922 366 2933 .
404 2884 530 2933 tofto
570 2891 619 2933 et
658 2883 806 2932 terris
846 2921 857 2933 .
897 2921 908 2932 .
949 2922 960 2933 .
997 2900 1089 2948 pro
1122 2883 1265 2931 libito
1307 2918 1318 2929 .
1356 2918 1368 2929 .
1409 2917 1420 2928 .
1459 2879 1729 2928 voluntatis
1769 2917 1780 2928 .
1835 2918 1846 2928 .
1899 2917 1910 2929 .
1955 2881 2213 2945 disponere

153 3013 164 3024 .
205 3014 216 3025 .
256 3014 266 3024 .
303 2975 365 3025 In
401 2977 540 3026 cuius
563 2977 638 3025 rei
669 2976 1003 3026 testimonium
1040 2975 1254 3041 sigillum
1293 3011 1304 3022 .
1346 3011 1356 3021 .
1397 3010 1408 3021 .
1448 2972 1653 3037 capituli
1691 3009 1701 3019 .
1743 3010 1753 3020 .
1790 3009 1800 3020 .
1840 2971 1909 3021 est
1945 2972 2209 3038 aPpensum

199 3106 211 3117 .
253 3106 262 3117 .
301 3070 349 3118 vi
374 3069 453 3118 die
478 3068 655 3118 menfis
679 3068 716 3118 J
718 3069 912 3118 anuarii
938 3086 1069 3118 anno
1095 3067 1303 3117 Domini
1329 3073 1396 3114 m⁰
1423 3071 1560 3115 cccc⁰
1585 3065 1772 3114 xxxiii0.
