2762 3834
669 332 1096 384 REGISTRUM
1130 335 1227 384 DE
1263 336 1814 392 ABERBROTHOC.
2156 353 2250 396 323

227 474 275 517 et
299 466 516 531 quinque
543 466 735 516 celdras
759 482 1029 514 auenarum
1054 467 1277 516 mensure
1302 469 1397 517 fori
1421 473 1666 522 currentis
1691 474 1753 521 ad
1777 474 2011 523 terminos
2034 477 2251 526 soluendi

353 597 363 608 .
408 559 663 607 consuetos
688 566 737 607 et
760 557 940 622 viginti
965 566 1175 622 quatuor
1198 560 1357 624 pullos
1393 563 1586 612 adultos
1622 582 1729 612 cum
1767 574 1992 631 rynmart
2021 568 2173 615 wedir
2208 576 2255 615 et

225 652 332 700 aliis
356 650 719 699 husbandorum
745 650 976 698 oneribus
1015 687 1026 699 .
1066 688 1077 698 .
1130 688 1142 699 .
1190 651 1424 702 Preterea
1466 692 1476 702 .
1522 693 1533 703 .
1573 693 1584 704 .
1626 657 1800 705 reddet
1837 694 1847 705 .
1893 694 1904 705 .
1950 695 1960 706 .
2003 659 2253 707 annuatim

224 743 547 792 raciocinium
580 743 641 790 de
667 742 893 790 omnibus
917 742 1150 806 proficuis
1176 743 1303 792 vltra
1324 745 1544 808 predicta
1564 763 1715 795 onera
1738 748 1798 796 de
1818 748 1946 796 dicta
1959 748 2124 797 nostra
2140 749 2256 798 villa

227 834 686 899 superuenientibus
711 840 764 881 vt
788 833 871 880 alii
898 833 1120 881 officiarii
1143 833 1331 884 faciunt
1361 875 1370 884 .
1411 873 1422 884 .
1460 873 1471 885 .
1508 837 1574 885 Et
1597 877 1605 885 .
1631 878 1639 886 .
1664 876 1672 885 .
1699 839 1955 888 cellerario
1984 877 1994 888 .
2034 878 2043 887 .
2079 878 2087 886 .
2127 858 2254 889 com-

225 927 462 976 mittimus
505 963 516 974 .
556 963 567 974 .
608 962 619 974 .
654 924 947 990 potestatem
977 926 1040 972 ad
1073 925 1425 990 imponendum
1461 936 1510 977 et
1541 930 1881 994 expellendum
1916 931 2023 979 suos
2059 932 2255 980 coadiu-

228 1028 359 1067 tores
385 1027 434 1068 et
458 1018 774 1067 subtenentes
809 1016 1046 1080 quociens
1081 1015 1167 1065 fibi
1209 1056 1219 1066 .
1262 1056 1270 1065 .
1313 1056 1324 1066 .
1366 1020 1611 1083 placuerit
1647 1060 1655 1068 .
1696 1060 1705 1068 .
1750 1061 1758 1068 .
1796 1022 1947 1086 Apud
1984 1059 1994 1070 .
2032 1061 2040 1070 .
2078 1061 2087 1070 .
2126 1023 2254 1087 capi-

224 1110 378 1159 tulum
405 1109 698 1158 duodecimo
722 1107 899 1157 menfis
922 1108 1065 1157 Junii
1100 1126 1230 1158 anno
1254 1109 1460 1158 Domini
1494 1111 1727 1160 milefimo
1763 1119 1920 1162 ccccmo
1943 1112 2253 1178 nonogesimo

223 1220 363 1251 nono.

225 1429 420 1502 Crofta
444 1450 690 1500 cellerarii
716 1458 764 1498 et
788 1449 1010 1515 magistri
1032 1449 1221 1498 fabrice
1247 1449 1522 1499 affedantur
1546 1451 1581 1499 J
1584 1452 1765 1501 ohanni
1790 1453 1971 1502 Brovn.

225 1676 234 1685 .
274 1678 283 1686 .
328 1677 336 1686 .
375 1637 552 1686 Pateat
592 1676 601 1685 .
645 1676 655 1685 .
692 1675 702 1685 .
742 1653 833 1684 nos
873 1635 1045 1685 Dauid
1086 1675 1096 1684 .
1140 1675 1149 1684 .
1193 1674 1202 1683 .
1241 1634 1463 1683 abbatem
1507 1673 1517 1683 .
1556 1671 1568 1683 .
1611 1675 1620 1684 .
1659 1636 1719 1684 de
1758 1610 2141 1688 Abirbrothoc‘.
2183 1677 2193 1687 .
2246 1677 2257 1687 .

226 1730 440 1779 affedare
473 1769 483 1778 .
514 1769 523 1779 .
555 1769 564 1778 .
601 1729 637 1778 J
640 1729 824 1778 ohanni
844 1728 1014 1776 Brovn
1035 1736 1085 1777 et
1103 1726 1321 1776 Mariote
1342 1725 1575 1775 Colisoun
1600 1727 1768 1792 sponse
1791 1729 1874 1777 sue
1913 1766 1923 1777 .
1958 1769 1966 1778 .
2004 1769 2013 1778 .
2052 1731 2258 1779 croftum

228 1822 481 1871 cellerarie
508 1829 557 1871 et
583 1822 794 1870 croftum
829 1818 1049 1886 magistri
1085 1819 1272 1868 fabrice
1307 1835 1398 1882 pro
1433 1825 1538 1866 toto
1572 1826 1793 1883 tempore
1825 1820 1923 1868 vite
1959 1822 2221 1869 eorundem
2250 1854 2259 1863 -

229 1914 441 1973 termino
466 1930 585 1962 vero
609 1913 843 1961 introitus
880 1952 889 1960 .
929 1951 938 1961 .
976 1951 985 1960 .
1022 1910 1294 1975 incipiente
1329 1911 1382 1958 in
1416 1910 1538 1959 festo
1577 1909 1742 1960 Sancti
1777 1912 1912 1960 Petri
1948 1952 1957 1961 .
1998 1950 2008 1959 .
2046 1952 2054 1961 .
2092 1914 2260 1962 aduin-

231 2005 342 2054 cula
364 2005 472 2069 post
508 2005 694 2053 exitum
724 2003 1051 2053 terminorum
1086 2042 1095 2052 .
1133 2042 1142 2051 .
1181 2042 1190 2052 .
1227 2002 1397 2051 relicte
1419 2002 1623 2051 Andree
1649 2003 1779 2051 Kirk
1804 2032 1814 2042 ·
1841 2004 2049 2053 Henrici
2076 2005 2213 2070 Gray
2250 2035 2258 2044 -

229 2104 277 2145 et
301 2095 457 2145 Elene
482 2095 613 2145 Kirk
637 2122 648 2134 ·
673 2103 723 2144 et
742 2095 856 2144 Ade
875 2095 1147 2144 Patersoun
1172 2123 1182 2134 ·
1210 2102 1259 2142 et
1293 2093 1554 2142 Elizabeth
1577 2094 1833 2159 Lychtone
1870 2134 1878 2142 .
1916 2134 1925 2143 .
1967 2134 1976 2143 .
2017 2094 2260 2143 Soluendo

228 2228 238 2238 .
264 2228 273 2237 .
302 2227 312 2237 .
339 2184 430 2253 pro
451 2188 608 2237 crofto
634 2187 881 2236 cellerarii
906 2186 1161 2235 annuatim
1188 2185 1445 2234 cellerario
1464 2185 1629 2233 nostro
1653 2224 1662 2234 .
1690 2224 1699 2234 .
1725 2225 1734 2234 .
1761 2185 1933 2250 viginti
1953 2186 2128 2233 solidos
2160 2225 2168 2234 .
2206 2226 2214 2234 .
2250 2226 2257 2234 .

227 2290 423 2331 monete
449 2319 458 2329 .
498 2319 507 2328 .
550 2319 558 2328 .
599 2278 773 2329 Scocie
797 2286 846 2327 et
869 2295 960 2343 pro
987 2278 1145 2327 crofto
1170 2277 1356 2325 fabrice
1381 2277 1611 2341 magistro
1635 2277 1819 2325 fabrice
1861 2316 1869 2324 .
1908 2316 1916 2325 .
1959 2316 1968 2325 .
2006 2278 2258 2326 tresdecim

229 2373 405 2421 solidos
438 2378 487 2420 et
511 2379 723 2436 quatuor
748 2369 977 2420 denarios
1019 2409 1028 2418 .
1069 2409 1078 2418 .
1119 2409 1128 2417 .
1172 2369 1236 2416 ad
1270 2369 1392 2417 duos
1416 2368 1533 2416 anni
1566 2368 1800 2416 terminos
1835 2407 1844 2416 .
1889 2407 1896 2415 .
1926 2407 1935 2415 .
1976 2375 2022 2416 et
2047 2368 2258 2416 decimas

230 2463 454 2527 garbales
469 2462 806 2528 predictorum
842 2461 1115 2510 croftorum
1150 2460 1403 2508 annuatim
1427 2459 1672 2508 monacho
1693 2460 1754 2507 de
1779 2459 2025 2507 communi
2060 2499 2068 2507 .
2107 2499 2115 2507 .
2152 2499 2160 2507 .
2195 2459 2258 2507 Et

230 2555 265 2603 fi
295 2554 503 2619 predicti
542 2592 552 2603 .
593 2593 602 2603 .
643 2553 804 2603 ‚male
830 2553 1167 2617 persoluentes
1202 2551 1285 2600 seu
1315 2552 1456 2600 nobis
1489 2591 1498 2600 .
1536 2591 1545 2600 .
1583 2590 1592 2599 .
1628 2551 1846 2599 iniuriofi
1872 2551 2122 2599 extiterint
2157 2591 2165 2599 .
2203 2591 2211 2599 .
2251 2592 2258 2599 .

231 2647 399 2696 licebit
431 2647 573 2695 nobis
615 2683 627 2694 .
669 2683 681 2695 .
723 2683 736 2694 .
775 2647 837 2695 de
879 2683 890 2694 .
926 2682 938 2694 .
975 2681 989 2694 .
1028 2645 1197 2694 croftis
1222 2646 1283 2693 ad
1321 2684 1330 2693 .
1367 2683 1377 2692 .
1415 2683 1424 2692 .
1459 2643 1653 2693 libitum
1691 2680 1702 2691 .
1745 2679 1756 2690 .
1801 2679 1812 2691 .
1849 2642 2103 2706 disponere
2142 2680 2153 2689 .
2193 2680 2204 2691 .
2248 2681 2257 2690 .

234 2738 385 2802 Apud
416 2778 436 2795 „⁴
463 2774 475 2786 .
506 2775 516 2786 .
543 2737 814 2802 capitulum
857 2737 1151 2785 duodecimo
1188 2731 1270 2785 die'
1310 2734 1484 2784 menfis
1521 2734 1556 2783 J
1559 2735 1662 2783 unii
1703 2751 1831 2783 anno
1872 2733 2075 2782 Domini
2109 2734 2259 2781 mille-

236 2829 350 2878 fimo
377 2835 539 2879 cccc¹¹¹⁰
563 2827 877 2894 nonogesimo
901 2845 1049 2876 nono.
