2586 3834
59 702 152 756 497

60 1726 155 1776 498
209 1765 217 1775 .

657 301 1085 352 REGISTRUM
1119 302 1216 351 DE
1253 302 1812 356 ABERBROTHOC.
2160 316 2257 365 395

207 503 385 577 Cowll
408 526 719 590 presentatur
742 524 975 591 magister
1001 526 1166 574 Adam
1196 526 1450 576 Cokburn.

210 747 219 756 .
261 747 271 756 .
310 747 320 756 .
352 707 601 758 Willelmo
641 745 651 755 .
695 746 706 756 .
750 746 760 756 .
801 708 1166 757 Abbirdonenfi
1193 709 1420 773 episcopo
1448 709 1697 775 Georgius
1730 748 1739 758 .
1778 750 1789 760 .
1826 750 1836 761 .
1862 714 2011 762 abbas
2047 752 2058 762 .
2096 751 2106 762 .
2148 751 2158 762 .
2196 716 2256 763 de

205 801 428 850 Arbroth
475 838 485 848 .
532 838 543 848 .
590 837 600 848 .
637 800 850 849 honores
887 828 897 838 ·
934 801 1021 849 Ad
1045 801 1282 849 vicariam
1306 809 1596 865 perpetuam
1621 803 1823 852 ecclefie
1847 805 2170 868 parrochialis
2195 807 2256 855 de

209 893 368 943 cowll
405 932 415 942 .
449 931 459 941 .
494 931 504 941 .
530 909 641 941 cum
668 909 847 941 vacare
873 892 1140 958 contigerit
1166 910 1257 957 per
1299 928 1311 940 .
1353 930 1364 940 .
1411 930 1421 940 .
1458 892 1847 958 refignacionem
1886 933 1896 944 .
1938 934 1948 943 .
1988 934 1999 945 .
2035 897 2257 962 magistri

206 985 242 1034 J
245 985 387 1034 acobi
412 984 628 1050 Heryng
666 1022 677 1032 .
713 1022 724 1032 .
758 1022 768 1032 .
807 984 1096 1050 magistrum
1120 985 1284 1033 Adam
1313 984 1552 1034 Cokburn
1576 986 1916 1052 presbyterum
1943 988 2255 1053 Glasguenfis

207 1075 411 1126 diocefis
432 1075 592 1125 vestre
634 1114 644 1124 .
682 1114 692 1124 .
732 1113 743 1124 .
785 1076 1076 1141 paternitati
1114 1113 1124 1124 .
1167 1114 1177 1124 .
1216 1115 1226 1125 .
1262 1077 1598 1141 presentamus
1633 1115 1644 1126 .
1687 1117 1697 1127 .
1745 1116 1756 1127 .
1796 1079 1950 1143 Apud
1992 1117 2003 1128 .
2048 1117 2058 1128 .
2102 1119 2112 1129 .
2155 1097 2256 1128 mo-

205 1169 474 1219 nasterium
498 1169 586 1217 xii⁰
609 1169 690 1218 die
710 1170 888 1218 menfis
912 1169 948 1218 J
953 1169 1039 1218 ulii
1065 1186 1197 1218 anno
1220 1168 1430 1217 Domini
1453 1175 1521 1216 m⁰
1542 1170 1933 1234 quingentesimo
1958 1172 2162 1221 decimo.

217 1422 459 1515 [Quarta
496 1466 612 1513 pars
650 1447 766 1496 ville
809 1448 869 1495 de
912 1446 1180 1512 Kynclune
1218 1446 1462 1496 affedatur
1498 1447 1751 1496 Willelmo
1792 1448 1940 1497 Tullo
1983 1457 2031 1497 et
2069 1450 2255 1514 Agneti

206 1540 242 1589 J
244 1541 348 1590 enis
373 1540 542 1606 sponse
567 1539 688 1605 sue.]

264 1766 273 1775 .
323 1765 332 1774 .
375 1725 551 1774 Pateat
592 1763 600 1772 .
643 1763 652 1772 .
695 1761 705 1770 .
753 1740 843 1772 nos
880 1721 1152 1787 Georgium
1189 1759 1199 1770 .
1236 1758 1247 1769 .
1287 1759 1296 1769 .
1334 1722 1559 1771 abbatem
1599 1759 1609 1770 .
1646 1758 1658 1770 .
1697 1760 1706 1770 .
1752 1723 1814 1771 de
1850 1723 2092 1772 Arbroith
2134 1764 2143 1772 .
2190 1762 2200 1771 .
2245 1762 2254 1771 .

207 1816 434 1867 affedaffe
481 1856 490 1865 .
536 1856 545 1865 .
589 1855 598 1865 .
647 1815 902 1864 Willelmo
927 1813 1080 1863 Tullo
1104 1819 1154 1861 et
1177 1813 1367 1879 Agneti
1390 1813 1533 1863 Jenis
1557 1814 1727 1879 sponse
1751 1815 1833 1863 sue
1877 1853 1888 1863 .
1930 1855 1939 1864 .
1980 1853 1991 1863 .
2031 1822 2256 1879 quartam

205 1917 398 1975 partem
417 1908 534 1957 ville
553 1907 718 1956 nostre
738 1908 798 1955 de
815 1906 1084 1972 Kynclune
1104 1922 1216 1954 cum
1236 1905 1440 1954 decimis
1463 1905 1748 1970 garbalibus
1775 1943 1786 1954 .
1815 1944 1826 1954 .
1854 1942 1865 1953 .
1894 1906 2102 1955 iacentis
2125 1907 2255 1956 infra

207 2002 480 2051 dominium
505 2000 723 2049 nostrum
752 2001 813 2048 de
838 1999 1187 2066 Kyncoldrum
1212 2014 1360 2062 quam
1384 2015 1519 2046 nunc
1557 2035 1568 2045 .
1604 2035 1615 2045 .
1655 2035 1666 2046 .
1704 1998 1985 2047 Willelmus
2010 2006 2218 2062 occupat
2242 2028 2251 2036 ·

206 2095 418 2145 termino
442 2092 675 2142 introitus
720 2130 730 2140 .
776 2130 786 2140 .
834 2129 844 2140 .
896 2088 1209 2157 [incipiente]
1245 2089 1325 2138 die
1349 2090 1463 2139 date
1487 2089 1795 2154 presencium
1831 2129 1842 2139 .
1882 2127 1893 2138 .
1932 2128 1943 2138 .
1980 2090 2252 2139 Reddendo

205 2226 214 2236 .
250 2227 259 2235 .
292 2225 303 2235 .
337 2185 667 2251 quadraginta
690 2184 868 2232 solidos
901 2221 910 2232 .
945 2221 955 2231 .
994 2220 1004 2229 .
1040 2189 1238 2231 monete
1272 2217 1283 2228 .
1319 2216 1331 2229 .
1369 2218 1380 2229 .
1420 2179 1594 2230 Scocie
1619 2181 1682 2230 ad
1716 2219 1723 2227 .
1755 2218 1764 2227 .
1792 2218 1801 2227 .
1838 2180 1961 2229 festa
1992 2217 2002 2228 .
2039 2218 2050 2229 .
2084 2217 2095 2228 .
2126 2180 2251 2229 Pen-

204 2277 411 2328 tecostes
448 2284 498 2326 et
536 2275 706 2327 Sancti
741 2274 951 2324 Martini
989 2313 999 2322 .
1037 2313 1046 2322 .
1085 2311 1096 2322 .
1133 2290 1345 2322 vnacum
1381 2279 1606 2338 rynmart
1641 2279 1690 2320 et
1714 2272 1916 2336 weddyr
1950 2288 2060 2319 cum
2095 2271 2250 2320 tribus

206 2369 477 2435 caponibus
501 2376 551 2417 et
574 2367 783 2417 totidem
801 2367 951 2431 pullis
975 2365 1158 2415 adultis
1182 2373 1232 2414 et
1253 2364 1479 2413 omnibus
1504 2363 1614 2412 aliis
1632 2363 1994 2411 husbandorum
2021 2362 2248 2410 oneribus

206 2498 217 2509 .
250 2499 261 2510 .
297 2499 308 2509 .
349 2460 416 2509 Et
441 2458 474 2507 fi
500 2459 757 2524 contingat
796 2496 806 2506 .
848 2496 857 2506 .
898 2496 909 2506 .
945 2458 1255 2507 Willelmum
1280 2462 1330 2505 et
1355 2455 1605 2520 Agnetem
1630 2454 1735 2502 fore
1757 2453 2095 2502 inobedientes
2136 2490 2146 2501 .
2185 2489 2198 2502 .
2236 2490 2246 2500 .

205 2559 290 2601 aut
310 2551 438 2600 male
461 2549 798 2615 persoluentes
826 2587 836 2598 .
879 2587 890 2597 .
933 2586 944 2598 .
980 2549 1149 2599 licebit
1172 2548 1314 2597 nobis
1352 2584 1364 2596 .
1404 2585 1416 2596 .
1462 2584 1473 2595 .
1516 2547 1578 2595 de
1616 2583 1627 2594 .
1666 2583 1678 2594 .
1718 2583 1729 2593 .
1767 2553 1944 2609 quarta
1966 2552 2106 2609 parte
2140 2582 2152 2593 .
2188 2581 2199 2593 .
2237 2581 2248 2592 .

205 2643 463 2708 disponere
506 2680 518 2692 .
564 2679 574 2690 .
618 2654 632 2689 ’.
674 2641 829 2706 Apud
871 2677 882 2689 .
930 2678 940 2689 .
984 2679 994 2691 .
1040 2641 1310 2707 capitulum
1342 2637 1569 2688 vicesimo
1610 2638 1690 2687 die
1727 2636 1902 2686 menfis
1947 2636 2073 2686 Julii
2118 2654 2246 2686 anno

205 2734 411 2782 Domini
435 2740 502 2782 m⁰
526 2732 743 2783 v⁰tefimo
768 2732 972 2782 decimo,
