2762 3834
427 1329 487 1381 97

537 375 600 420 82
983 362 1412 417 REGISTRUM
1446 359 1545 409 DE
1581 324 2145 407 ABERssRoTHoc.

587 543 597 552 .
634 541 644 551 .
681 500 966 567 magistrum
1000 500 1036 550 J
1039 499 1283 548 ohannem
1308 496 1369 544 de
1396 492 1511 543 Clat
1547 490 1843 540 canonicum
1876 488 2276 538 Abirdonensem
2314 489 2378 539 ad
2415 489 2597 539 dictam

540 595 778 645 vicariam
802 633 812 642 .
851 632 860 642 .
898 632 908 641 .
945 591 1209 640 admittere
1241 627 1250 636 .
1289 626 1298 636 .
1336 626 1346 635 .
1377 584 1542 633 velitis
1566 599 1715 648 quem
1747 621 1757 631 .
1792 620 1803 632 .
1837 620 1848 631 .
1884 582 1948 631 ad
1973 582 2183 631 eandem
2208 582 2448 632 vicariam
2483 620 2494 632 .
2536 621 2546 631 .
2589 620 2599 631 .

540 696 711 737 tenore
743 684 1050 749 presencium
1085 681 1423 746 presentamus
1459 702 1469 713 ·
1504 675 1696 724 Datum
1720 674 1806 724 sub
1831 674 1989 740 figillo
2014 673 2182 723 nostro
2209 675 2458 724 communi
2495 714 2504 723 .
2542 713 2552 723 .
2591 714 2600 723 .

539 777 766 828 vicesimo
792 776 925 824 sexto
951 775 1031 823 die
1056 772 1231 821 menfis
1255 771 1290 819 J
1293 768 1489 819 anuarii
1524 785 1656 818 anno
1681 767 1890 816 Domini
1915 767 2174 816 millesimo
2200 773 2336 817 cccc⁰
2360 768 2602 833 quinqua·

540 870 719 937 gefimo
744 867 916 918 tercio,

543 1123 826 1195 Affedacio
851 1146 1025 1205 quarte
1050 1137 1205 1204 partis
1228 1136 1434 1187 borialis
1459 1133 1660 1200 passagii
1689 1133 1806 1183 ville
1833 1134 1895 1183 de
1920 1133 2253 1201 Portyncrag.

543 1304 830 1378 Uniuerfis
852 1330 1021 1388 pateat
1072 1359 1083 1370 .
1136 1358 1148 1370 .
1202 1358 1213 1370 .
1251 1338 1342 1370 nos
1379 1319 1655 1369 Ricardum
1687 1356 1699 1368 .
1739 1357 1751 1369 .
1792 1357 1803 1369 .
1842 1320 2071 1369 abbatem
2111 1356 2123 1367 .
2162 1357 2174 1369 .
2214 1358 2226 1369 .
2278 1320 2340 1369 de
2365 1319 2604 1369 Abirbro-

544 1419 659 1467 thoc
698 1456 708 1466 .
747 1455 758 1466 .
799 1454 810 1465 .
849 1417 913 1465 ad
935 1416 1129 1464 firmam
1153 1413 1378 1463 dimififl'e
1415 1413 1673 1462 Willelmo
1699 1411 1980 1461 Melmakar
2017 1420 2247 1477 quartam
2271 1419 2463 1478 partem
2491 1411 2608 1461 ville

544 1510 708 1559 nostre
732 1507 935 1574 passagii
966 1506 1170 1556 borialis
1196 1523 1344 1571 quam
1379 1505 1528 1554 modo
1565 1512 1704 1555 tenet
1739 1522 1831 1571 pro
1865 1505 2081 1555 termino
2107 1506 2328 1571 quinque
2363 1522 2608 1554 annorum

547 1604 712 1653 datam
751 1600 1061 1666 presencium
1092 1598 1378 1647 immediate
1412 1598 1647 1663 sequente
1682 1625 1693 1636 ·
1729 1597 1943 1648 termino
1979 1615 2097 1648 vero
2129 1597 2364 1646 introitus
2392 1634 2403 1645 .
2444 1633 2456 1645 .
2496 1633 2507 1644 .
2537 1595 2610 1644 in-

548 1695 760 1761 cipiente
801 1694 854 1742 in
895 1692 1016 1742 festo
1058 1690 1373 1741 Pentecostes
1416 1692 1585 1742 datam
1625 1691 1933 1757 presencium
1973 1691 2202 1756 proximo
2240 1698 2290 1739 et
2325 1689 2611 1738 immediate

547 1790 780 1853 sequente
816 1816 826 1826 ·
865 1786 1141 1836 Reddendo
1187 1823 1198 1835 .
1249 1823 1261 1834 .
1314 1823 1326 1834 .
1367 1785 1546 1850 viginti
1577 1784 1797 1849 quinque
1832 1784 2013 1833 solidos
2046 1792 2096 1833 et
2132 1790 2346 1848 quatuor
2380 1782 2611 1831 denarios

548 1880 724 1929 vsualis
748 1886 944 1928 monete
963 1879 1104 1945 regni
1127 1877 1301 1927 Scocie
1327 1878 1391 1927 ad
1415 1879 1540 1928 duos
1565 1878 1684 1927 anni
1711 1877 1949 1926 terminos
1976 1876 2165 1926 vsuales
2200 1914 2216 1926 .
2257 1914 2268 1925 .
2308 1914 2319 1925 .
2358 1892 2471 1924 cum
2497 1891 2611 1924 one·

551 1973 687 2022 ribus
713 1972 890 2021 debitis
916 1979 965 2021 et
991 1971 1233 2021 consuetis
1259 2000 1269 2010 ·
1309 1971 1363 2020 N
1365 1989 1422 2020 ec
1446 1971 1617 2021 licebit
1655 2009 1667 2020 .
1707 2010 1718 2020 .
1757 2008 1770 2020 .
1802 1971 2060 2020 Willelmo
2084 1971 2358 2036 predi&am
2385 1975 2610 2034 quartam

551 2072 743 2130 partem
783 2102 794 2114 .
834 2102 845 2113 .
885 2102 896 2114 .
935 2065 1083 2114 alicui
1107 2064 1314 2130 persone
1352 2102 1364 2114 .
1403 2102 1415 2114 .
1455 2102 1466 2114 .
1505 2066 1570 2114 ad
1591 2065 1784 2114 firmam
1810 2064 2063 2113 dimittere
2084 2062 2186 2113 fine
2210 2062 2380 2112 nostra
2402 2061 2614 2110 licencia

656 2195 667 2206 .
711 2157 908 2206 cotariis
937 2157 1178 2206 duntaxat
1209 2157 1428 2223 exceptis
1464 2186 1474 2198 ·
1511 2157 1578 2206 Et
1614 2157 1649 2206 fi
1688 2195 1700 2207 .
1740 2195 1752 2207 .
1793 2196 1804 2207 .
1841 2158 2125 2207 hominibus
2163 2195 2175 2206 .
2214 2195 2226 2205 .
2266 2194 2278 2206 .
2316 2163 2401 2205 aut
2434 2155 2612 2204 officia·

553 2251 639 2299 riis
671 2250 852 2299 nostris
892 2288 903 2299 .
943 2288 954 2299 .
995 2287 1006 2299 .
1043 2250 1309 2299 iniuriosus
1343 2258 1429 2300 aut
1471 2252 1643 2300 tardus
1684 2251 1736 2301 in
1775 2252 2028 2301 solucione
2067 2251 2197 2301 dicte
2227 2252 2369 2300 firme
2394 2251 2614 2300 extiterit

554 2344 722 2393 licebit
746 2343 887 2392 nobis
913 2343 974 2392 de
998 2343 1222 2408 predicta
1246 2352 1425 2408 quarta
1447 2352 1590 2409 parte
1630 2382 1640 2393 .
1681 2382 1692 2393 .
1734 2384 1744 2394 .
1783 2346 2046 2411 disponere
2072 2347 2136 2395 ad
2169 2385 2178 2395 .
2211 2385 2220 2395 .
2254 2385 2263 2395 .
2294 2345 2489 2394 libitum
2515 2383 2525 2393 .
2558 2383 2567 2393 .
2603 2383 2613 2393 .

556 2435 618 2483 In
654 2436 791 2484 cuius
825 2435 900 2484 rei
936 2436 1270 2484 testimonium
1299 2435 1512 2502 figillum
1549 2438 1773 2487 nostrum
1811 2439 2122 2504 presentibus
2162 2438 2234 2487 est
2275 2438 2471 2487 affixum
2508 2477 2517 2486 .
2555 2475 2565 2485 .
2602 2476 2613 2486 .

559 2528 750 2576 decimo
781 2527 995 2576 secundo
1021 2528 1100 2576 die
1125 2528 1302 2577 mensis
1326 2528 1589 2579 Februarii
1623 2548 1755 2579 anno
1789 2530 1996 2580 Domini
2032 2530 2290 2580 millefimo
2316 2535 2452 2587 cccc⁰
2475 2530 2614 2595 quin-

561 2618 838 2685 quagefimo
863 2620 1036 2668 tercio.

566 2870 851 2943 Affedacio
876 2890 1178 2959 decimarum
1201 2891 1475 2956 garbalium
1502 2894 1563 2943 de
1588 2895 1795 2947 Ruwen.

450 3067 514 3118 98
569 3049 847 3123 Uniuerfis
880 3078 1048 3135 pateat
1087 3108 1097 3120 .
1128 3109 1138 3120 .
1176 3110 1186 3120 .
1217 3088 1307 3119 nos
1343 3072 1614 3121 Ricardum
1648 3111 1659 3122 .
1690 3112 1702 3123 .
1739 3111 1750 3123 .
1787 3075 2017 3124 abbatem
2049 3111 2060 3123 .
2087 3112 2098 3123 .
2133 3111 2144 3122 .
2181 3074 2243 3124 de
2278 3073 2617 3124 Abirbrothoc

615 3203 636 3216 ..
659 3202 670 3213 .
705 3165 769 3214 ad
790 3165 982 3213 firmam
1007 3164 1229 3213 dimififfe
1255 3165 1455 3213 domino
1477 3165 1697 3215 Patricio
1724 3166 1938 3216 Henrici
1963 3167 2220 3232 capellano
2245 3183 2414 3216 omnes
2437 3167 2617 3232 garbas
