2742 3848
454 2095 549 2140 (542

460 2550 555 2596 643

601 385 695 430 462
1054 374 1479 427 REGISTRUM
1514 373 1611 423 DE
1647 370 2207 421 ABERBROTHOC.

597 514 832 580 magister
854 512 1037 561 vicarie
1061 518 1300 575 perpetue
1325 507 1528 557 ecclesie
1546 505 1846 571 parochialis
1866 505 1927 553 de
1947 504 2277 554 Innerkelour
2300 503 2652 554 Sanffiandrec

599 606 803 654 diocefis
826 606 997 670 sponte
1021 602 1336 652 renunciauit
1362 629 1372 639 ·
1399 600 1605 665 affignat
1631 598 1791 647 eidem
1817 614 1907 662 pro
1934 606 2038 647 toto
2062 606 2286 663 tempore
2311 598 2412 647 vite
2438 616 2651 647 annuam

599 698 879 762 pensionem
907 695 1160 759 sexaginta
1189 694 1427 741 librarum
1464 698 1663 740 monete
1704 690 1877 741 Scocie
1914 691 2059 755 super
2094 691 2335 741 fructibus
2370 691 2653 740 monasterii

600 790 650 836 in
677 788 809 838 festis
834 786 1154 836 quencionis
1183 785 1362 834 San&e
1385 783 1562 833 Crucis
1588 791 1637 832 et
1656 782 1895 832 Omnium
1922 782 2214 833 Sanctorum
2242 784 2616 849 persoluendam
2643 813 2652 822 ·

600 890 648 929 et
674 888 726 929 ut
750 880 841 928 hec
867 878 1126 943 affignacio
1151 878 1203 925 in
1228 878 1276 925 se
1301 877 1453 924 robur
1477 876 1727 925 firmitatis
1765 878 1988 942 optineat
2022 879 2173 927 abbas
2210 878 2464 927 constituit
2495 877 2655 925 Bona·

600 973 792 1020 cursum
826 971 1035 1020 Rucclai
1075 999 1085 1009 ·
1129 970 1406 1019 Marrotam
1444 968 1653 1017 Rucclai
1695 997 1705 1006 ·
1748 978 1797 1019 et
1834 970 1957 1018 alios
1998 978 2300 1019 marcatores
2338 969 2656 1018 Florentinos

600 1066 872 1113 Romanam
912 1064 1098 1112 curiam
1143 1064 1402 1127 sequentes
1436 1090 1447 1100 ·
1483 1062 1730 1111 Jacobum
1767 1062 1955 1112 Lambe
1998 1091 2008 1100 -
2049 1063 2335 1112 Johannem
2371 1062 2607 1110 Duncani
2645 1090 2654 1100 ·

600 1156 856 1206 Matheum
881 1156 1118 1205 Duncani
1153 1184 1163 1194 ·
1193 1155 1228 1204 J
1233 1155 1479 1204 ohannem
1507 1154 1771 1204 Thornton
1805 1185 1815 1195 ·
1851 1164 1900 1205 et
1924 1156 2200 1205 Robertum
2225 1155 2408 1204 Brown
2442 1184 2451 1194 ·
2486 1154 2657 1204 Scotos

603 1251 755 1298 Rome
781 1250 1017 1314 degentes
1051 1278 1060 1287 ·
1095 1248 1204 1297 suos
1228 1255 1579 1313 procuratores
1605 1249 1667 1297 ad
1692 1247 2044 1314 resignandum
2069 1249 2121 1297 in
2147 1248 2446 1298 cancellaria
2471 1248 2659 1313 aposto·

602 1344 698 1392 lica
722 1343 899 1391 dictam
925 1343 1207 1407 penfionem
1227 1343 1482 1406 sexaginta
1498 1342 1739 1391 librarum
1766 1349 1815 1390 et
1840 1342 2214 1407 supplicandum
2240 1342 2374 1406 quod
2397 1359 2528 1408 papa
2551 1358 2658 1390 eam

602 1436 805 1501 assignet
830 1436 958 1485 dicto
983 1436 1217 1501 magistro
1244 1443 1293 1484 et
1318 1443 1486 1485 cetera
1511 1435 1678 1484 omnia
1706 1435 1990 1484 faciendum
2016 1435 2067 1484 in
2090 1435 2330 1501 premiffis
2355 1435 2624 1484 necessaria
2649 1462 2658 1472 ·

602 1529 787 1578 Datum
849 1530 982 1594 apud
1039 1528 1391 1578 monasterium
1438 1528 1549 1577 loco
1606 1528 1869 1593 capitulari
1927 1529 2100 1577 horam
2161 1529 2361 1578 circiter
2417 1528 2658 1577 decimam

603 1623 805 1670 testibus
851 1622 1086 1687 magistro
1134 1621 1354 1670 Patricio
1399 1621 1634 1686 Carnegy
1677 1621 1952 1670 camerario
1994 1622 2056 1671 de
2095 1622 2354 1688 Arbroyth
2402 1649 2413 1660 ·
2460 1621 2660 1669 domino

603 1713 851 1761 Willelmo
876 1713 1118 1779 Blantyre
1153 1742 1163 1752 ·
1193 1714 1394 1762 domino
1419 1713 1591 1763 Dauid
1613 1714 1756 1781 Lyne
1793 1742 1803 1751 ·
1839 1715 2041 1763 domino
2066 1715 2321 1764 Willelmo
2347 1713 2659 1781 Pettylloche

603 1806 797 1854 notario
834 1833 843 1843 ·
881 1824 991 1854 cum
1018 1806 1219 1855 diuerfis
1245 1807 1353 1855 aliis
1389 1834 1399 1845 ·
1436 1812 1466 1855 3
1494 1807 1686 1873 Aprilis
1715 1808 1857 1861 1527.

605 2064 756 2136 Idem
796 2087 1044 2150 presentat
1082 2089 1366 2154 magistrum
1413 2090 1660 2140 Jacobum
1701 2089 1950 2139 Johnston
1993 2089 2055 2138 ad
2095 2088 2331 2137 vicariam
2371 2094 2661 2152 perpetuam

606 2178 807 2227 ecclesie
854 2180 1153 2244 parochialis
1199 2183 1261 2231 de
1310 2182 1582 2249 Gammery
1632 2182 2002 2232 Aberdonenfis
2051 2183 2271 2249 dyocefis
2323 2199 2433 2230 cum
2483 2197 2661 2229 vacare

607 2271 872 2336 contigerit
896 2289 986 2337 per
1010 2273 1398 2339 refignacionem
1423 2276 1642 2342 magistri
1670 2275 1965 2325 Allexandri
1994 2274 2236 2341 Hepburn
2269 2304 2278 2314 ·
2310 2279 2340 2322 4
2366 2273 2492 2322 Maii
2519 2276 2660 2326 1527.

608 2519 760 2591 Idem
821 2544 1074 2593 constituit
1130 2545 1386 2610 magistros
1432 2554 1481 2595 ct
1527 2547 1754 2596 dominos
1803 2548 2077 2614 Georgium
2132 2548 2367 2598 Betowne
2420 2551 2661 2596 re&orem

613 2633 962 2699 Glesguensem
1007 2668 1016 2678 ·
1059 2637 1303 2686 Jacobum
1349 2638 1687 2704 Skrymgeour
1729 2641 2025 2690 canonicum
2067 2641 2432 2690 Lesmorensem
2478 2670 2487 2679 -
2529 2638 2663 2688 Mar-

611 2727 767 2774 tinum
795 2727 1018 2777 Balfouir
1045 2730 1286 2778 vicarium
1312 2731 1374 2779 de
1400 2730 1697 2797 Monimeyll
1729 2762 1739 2771 ·
1772 2733 2046 2782 Patricium
2075 2733 2311 2799 Carnegy
2336 2733 2575 2782 vicarium
2602 2731 2662 2779 de

615 2818 815 2883 Cortwy
861 2848 871 2857 ·
920 2821 1173 2869 dominum
1222 2823 1479 2871 Andream
1531 2823 1649 2873 Scot
1697 2854 1707 2864 ·
1758 2826 2011 2874 dominum
2061 2826 2425 2875 Allexandrum
2473 2825 2614 2873 Dure
2651 2853 2660 2861 ·

611 2909 913 2958 monachos·
932 2910 1239 2960 Willelmum
1266 2913 1512 2963 Pettillow
1535 2942 1545 2952 ·
1562 2915 1870 2966 Willelmum
1893 2919 2127 2986 Blantyir
2152 2947 2162 2957 ·
2182 2927 2231 2969 et
2255 2919 2425 2968 Dauid
2451 2918 2631 2967 Brown
2655 2945 2664 2955 ·

605 3002 906 3067 ,presbiteros
931 3030 941 3040 ·
964 3013 1312 3067 procuratores
1337 3007 1399 3054 ad
1422 3007 1753 3057 intimandum
1780 3009 2034 3059 Willelmo
2062 3011 2403 3061 Dunblanenfi
2436 3011 2664 3076 episcopo

613 3103 668 3143 et.
702 3094 928 3143 omnibus
975 3094 1200 3145 interesse
1247 3097 1542 3148 habentibus
1590 3127 1600 3137 ·
1647 3110 1855 3166 excepto
1906 3102 2262 3154 Sanctiandree
2310 3105 2538 3170 episcopo
2578 3107 2662 3154 suo

613 3186 866 3236 ordinario
902 3213 912 3224 ·
946 3187 1220 3254 preuilegia
1253 3189 1551 3240 monasterio
1577 3194 1797 3243 concefl'a
1818 3211 1909 3259 per
1933 3195 2078 3245 Pium
2104 3214 2283 3262 papam
2310 3197 2578 3247 secundum
2615 3206 2662 3246 et
