2762 3834
447 827 545 874 236

456 2113 548 2163 237

605 420 701 468 206
1045 413 1463 467 REGISTRUM
1499 412 1595 461 DE
1632 410 2189 461 ABERBROTHOC.

609 622 794 692 Satine
818 648 1101 704 preceptum
1129 640 1189 687 de
1215 637 1442 701 Forglen.

606 800 920 870 Willelmus
956 856 965 867 .
995 856 1006 867 .
1035 856 1045 867 .
1071 819 1219 867 abbas
1244 818 1304 864 de
1331 815 1638 864 Abbirbroth
1667 852 1678 863 .
1708 852 1719 863 .
1748 852 1758 863 .
1785 815 2077 865 Alexandro
2102 815 2299 882 Irwyne
2324 818 2385 866 de
2411 816 2608 866 Beldeis
2633 846 2642 856 ·

605 916 889 963 Alexandro
914 914 1104 962 Burnat
1129 913 1189 960 de
1211 911 1360 975 Leyis
1385 938 1394 949 ·
1422 918 1471 959 et
1490 907 1745 958 willelmo
1763 907 2019 956 Abirdour
2039 935 2049 946 ·
2068 908 2265 957 balliuis
2282 909 2462 957 nostris
2480 910 2530 957 in
2550 909 2643 958 hac

605 1016 742 1071 parte
776 1044 786 1054 .
826 1043 837 1053 .
877 1043 888 1054 .
924 1005 1123 1053 salutem
1165 1041 1175 1051 .
1214 1040 1226 1052 .
1266 1041 1277 1052 .
1317 1002 1449 1060 Quia
1467 1001 1690 1050 dedimus
1729 1036 1740 1047 .
1780 1037 1790 1048 .
1831 1037 1842 1047 .
1879 1000 2169 1048 Alexandro
2185 1000 2381 1066 Irwyne
2400 1002 2462 1049 de
2480 1000 2643 1050 Drum

662 1136 671 1145 .
719 1135 729 1145 .
773 1107 929 1146 terras
953 1096 1142 1144 nostras
1167 1096 1228 1144 de
1253 1094 1500 1159 Forglene
1540 1131 1550 1141 .
1595 1130 1605 1141 .
1650 1130 1660 1139 .
1699 1108 1909 1140 vnacum
1925 1093 2258 1141 aduocacione
2299 1130 2310 1141 .
2350 1131 2360 1140 .
2400 1130 2411 1141 .
2442 1093 2642 1142 ecclefie

603 1191 814 1238 eiusdem
842 1229 849 1237 .
877 1229 885 1236 .
914 1227 923 1237 .
951 1204 1103 1252 quare
1145 1186 1281 1235 vobis
1322 1185 1623 1250 precipimus
1651 1222 1661 1232 .
1691 1222 1701 1232 .
1729 1224 1737 1232 .
1764 1182 1964 1232 safinam
2003 1193 2052 1233 et
2082 1184 2412 1248 poss'effionem
2451 1184 2642 1233 heredi-

603 1282 774 1330 tariam
797 1318 806 1328 .
837 1319 847 1328 .
875 1279 1234 1344 .predi&arum
1263 1315 1272 1326 .
1297 1318 1304 1326 .
1333 1318 1341 1326 .
1367 1278 1560 1342 prefato
1587 1317 1595 1325 .
1622 1316 1631 1325 .
1661 1314 1673 1325 .
1699 1285 1784 1324 aut
1809 1315 1818 1324 .
1847 1314 1857 1324 .
1887 1316 1895 1324 .
1922 1276 2068 1324 latori
2103 1276 2410 1341 presencium
2447 1278 2642 1326 traditis

605 1412 614 1421 .
653 1412 662 1421 .
706 1411 715 1420 .
751 1373 881 1421 saluo
904 1372 1010 1420 iure
1037 1370 1292 1419 cuiussibet
1331 1408 1341 1418 .
1381 1407 1390 1418 .
1432 1407 1443 1417 .
1482 1369 1547 1417 Et
1571 1369 1622 1417 in
1649 1369 1835 1432 signum
1864 1367 2032 1416 saiflne
2057 1377 2107 1417 et
2130 1367 2426 1433 poss'effionis
2450 1386 2539 1433 per
2555 1387 2640 1417 vos

603 1466 892 1514 traditarum
919 1463 1127 1528 sigillum
1155 1462 1366 1511 vestrum
1387 1463 1438 1510 in
1465 1461 1681 1510 secunda
1706 1460 1865 1509 cauda
1887 1460 2026 1509 iuxta
2049 1460 2268 1509 nostrum
2307 1498 2318 1508 .
2359 1498 2369 1508 .
2410 1498 2419 1508 .
2460 1478 2639 1525 appen-

602 1558 727 1606 datis
755 1595 765 1604 .
793 1595 803 1604 .
834 1594 844 1604 .
871 1556 1019 1620 Apud
1046 1554 1353 1603 Abbirbroth
1371 1554 1418 1601 vi
1445 1553 1524 1602 die
1550 1553 1724 1601 menfis
1740 1552 1996 1601 Februarii
2018 1570 2148 1601 anno
2163 1552 2366 1601 Domini
2387 1552 2640 1600 millesimo

601 1647 1077 1713 quadringentesimo
1103 1645 1423 1711 octuagesimo
1449 1646 1620 1695 terci0.

605 1901 884 1970 Ass'edacio
911 1929 1152 1968 terrarum
1177 1919 1452 1968 nostrarum
1478 1920 1538 1967 de
1564 1918 1875 1984 Bogfoiehill.

604 2080 880 2152 Uniuerfis
908 2140 918 2150 .
948 2140 957 2149 .
989 2140 998 2149 .
1026 2101 1226 2150 ecclesie
1250 2101 1362 2149 filiis
1389 2140 1398 2150 .
1428 2140 1437 2149 .
1469 2140 1477 2149 .
1506 2101 1770 2150 Villelmus
1800 2139 1809 2149 .
1838 2139 1848 2148 .
1876 2140 1885 2149 .
1912 2101 2062 2150 abbas
2097 2138 2107 2148 .
2136 2138 2146 2148 .
2175 2139 2184 2148 .
2216 2102 2277 2149 de
2303 2101 2638 2150 Abirbrothoc

605 2233 613 2241 .
653 2232 664 2242 .
705 2232 714 2241 .
751 2194 951 2242 salutem
983 2223 992 2232 ·
1025 2193 1280 2243 Noueritis
1321 2211 1410 2242 nos
1455 2232 1465 2242 .
1512 2231 1522 2241 .
1553 2232 1563 2242 .
1608 2193 1832 2242 affedafl'e
1878 2231 1888 2241 .
1929 2231 1939 2241 .
1982 2232 1990 2241 .
2029 2193 2251 2242 Johanni
2294 2193 2636 2242 Robertsoun·

605 2285 837 2333 Villelmo
875 2285 1181 2334 Robertsoun
1232 2285 1333 2333 filio
1380 2286 1464 2334 suo
1501 2313 1510 2322 ·
1548 2295 1597 2335 et
1635 2287 1920 2352 Margarete
1969 2286 2138 2351 sponse
2181 2286 2301 2335 dicti
2348 2286 2588 2335 Willelmi
2628 2315 2637 2324 ·

603 2378 789 2440 suisque
832 2376 1198 2426 coadiutoribus
1233 2414 1243 2424 .
1280 2414 1291 2425 .
1329 2415 1339 2425 .
1374 2386 1533 2426 terras
1575 2378 1803 2427 villarum
1846 2377 2125 2427 nostrarum
2164 2378 2226 2426 de
2262 2377 2546 2442 Bogfochill
2592 2386 2639 2426 et

608 2469 836 2517 Auchlek
879 2487 989 2517 cum
1025 2469 1227 2518 decimis
1261 2470 1544 2535 garbalibus
1576 2508 1587 2519 .
1623 2508 1634 2518 .
1671 2508 1682 2518 .
1714 2470 1932 2519 iacentes
1966 2470 2098 2518 infra
2135 2470 2387 2519 baroniam
2425 2468 2638 2518 nostram

608 2561 667 2607 de
707 2559 906 2608 Terwes
953 2577 1043 2623 pro
1089 2569 1191 2608 toto
1234 2569 1453 2625 tempore
1493 2562 1592 2611 vite
1635 2600 1646 2610 .
1689 2600 1699 2610 .
1741 2600 1752 2610 .
1791 2579 1882 2627 pro
1915 2561 2011 2610 suis
2046 2561 2431 2625 gratitudinibus
2477 2561 2638 2609 multi-

609 2651 764 2698 modis
801 2650 1016 2699 seruiciis
1062 2660 1110 2699 et
1146 2651 1394 2700 laboribus
1440 2670 1530 2717 pro
1579 2654 1826 2702 communi
1865 2655 1996 2702 bono
2037 2652 2319 2701 monasterii
2360 2652 2512 2700 nostri
2556 2653 2639 2700 im-

609 2742 767 2804 pensis
809 2751 857 2789 et
899 2742 1142 2806 fignanter
1180 2760 1269 2806 pro
1311 2743 1495 2792 summa
1530 2753 1726 2793 centum
1758 2745 1997 2794 librarum
2031 2745 2206 2793 vsualis
2236 2752 2432 2792 monete
2469 2743 2639 2793 Scocie

611 2833 749 2881 nobis
777 2870 785 2879 .
816 2870 825 2879 .
856 2871 866 2880 .
894 2842 1111 2896 tempore
1137 2834 1453 2882 confeffionis
1484 2837 1787 2899 presencium
1824 2875 1834 2885 .
1869 2877 1878 2885 .
1914 2875 1924 2885 .
1958 2837 2114 2886 soluta
2137 2854 2195 2885 ac
2219 2837 2270 2885 in
2299 2838 2405 2885 vsus
2431 2875 2439 2883 .
2470 2874 2479 2884 .
2509 2874 2519 2884 .
2546 2835 2638 2884 loci

612 2924 762 2971 nostri
789 2924 1022 2971 conuersa
1046 2953 1056 2962 ·
1085 2924 1130 2971 T
1134 2925 1349 2973 enendas
1377 2963 1386 2973 .
1419 2964 1426 2973 .
1455 2964 1463 2973 .
1491 2943 1520 2974 a
1544 2927 1622 2974 die
1648 2928 1761 2976 date
1797 2928 2104 2992 presencium
2141 2946 2236 2993 que
2272 2929 2366 2977 erit
2402 2928 2637 2977 terminus

611 3016 839 3063 introitus
877 3053 887 3062 .
925 3054 933 3062 .
974 3052 984 3062 .
1025 3014 1272 3064 Soluendo
1303 3054 1314 3064 .
1344 3054 1354 3064 .
1383 3053 1393 3063 .
1428 3034 1517 3081 pro
1542 3019 1686 3066 terris
1714 3057 1724 3066 .
1753 3057 1764 3067 .
1791 3057 1801 3067 .
1830 3021 1890 3068 de
1916 3020 2177 3086 Bogfochil
2200 3021 2279 3068 sex
2304 3020 2455 3068 libras
2478 3027 2527 3067 et
2549 3035 2638 3083 pro

611 3106 813 3154 decimis
837 3106 1115 3170 garbalibus
1142 3143 1152 3154 .
1182 3144 1191 3154 .
1222 3144 1231 3154 .
1258 3107 1616 3173 quinquaginta
1639 3119 1738 3159 tres
1763 3111 1941 3159 solidos
1971 3120 2020 3160 et
2056 3121 2267 3176 quatuor
2301 3111 2529 3160 denarios
2555 3139 2565 3149 ·
2591 3118 2637 3157 et

610 3215 699 3261 pro
724 3197 864 3245 firma
890 3197 1001 3244 ville
1026 3198 1087 3245 de
1114 3197 1344 3246 Auchlek
1366 3209 1575 3262 quatuor
1608 3201 1758 3249 libras
1791 3210 1839 3251 et
1874 3220 1965 3267 pro
2002 3204 2204 3252 decimis
2239 3204 2521 3268 garbalibus
2547 3239 2558 3250 .
2587 3239 2597 3249 .
2625 3238 2636 3248 .
