2762 3834
632 360 730 404 320
1076 350 1500 405 REGISTRUM
1534 348 1632 397 DE
1668 344 2223 396 ABERBROTHOC.

631 488 926 553 quequidem
950 495 1082 536 terre
1119 524 1129 535 .
1167 523 1178 534 .
1215 522 1226 534 .
1263 485 1463 532 fuerunt
1486 479 1786 528 hereditarie
1810 477 1993 527 Jonete
2028 477 2244 527 Tulloch
2276 477 2419 526 vnius
2452 477 2666 526 filiarum

631 589 680 628 et
700 579 935 628 heredum
961 577 1207 642 quondam
1235 574 1427 622 Thome
1455 570 1669 619 Tulloch
1696 569 1757 618 de
1777 568 2041 635 Bonytone
2077 598 2088 609 ·
2126 578 2175 618 et
2200 569 2517 634 quasquidem
2554 606 2565 616 .
2603 606 2614 616 .
2656 606 2666 615 .

630 671 798 719 eadem
823 670 1007 718 Joneta
1050 704 1061 715 .
1106 704 1116 715 .
1160 704 1170 715 .
1206 666 1258 713 in
1294 680 1468 712 manus
1503 662 1695 710 nostras
1737 699 1750 710 .
1794 699 1807 711 .
1851 699 1862 710 .
1901 661 2170 728 refignauit
2221 699 2233 711 .
2286 698 2299 710 .
2337 697 2350 710 .
2393 661 2667 710 Reddendo

744 799 755 809 .
804 761 868 808 ad
912 759 1035 808 festa
1085 756 1249 806 Sancti
1297 755 1505 803 Andree
1547 752 1756 818 apostoli
1795 761 1845 802 et
1891 753 2268 802 Purificacionis
2311 751 2464 802 Beate
2505 751 2668 801 Marie

628 853 679 899 in
714 850 999 915 granarium
1035 847 1253 895 nostrum
1290 846 1423 910 apud
1447 844 1782 894 Abirbrothoc
1805 844 2307 909 proporcionabiliter
2339 844 2669 909 quadraginta

626 941 780 988 bollas
813 938 1070 1004 placabilis
1105 936 1292 985 farrine
1322 952 1591 984 auenarum
1629 941 1679 983 et
1710 936 2044 1001 quadraginta
2076 935 2233 985 bollas
2264 935 2438 984 mundi
2474 942 2523 984 et
2557 936 2669 1000 puri

626 1032 763 1079 ordei
800 1047 911 1079 cum
946 1027 1174 1076 mensura
1208 1027 1305 1075 fori
1340 1043 1474 1075 nunc
1510 1027 1755 1075 currentis
1779 1055 1790 1066 ·
1817 1036 1866 1076 et
1899 1026 2134 1075 soluendo
2170 1027 2234 1075 ad
2267 1026 2531 1075 multuram
2568 1027 2670 1075 sex-

625 1122 974 1171 tumdecimum
1014 1136 1098 1168 vas
1137 1119 1199 1167 de
1247 1118 1382 1166 omni
1430 1135 1615 1184 genere
1661 1119 1796 1168 bladi
1841 1119 1974 1184 quod
2019 1119 2234 1168 creuerit
2283 1119 2334 1166 in
2370 1119 2502 1167 dicta
2536 1126 2671 1167 terra

623 1223 787 1278 preter
811 1213 973 1262 semen
1005 1212 1141 1260 suum
1166 1211 1423 1276 proprium
1449 1218 1498 1259 et
1520 1210 1776 1259 hominum
1801 1211 2000 1258 suorum
2024 1216 2216 1260 tantum
2253 1210 2386 1274 quod
2410 1209 2462 1257 in
2498 1210 2667 1258 eadem

621 1314 755 1355 terra
793 1306 1032 1354 seminare
1073 1304 1322 1353 voluerint
1363 1311 1413 1351 et
1453 1310 1623 1368 preter
1662 1302 1855 1351 firmam
1897 1303 2032 1351 suam
2074 1310 2313 1367 quantum
2353 1302 2571 1366 pertinet
2606 1303 2669 1351 ad

622 1398 813 1446 ordium
840 1425 850 1434 ·
876 1397 1114 1461 Idemque
1138 1395 1373 1461 magister
1399 1395 1571 1444 Dauid
1596 1402 1645 1443 et
1667 1395 1877 1444 heredes
1901 1394 1972 1444 sui
2008 1395 2213 1460 prestito
2239 1394 2490 1443 fidelitatis
2514 1394 2668 1443 sacra-

623 1498 789 1539 mento
826 1490 1109 1555 obligantur
1160 1526 1171 1537 .
1225 1526 1236 1537 .
1292 1525 1304 1537 .
1345 1488 1409 1536 ad
1444 1486 1656 1552 speciale
1693 1487 1948 1535 confilium
1983 1487 2205 1536 laborem
2248 1493 2297 1534 et
2336 1485 2667 1534 defensionem

621 1582 784 1630 abbati
810 1590 858 1630 et
883 1580 1151 1630 conuentui
1183 1615 1195 1627 .
1232 1616 1242 1627 .
1283 1616 1294 1627 .
1328 1579 1716 1645 impendendum
1742 1606 1752 1616 ·
1777 1579 1843 1628 Et
1865 1579 2075 1629 heredes
2114 1616 2125 1627 .
2166 1616 2178 1627 .
2211 1616 2222 1627 .
2259 1577 2479 1643 magistri
2498 1576 2669 1626 Dauid

620 1676 672 1723 in
709 1675 917 1724 introitu
955 1674 1039 1723 suo
1075 1711 1087 1722 .
1123 1710 1135 1722 .
1170 1711 1181 1722 .
1217 1673 1406 1721 dabunt
1444 1710 1455 1721 .
1495 1710 1506 1721 .
1547 1709 1558 1721 .
1604 1672 1874 1721 conuentui
1908 1672 1960 1721 in
1996 1671 2259 1721 refectorio
2294 1687 2446 1720 vnum
2481 1671 2668 1720 discum

621 1776 908 1832 argenteum
932 1765 1165 1831 ponderis
1181 1765 1324 1813 vnius
1341 1780 1509 1813 marce
1529 1763 1878 1830 sterlingorum
1902 1781 1994 1830 pro
2016 1763 2362 1829 duplicacione
2380 1763 2521 1812 firme
2546 1762 2627 1812 sue
2653 1792 2664 1803 ·

620 1859 856 1907 Preterea
890 1897 900 1907 .
936 1897 945 1907 .
985 1895 997 1907 .
1036 1856 1267 1922 magister
1284 1855 1456 1905 Dauid
1480 1864 1530 1904 et
1554 1855 1762 1905 heredes
1787 1856 1860 1904 sui
1882 1855 2019 1905 licite
2042 1855 2364 1905 introducent
2388 1862 2489 1904 tam
2511 1855 2667 1920 legios

619 1950 842 1998 homines
866 1967 1011 2014 quam
1037 1949 1158 1997 alios
1183 1948 1503 2012 simpliciores
1526 1948 1574 1996 se
1600 1948 1663 1996 ad
1698 1947 1960 1996 colendum
1996 1955 2046 1997 et
2080 1946 2459 1996 inhabitandum
2484 1947 2666 1997 dictam

621 2043 977 2092 dimidietatem
1018 2050 1264 2091 terrarum
1306 2081 1315 2090 .
1360 2081 1369 2090 .
1412 2080 1422 2090 .
1465 2041 1551 2106 qui
1591 2039 1711 2105 legii
1749 2039 1974 2088 homines
2016 2040 2081 2088 ad
2124 2039 2429 2088 voluntatem
2476 2040 2665 2089 abbatis

622 2174 631 2182 .
676 2174 685 2183 .
728 2173 738 2183 .
777 2152 868 2197 pro
904 2134 1012 2183 aliis
1048 2134 1195 2183 terris
1235 2133 1332 2182 suis
1375 2133 1596 2182 colendis
1632 2139 1682 2181 et
1718 2131 2055 2182 inhabitandis
2102 2169 2112 2181 .
2151 2170 2160 2180 .
2204 2170 2213 2180 .
2255 2131 2624 2181 reuocabuntur
2654 2159 2665 2170 ·

619 2226 753 2274 Diffi
777 2227 931 2275 eciam
969 2266 978 2275 .
1017 2266 1027 2275 .
1061 2265 1070 2275 .
1104 2226 1306 2274 venient
1331 2225 1394 2273 ad
1420 2225 1610 2273 curiam
1629 2225 1820 2274 abbatis
1845 2231 1921 2274 ter
1944 2225 1998 2273 in
2023 2240 2155 2273 anno
2173 2232 2223 2274 et
2240 2224 2401 2289 sepius
2422 2224 2456 2273 fi
2475 2224 2662 2274 necesse

622 2318 845 2366 fueritin
881 2335 979 2382 qua
1012 2318 1046 2366 fi
1082 2316 1339 2366 amerciati
1370 2316 1559 2366 fuerint
1593 2316 2030 2366 amerciamentum
2068 2333 2170 2364 non
2206 2316 2412 2365 excedet
2447 2316 2664 2381 quinque

622 2408 799 2456 solidos
824 2409 1040 2473 exceptis
1064 2408 1280 2473 querelis
1303 2408 1634 2473 spectantibus
1657 2409 1723 2458 ad
1755 2407 2068 2474 regalitatem
2091 2434 2102 2446 ·
2127 2424 2186 2456 ac
2208 2407 2435 2456 homines
2458 2407 2511 2455 in
2535 2407 2665 2457 dicta

623 2499 926 2549 dimidietate
949 2508 1190 2549 terrarum
1228 2537 1241 2549 .
1281 2537 1293 2548 .
1332 2537 1344 2549 .
1381 2506 1639 2549 manentes
1664 2517 1777 2549 cum
1799 2499 2057 2549 iusticiarii
2082 2499 2343 2547 camerarii
2378 2498 2460 2547 seu
2491 2499 2664 2548 balliui

623 2592 860 2639 tenebunt
884 2592 1071 2640 curiam
1109 2627 1121 2640 .
1162 2628 1173 2639 .
1212 2628 1223 2640 .
1260 2592 1452 2640 abbatis
1491 2628 1502 2640 .
1543 2629 1554 2641 .
1594 2628 1606 2640 .
1648 2591 1710 2640 de
1734 2590 2101 2640 indi&amentis
2136 2597 2186 2638 et
2217 2589 2427 2654 loquelis
2450 2589 2664 2654 spectan-

623 2683 754 2731 tibus
780 2684 843 2731 ad
867 2700 1099 2731 coronam
1115 2683 1192 2731 uel
1220 2683 1388 2731 arduis
1413 2682 1601 2732 cafibus
1619 2683 1705 2748 qui
1724 2699 1904 2748 magno
1926 2681 2156 2746 indigent
2179 2681 2362 2730 auxilio
2388 2682 2452 2730 ad
2476 2683 2663 2732 curiam

624 2774 814 2823 abbatis
855 2812 865 2823 .
913 2813 922 2822 .
961 2812 970 2822 .
1007 2774 1278 2838 premuniti
1310 2774 1548 2823 accedere
1586 2774 1890 2824 tenebuntur
1924 2803 1935 2814 ·
1969 2773 2209 2823 Preterea
2231 2790 2333 2821 non
2357 2772 2527 2823 licebit
2553 2791 2661 2839 pre-

625 2865 755 2913 dicto
795 2903 805 2913 .
850 2902 858 2913 .
902 2902 912 2913 .
956 2864 1137 2912 dietam
1167 2863 1522 2914 dimidietatem
1571 2904 1580 2914 .
1627 2903 1637 2914 .
1681 2904 1691 2914 .
1731 2865 1952 2914 alienare
1983 2864 2135 2914 alicui
2169 2901 2180 2913 .
2217 2903 2226 2913 .
2270 2903 2279 2913 .
2318 2862 2420 2912 fine
2452 2864 2663 2914 licencia

625 2955 816 3005 abbatis
852 2994 862 3003 .
897 2993 908 3003 .
946 2994 955 3003 .
994 2954 1061 3004 Et
1093 2954 1343 3003 sciendum
1374 2954 1446 3003 est.
1479 2956 1613 3021 quod
1644 2956 1678 3004 fi
1720 2956 1853 3005 dieta
1887 2956 2167 3005 dimidietas
2199 2993 2210 3004 .
2244 2993 2254 3004 .
2291 2994 2301 3005 .
2334 2972 2425 3020 per
2450 2972 2661 3005 commu-

623 3062 739 3096 nem
761 3061 991 3110 guerram
1015 3061 1189 3110 regum
1217 3045 1387 3094 Scocie
1412 3053 1462 3095 et
1485 3046 1671 3111 Anglie
1695 3046 1940 3097 destru&a
1968 3047 2119 3096 fuerit
2148 3048 2232 3096 seu
2263 3047 2518 3096 deuastata
2547 3048 2661 3097 dieti

670 3179 680 3188 .
716 3175 726 3186 .
759 3154 861 3186 non
886 3135 1243 3201 compellentur
1265 3137 1330 3185 ad
1351 3137 1543 3185 firmam
1566 3136 1854 3188 soluendum
1878 3138 1969 3187 nifi
2001 3146 2241 3203 quantum
2274 3156 2365 3204 per
2390 3139 2521 3189 viros
2544 3139 2659 3188 fide-
