2762 3834
85 1460 146 1503 14

71 2960 132 3003 15

655 392 1093 445 REGISTRUM
1126 394 1226 445 DE
1260 394 1823 448 ABERBROTHOC.
2213 403 2272 447 ll

203 523 415 574 liberum
462 526 762 593 burgagium
799 565 811 577 .
851 566 863 578 .
902 566 915 578 .
953 528 1231 579 Reddendo
1269 568 1281 579 .
1322 567 1332 579 .
1373 568 1384 580 .
1423 531 1683 581 annuatim
1720 568 1732 580 .
1769 569 1782 581 .
1823 569 1834 580 .
1871 530 2106 598 magistro
2146 548 2274 581 com-

202 616 461 667 munitatis
498 619 665 669 nostre
705 627 807 670 tres
844 620 1025 670 solidos
1061 623 1258 689 argenti
1300 624 1365 673 ad
1404 622 1583 673 festum
1624 623 1979 675 Penthecostes
2019 634 2070 674 et
2110 625 2275 675 Sancti

203 707 415 760 Martini
452 711 505 760 in
542 711 723 779 hyeme
764 751 774 762 .
816 751 827 762 .
867 751 878 763 .
923 722 974 765 et
1004 715 1199 764 firmam
1231 716 1379 783 burgi
1407 717 1630 766 debitam
1654 724 1705 767 et
1730 717 2013 767 consuetam
2050 745 2061 757 -
2100 717 2273 767 Dictus

202 804 359 851 eciam
384 803 636 854 Robertus
660 812 710 854 et
732 805 945 856 heredes
980 844 992 857 .
1030 845 1043 857 .
1080 845 1092 856 .
1128 807 1267 858 nullo
1290 811 1438 858 modo
1474 848 1486 859 .
1525 848 1537 859 .
1577 848 1587 858 .
1621 817 1807 860 terram
1832 810 2122 862 alienabunt
2159 849 2169 860 .
2199 849 2220 860 ..
2261 849 2272 859 .

201 894 302 943 fine
327 896 495 946 nostra
529 936 540 946 .
582 936 592 946 .
633 936 643 947 .
680 898 896 948 licencia
920 899 1120 966 speciali
1154 928 1165 938 ·
1197 901 1259 951 In
1285 903 1425 952 cuius
1449 903 1524 953 rei
1548 903 1885 953 testimonium
1910 911 1988 953 etc
2023 941 2034 953 .
2075 941 2086 953 .
2126 941 2138 953 .
2173 903 2274 953 xvi⁰

201 987 282 1036 die
309 988 486 1038 menfis
510 989 774 1041 Februarii
799 1009 931 1041 anno
957 999 1053 1043 etc.
1079 993 1228 1043 xxxi0.

199 1246 375 1318 Carta
399 1270 672 1319 tenementi
696 1271 758 1319 de
783 1270 991 1337 Forays.

200 1431 468 1506 Omnibus
513 1492 523 1502 .
569 1492 580 1503 .
627 1492 638 1503 .
681 1456 838 1504 frater
878 1455 1140 1506 Galfridus
1179 1495 1189 1505 .
1231 1496 1242 1506 .
1284 1495 1294 1506 .
1333 1458 1484 1507 abbas
1532 1460 1593 1508 de
1636 1459 1975 1511 Abirbrothoc
2014 1500 2025 1512 .
2067 1500 2078 1511 .
2119 1501 2130 1512 .
2168 1463 2270 1513 Sci-

198 1547 292 1596 atis
317 1565 409 1596 nos
446 1585 458 1597 .
499 1586 510 1596 .
551 1586 562 1596 .
600 1547 783 1597 dediffe
822 1585 834 1597 .
875 1586 886 1596 .
927 1586 937 1597 .
974 1548 1012 1598 J
1014 1549 1200 1598 ohanni
1227 1549 1376 1599 Hode
1400 1552 1633 1618 burgensi
1658 1552 1776 1602 ville
1813 1554 1874 1603 de
1907 1553 2098 1621 Forays
2132 1556 2270 1606 illam

201 1678 211 1687 .
253 1677 263 1688 .
304 1678 314 1688 .
350 1641 647 1706 perticatam
698 1649 831 1691 terre
871 1680 882 1691 .
922 1680 934 1691 .
976 1681 987 1691 .
1024 1643 1078 1692 in
1126 1642 1259 1692 diota
1306 1643 1426 1693 villa
1479 1656 1628 1709 quam
1676 1643 1928 1695 Walterus
1975 1647 2037 1696 de
2087 1648 2270 1715 Wyrly

197 1735 448 1799 quondam
481 1744 658 1785 tenens
693 1735 860 1785 noster
897 1774 908 1785 .
950 1773 961 1784 .
1002 1773 1014 1784 .
1053 1735 1197 1785 nobis
1235 1772 1248 1785 .
1287 1773 1299 1785 .
1340 1773 1351 1784 .
1389 1737 1451 1786 de
1488 1735 1745 1786 voluntate
1782 1745 1832 1786 et
1867 1737 2053 1789 assensu
2084 1740 2272 1790 domini

198 1826 412 1878 Henrici
433 1829 681 1894 capellani
699 1829 791 1878 filii
809 1838 860 1879 et
878 1829 1079 1879 heredis
1097 1829 1167 1878 sui
1209 1867 1220 1878 .
1259 1867 1271 1878 .
1311 1867 1322 1877 .
1359 1829 1548 1878 sursum
1565 1829 1786 1879 reddidit
1824 1869 1835 1880 .
1876 1869 1886 1879 .
1927 1869 1937 1880 .
1977 1831 2270 1883 Tenendam

251 1958 261 1968 .
302 1959 312 1969 .
351 1921 403 1969 in
439 1921 655 1971 liberum
688 1923 989 1989 burgagium
1027 1961 1038 1971 .
1080 1960 1090 1971 .
1132 1960 1142 1971 .
1180 1922 1317 1973 salua
1353 1922 1499 1971 nobis
1536 1921 1802 1995 regalitate
1840 1961 1851 1972 .
1893 1961 1903 1971 .
1943 1962 1954 1972 .
1992 1924 2268 1975 Reddendo

197 2052 207 2061 .
250 2052 259 2062 .
302 2053 311 2062 .
350 2024 450 2064 tres
477 2016 657 2065 solidos
683 2016 881 2082 argenti
906 2016 1166 2065 annuatim
1190 2016 1255 2064 ad
1279 2014 1403 2065 festa
1426 2014 1781 2065 Penthecostes
1803 2023 1853 2066 et
1873 2014 2041 2067 Sanffl
2059 2016 2269 2068 Martini

193 2109 247 2156 in
281 2126 427 2175 yeme
462 2148 472 2159 .
512 2148 522 2158 .
566 2148 576 2159 .
615 2119 666 2160 et
690 2110 996 2159 inueniendo
1025 2109 1169 2159 nobis
1203 2116 1253 2158 et
1290 2108 1471 2157 nostris
1503 2109 1568 2157 ad
1603 2107 1920 2174 hostilagium
1956 2110 2269 2174 pertinencia

195 2219 308 2250 cum
344 2201 527 2251 ibidem
567 2203 850 2252 venerimus
889 2231 900 2242 ·
938 2201 1118 2252 Dictus
1155 2219 1272 2251 vero
1309 2201 1570 2251 Johannes
1607 2200 1938 2250 autheredes
1976 2200 2047 2250 sui
2085 2202 2265 2252 dictam

193 2304 379 2345 terram
404 2296 543 2345 nullo
568 2297 717 2345 modo
752 2334 763 2345 .
805 2335 816 2345 .
857 2334 867 2345 .
903 2296 1195 2346 alienabunt
1219 2295 1320 2345 fine
1341 2296 1511 2344 nostra
1545 2333 1554 2344 .
1596 2332 1608 2343 .
1648 2332 1658 2343 .
1696 2294 1909 2345 licencia
1926 2295 2126 2361 speciali
2159 2323 2170 2334 -
2202 2296 2264 2346 In

192 2389 333 2460 cuius
374 2390 449 2439 rei
491 2390 827 2439 testimonium
875 2427 886 2439 .
936 2428 946 2438 .
996 2427 1007 2438 .
1055 2396 1192 2439 carte
1233 2387 1399 2437 nostre
1438 2386 1649 2454 figillum
1694 2425 1705 2435 .
1752 2425 1763 2436 .
1809 2425 1820 2436 .
1864 2388 2069 2453 capituli
2108 2388 2262 2438 nostri

192 2482 399 2530 fecimus
425 2483 609 2548 apponi
636 2482 725 2532 tali
751 2483 832 2532 die
859 2499 991 2531 anno
1016 2482 1185 2547 gracie
1212 2488 1261 2531 et
1286 2488 1453 2531 cetera
1478 2480 1630 2528 xxxii.

188 2743 365 2817 Carta
388 2774 521 2816 terre
545 2768 712 2818 nostre
737 2768 799 2817 de
825 2767 1312 2833 Banchorydeueny.

190 2930 370 3001 Anno
428 2952 598 3017 gracie
656 2952 915 3002 millefimo
975 2951 1321 3002 trecentesimo
1381 2949 1625 3000 tricefimo
1685 2948 1841 2999 tercio
1899 2948 1980 2997 die
2039 2946 2251 2996 Veneris

187 3043 416 3107 proximo
463 3043 573 3109 post
620 3044 797 3094 festum
848 3044 1017 3095 Sancti
1064 3044 1276 3094 Martini
1321 3044 1376 3093 in
1420 3059 1565 3109 yeme
1613 3041 1746 3108 apud
1791 3039 2141 3090 monasterium
2188 3038 2247 3086 de

186 3135 527 3185 Abirbrothoc
569 3136 642 3186 ita
689 3138 926 3187 conuenit
973 3137 1105 3187 inter
1143 3175 1154 3186 .
1194 3175 1205 3186 .
1245 3174 1255 3185 .
1297 3135 1581 3186 Galfridum
1624 3172 1636 3183 .
1677 3172 1688 3183 .
1728 3172 1740 3183 .
1784 3134 2009 3183 abbatem
2048 3169 2059 3180 .
2097 3166 2109 3179 .
2148 3167 2160 3178 .
2196 3137 2245 3178 et

186 3236 488 3279 conuentum
531 3229 747 3279 eiusdem
789 3248 851 3279 ex
892 3238 1035 3296 parte
1078 3247 1177 3280 vna
1218 3236 1268 3278 et
1307 3226 1614 3278 Willelmum
1658 3226 1719 3274 de
1761 3224 2044 3290 Melgdrum
2089 3221 2242 3269 filium
