<?xml version="1.0" encoding="UTF-8"?>
<!DOCTYPE html PUBLIC "-//W3C//DTD XHTML 1.0 Transitional//EN"
    "http://www.w3.org/TR/xhtml1/DTD/xhtml1-transitional.dtd">
<html xmlns="http://www.w3.org/1999/xhtml" xml:lang="en" lang="en">
 <head>
  <title>
</title>
<meta http-equiv="Content-Type" content="text/html;charset=utf-8" />
  <meta name='ocr-system' content='tesseract 3.04.00' />
  <meta name='ocr-capabilities' content='ocr_page ocr_carea ocr_par ocr_line ocrx_word'/>
</head>
<body>
  <div class='ocr_page' id='page_1' title='image "./libersthomedea8602arbruoft_0225.png"; bbox 0 0 2762 3834; ppageno 0'>
   <div class='ocr_carea' id='block_1_1' title="bbox 0 0 33 2794">
    <p class='ocr_par' dir='ltr' id='par_1_1' title="bbox 0 0 33 2794">
     <span class='ocr_line' id='line_1_1' title="bbox 0 0 33 2794; baseline 0 0"><span class='ocrx_word' id='word_1_1' title='bbox 0 0 33 2794; x_wconf 95' lang='lat' dir='ltr'> </span> 
     </span>
    </p>
   </div>
   <div class='ocr_carea' id='block_1_2' title="bbox 48 1558 140 1602">
    <p class='ocr_par' dir='ltr' id='par_1_2' title="bbox 48 1558 140 1602">
     <span class='ocr_line' id='line_1_2' title="bbox 48 1558 140 1602; baseline 0 0"><span class='ocrx_word' id='word_1_2' title='bbox 48 1558 140 1602; x_wconf 81' lang='lat'>142</span> 
     </span>
    </p>
   </div>
   <div class='ocr_carea' id='block_1_3' title="bbox 49 2743 137 2789">
    <p class='ocr_par' dir='ltr' id='par_1_3' title="bbox 49 2743 137 2789">
     <span class='ocr_line' id='line_1_3' title="bbox 49 2743 137 2789; baseline 0.034 -3"><span class='ocrx_word' id='word_1_3' title='bbox 49 2743 137 2789; x_wconf 85' lang='lat'>143</span> 
     </span>
    </p>
   </div>
   <div class='ocr_carea' id='block_1_4' title="bbox 652 387 2262 439">
    <p class='ocr_par' dir='ltr' id='par_1_4' title="bbox 652 387 2262 439">
     <span class='ocr_line' id='line_1_4' title="bbox 652 387 2262 439; baseline -0.001 -1"><span class='ocrx_word' id='word_1_4' title='bbox 652 387 1081 439; x_wconf 87' lang='lat' dir='ltr'>REGISTRUM</span> <span class='ocrx_word' id='word_1_5' title='bbox 1114 388 1213 438; x_wconf 89' lang='lat' dir='ltr'>DE</span> <span class='ocrx_word' id='word_1_6' title='bbox 1248 388 1812 439; x_wconf 86' lang='lat' dir='ltr'><strong>ABERBROTHOC.</strong></span> <span class='ocrx_word' id='word_1_7' title='bbox 2169 394 2262 437; x_wconf 81' lang='lat'>125</span> 
     </span>
    </p>
   </div>
   <div class='ocr_carea' id='block_1_5' title="bbox 197 521 2294 1141">
    <p class='ocr_par' dir='ltr' id='par_1_5' title="bbox 197 521 2294 1141">
     <span class='ocr_line' id='line_1_5' title="bbox 203 521 2259 588; baseline 0 -19"><span class='ocrx_word' id='word_1_8' title='bbox 203 522 413 570; x_wconf 86' lang='lat' dir='ltr'>Andrea</span> <span class='ocrx_word' id='word_1_9' title='bbox 437 550 446 560; x_wconf 91' lang='lat'><strong>·</strong></span> <span class='ocrx_word' id='word_1_10' title='bbox 475 521 672 571; x_wconf 88' lang='lat' dir='ltr'>Thoma</span> <span class='ocrx_word' id='word_1_11' title='bbox 695 550 705 560; x_wconf 90' lang='lat'><strong>·</strong></span> <span class='ocrx_word' id='word_1_12' title='bbox 731 532 780 572; x_wconf 87' lang='lat' dir='ltr'>et</span> <span class='ocrx_word' id='word_1_13' title='bbox 808 523 1041 588; x_wconf 84' lang='lat' dir='ltr'>Georgeo</span> <span class='ocrx_word' id='word_1_14' title='bbox 1061 552 1071 561; x_wconf 90' lang='lat'><strong>·</strong></span> <span class='ocrx_word' id='word_1_15' title='bbox 1096 521 1451 572; x_wconf 60' lang='lat' dir='ltr'>Sanctiandree</span> <span class='ocrx_word' id='word_1_16' title='bbox 1469 551 1479 562; x_wconf 88' lang='lat'><strong>·</strong></span> <span class='ocrx_word' id='word_1_17' title='bbox 1503 522 1818 587; x_wconf 84' lang='lat' dir='ltr'>Glasguenfis</span> <span class='ocrx_word' id='word_1_18' title='bbox 1835 549 1844 559; x_wconf 94' lang='lat'><strong>·</strong></span> <span class='ocrx_word' id='word_1_19' title='bbox 1864 522 2229 571; x_wconf 80' lang='lat' dir='ltr'>Dunkeldenfis</span> <span class='ocrx_word' id='word_1_20' title='bbox 2250 553 2259 561; x_wconf 90' lang='lat'><strong>·</strong></span> 
     </span>
     <span class='ocr_line' id='line_1_6' title="bbox 202 608 2294 680; baseline 0 -18"><span class='ocrx_word' id='word_1_21' title='bbox 202 622 251 662; x_wconf 92' lang='lat' dir='ltr'>et</span> <span class='ocrx_word' id='word_1_22' title='bbox 288 614 633 663; x_wconf 88' lang='lat' dir='ltr'>Brechinenfis</span> <span class='ocrx_word' id='word_1_23' title='bbox 672 653 682 663; x_wconf 88' lang='lat'><strong>.</strong></span> <span class='ocrx_word' id='word_1_24' title='bbox 725 653 733 663; x_wconf 85' lang='lat'><em>.</em></span> <span class='ocrx_word' id='word_1_25' title='bbox 775 653 785 663; x_wconf 89' lang='lat'><strong><em>.</em></strong></span> <span class='ocrx_word' id='word_1_26' title='bbox 824 615 1063 680; x_wconf 92' lang='lat' dir='ltr'>episcopis</span> <span class='ocrx_word' id='word_1_27' title='bbox 1098 653 1108 663; x_wconf 94' lang='lat'><strong>.</strong></span> <span class='ocrx_word' id='word_1_28' title='bbox 1150 653 1160 663; x_wconf 93' lang='lat'>.</span> <span class='ocrx_word' id='word_1_29' title='bbox 1202 653 1211 664; x_wconf 90' lang='lat'><strong>.</strong></span> <span class='ocrx_word' id='word_1_30' title='bbox 1249 614 1483 665; x_wconf 85' lang='lat' dir='ltr'>Jobanne</span> <span class='ocrx_word' id='word_1_31' title='bbox 1526 615 1704 664; x_wconf 84' lang='lat' dir='ltr'>comite</span> <span class='ocrx_word' id='word_1_32' title='bbox 1746 615 1953 664; x_wconf 91' lang='lat' dir='ltr'>Atholie</span> <span class='ocrx_word' id='word_1_33' title='bbox 1986 643 1996 652; x_wconf 94' lang='lat'><strong>·</strong></span> <span class='ocrx_word' id='word_1_34' title='bbox 2029 614 2260 680; x_wconf 84' lang='lat' dir='ltr'>Georgeo</span> <span class='ocrx_word' id='word_1_35' title='bbox 2292 608 2294 611; x_wconf 47' lang='grc'>’</span> 
     </span>
     <span class='ocr_line' id='line_1_7' title="bbox 202 707 2257 772; baseline 0 -17"><span class='ocrx_word' id='word_1_36' title='bbox 202 708 382 757; x_wconf 80' lang='lat' dir='ltr'>comite</span> <span class='ocrx_word' id='word_1_37' title='bbox 408 708 628 772; x_wconf 77' lang='lat' dir='ltr'>Anguste</span> <span class='ocrx_word' id='word_1_38' title='bbox 655 736 665 747; x_wconf 90' lang='lat'><strong>·</strong></span> <span class='ocrx_word' id='word_1_39' title='bbox 689 708 861 758; x_wconf 90' lang='lat' dir='ltr'>Dauid</span> <span class='ocrx_word' id='word_1_40' title='bbox 897 709 1077 758; x_wconf 81' lang='lat' dir='ltr'>comite</span> <span class='ocrx_word' id='word_1_41' title='bbox 1116 708 1418 759; x_wconf 85' lang='lat' dir='ltr'>Graufurdie</span> <span class='ocrx_word' id='word_1_42' title='bbox 1445 736 1454 746; x_wconf 93' lang='lat'><strong>·</strong></span> <span class='ocrx_word' id='word_1_43' title='bbox 1480 708 1735 757; x_wconf 91' lang='lat' dir='ltr'>Willelmo</span> <span class='ocrx_word' id='word_1_44' title='bbox 1772 708 1952 757; x_wconf 87' lang='lat' dir='ltr'>comite</span> <span class='ocrx_word' id='word_1_45' title='bbox 1983 709 2044 756; x_wconf 90' lang='lat' dir='ltr'>de</span> <span class='ocrx_word' id='word_1_46' title='bbox 2070 707 2222 755; x_wconf 87' lang='lat' dir='ltr'>Erole</span> <span class='ocrx_word' id='word_1_47' title='bbox 2249 737 2257 745; x_wconf 93' lang='lat'>-</span> 
     </span>
     <span class='ocr_line' id='line_1_8' title="bbox 203 800 2257 867; baseline -0.001 -16"><span class='ocrx_word' id='word_1_48' title='bbox 203 801 383 851; x_wconf 90' lang='lat' dir='ltr'>Colino</span> <span class='ocrx_word' id='word_1_49' title='bbox 422 803 602 851; x_wconf 88' lang='lat' dir='ltr'>comite</span> <span class='ocrx_word' id='word_1_50' title='bbox 642 803 703 851; x_wconf 91' lang='lat' dir='ltr'>de</span> <span class='ocrx_word' id='word_1_51' title='bbox 742 802 915 867; x_wconf 87' lang='lat' dir='ltr'>Ergile</span> <span class='ocrx_word' id='word_1_52' title='bbox 952 803 1152 850; x_wconf 89' lang='lat' dir='ltr'>domino</span> <span class='ocrx_word' id='word_1_53' title='bbox 1181 801 1407 852; x_wconf 86' lang='lat' dir='ltr'>Cambell</span> <span class='ocrx_word' id='word_1_54' title='bbox 1442 831 1452 840; x_wconf 92' lang='lat'><strong>·</strong></span> <span class='ocrx_word' id='word_1_55' title='bbox 1488 801 1721 867; x_wconf 85' lang='lat' dir='ltr'>Georgeo</span> <span class='ocrx_word' id='word_1_56' title='bbox 1747 802 1944 850; x_wconf 88' lang='lat' dir='ltr'>domino</span> <span class='ocrx_word' id='word_1_57' title='bbox 1977 800 2257 850; x_wconf 86' lang='lat' dir='ltr'>Gordoun·</span> 
     </span>
     <span class='ocr_line' id='line_1_9' title="bbox 202 893 2258 958; baseline -0 -16"><span class='ocrx_word' id='word_1_58' title='bbox 202 893 398 942; x_wconf 90' lang='lat' dir='ltr'>Thoma</span> <span class='ocrx_word' id='word_1_59' title='bbox 422 894 623 943; x_wconf 89' lang='lat' dir='ltr'>domino</span> <span class='ocrx_word' id='word_1_60' title='bbox 652 894 850 958; x_wconf 80' lang='lat' dir='ltr'>Erskyn·</span> <span class='ocrx_word' id='word_1_61' title='bbox 871 923 881 933; x_wconf 91' lang='lat'><strong>·</strong></span> <span class='ocrx_word' id='word_1_62' title='bbox 909 894 1130 942; x_wconf 90' lang='lat' dir='ltr'>Patricio</span> <span class='ocrx_word' id='word_1_63' title='bbox 1156 894 1356 942; x_wconf 90' lang='lat' dir='ltr'>domino</span> <span class='ocrx_word' id='word_1_64' title='bbox 1383 894 1428 942; x_wconf 93' lang='lat' dir='ltr'>le</span> <span class='ocrx_word' id='word_1_65' title='bbox 1457 893 1681 943; x_wconf 83' lang='lat' dir='ltr'>Graham</span> <span class='ocrx_word' id='word_1_66' title='bbox 1707 921 1716 930; x_wconf 96' lang='lat'><strong>·</strong></span> <span class='ocrx_word' id='word_1_67' title='bbox 1742 894 2032 943; x_wconf 89' lang='lat' dir='ltr'>Alexandro</span> <span class='ocrx_word' id='word_1_68' title='bbox 2057 894 2258 942; x_wconf 89' lang='lat' dir='ltr'>domino</span> 
     </span>
     <span class='ocr_line' id='line_1_10' title="bbox 199 985 2255 1050; baseline 0 -17"><span class='ocrx_word' id='word_1_69' title='bbox 199 985 527 1050; x_wconf 85' lang='lat' dir='ltr'>Montgumry</span> <span class='ocrx_word' id='word_1_70' title='bbox 559 1014 570 1023; x_wconf 88' lang='lat'><strong>·</strong></span> <span class='ocrx_word' id='word_1_71' title='bbox 609 993 658 1033; x_wconf 88' lang='lat' dir='ltr'>et</span> <span class='ocrx_word' id='word_1_72' title='bbox 693 985 860 1033; x_wconf 90' lang='lat' dir='ltr'>multis</span> <span class='ocrx_word' id='word_1_73' title='bbox 898 985 1007 1032; x_wconf 89' lang='lat' dir='ltr'>aliis</span> <span class='ocrx_word' id='word_1_74' title='bbox 1046 1023 1054 1032; x_wconf 86' lang='lat'><strong>.</strong></span> <span class='ocrx_word' id='word_1_75' title='bbox 1095 1021 1105 1030; x_wconf 86' lang='lat'>.</span> <span class='ocrx_word' id='word_1_76' title='bbox 1147 1022 1156 1032; x_wconf 94' lang='lat'><strong><em>.</em></strong></span> <span class='ocrx_word' id='word_1_77' title='bbox 1196 985 1261 1034; x_wconf 86' lang='lat' dir='ltr'>Et</span> <span class='ocrx_word' id='word_1_78' title='bbox 1303 1003 1395 1050; x_wconf 84' lang='lat' dir='ltr'>ego</span> <span class='ocrx_word' id='word_1_79' title='bbox 1433 986 1654 1035; x_wconf 83' lang='lat' dir='ltr'>Thomas</span> <span class='ocrx_word' id='word_1_80' title='bbox 1686 986 1866 1034; x_wconf 89' lang='lat' dir='ltr'>Brown</span> <span class='ocrx_word' id='word_1_81' title='bbox 1898 1025 1907 1034; x_wconf 90' lang='lat'><strong>.</strong></span> <span class='ocrx_word' id='word_1_82' title='bbox 1947 1026 1956 1037; x_wconf 91' lang='lat'><em>.</em></span> <span class='ocrx_word' id='word_1_83' title='bbox 1997 987 2255 1035; x_wconf 84' lang='lat' dir='ltr'>,notarius</span> 
     </span>
     <span class='ocr_line' id='line_1_11' title="bbox 197 1075 1306 1141; baseline 0.002 -17"><span class='ocrx_word' id='word_1_84' title='bbox 197 1078 328 1125; x_wconf 65' lang='lat' dir='ltr'>dicte</span> <span class='ocrx_word' id='word_1_85' title='bbox 355 1075 704 1141; x_wconf 84' lang='lat' dir='ltr'>protestacioni</span> <span class='ocrx_word' id='word_1_86' title='bbox 730 1077 1051 1140; x_wconf 90' lang='lat' dir='ltr'>omnibusque</span> <span class='ocrx_word' id='word_1_87' title='bbox 1078 1077 1187 1125; x_wconf 89' lang='lat' dir='ltr'>aliis</span> <span class='ocrx_word' id='word_1_88' title='bbox 1213 1086 1306 1126; x_wconf 84' lang='lat' dir='ltr'>etc.</span> 
     </span>
    </p>
   </div>
   <div class='ocr_carea' id='block_1_6' title="bbox 196 1329 1310 1414">
    <p class='ocr_par' dir='ltr' id='par_1_6' title="bbox 196 1329 1310 1414">
     <span class='ocr_line' id='line_1_12' title="bbox 196 1329 1310 1414; baseline -0.003 -15"><span class='ocrx_word' id='word_1_89' title='bbox 196 1329 517 1414; x_wconf 77' lang='lat' dir='ltr'>Refignacio</span> <span class='ocrx_word' id='word_1_90' title='bbox 542 1349 723 1398; x_wconf 89' lang='lat' dir='ltr'>batelle</span> <span class='ocrx_word' id='word_1_91' title='bbox 749 1348 951 1414; x_wconf 72' lang='lat' dir='ltr'>passagii</span> <span class='ocrx_word' id='word_1_92' title='bbox 977 1349 1039 1396; x_wconf 90' lang='lat' dir='ltr'>de</span> <span class='ocrx_word' id='word_1_93' title='bbox 1066 1348 1310 1397; x_wconf 86' lang='lat' dir='ltr'>Montros.</span> 
     </span>
    </p>
   </div>
   <div class='ocr_carea' id='block_1_7' title="bbox 192 1514 2255 2251">
    <p class='ocr_par' dir='ltr' id='par_1_7' title="bbox 192 1514 2255 2251">
     <span class='ocr_line' id='line_1_13' title="bbox 196 1514 2252 1600; baseline 0 -15"><span class='ocrx_word' id='word_1_94' title='bbox 196 1514 473 1587; x_wconf 81' lang='lat' dir='ltr'>Uniuerfis</span> <span class='ocrx_word' id='word_1_95' title='bbox 512 1573 521 1582; x_wconf 92' lang='lat'><strong>.</strong></span> <span class='ocrx_word' id='word_1_96' title='bbox 563 1572 573 1583; x_wconf 91' lang='lat'>.</span> <span class='ocrx_word' id='word_1_97' title='bbox 615 1572 625 1582; x_wconf 90' lang='lat'><strong>.</strong></span> <span class='ocrx_word' id='word_1_98' title='bbox 665 1534 893 1582; x_wconf 91' lang='lat' dir='ltr'>dominus</span> <span class='ocrx_word' id='word_1_99' title='bbox 931 1532 1189 1582; x_wconf 88' lang='lat' dir='ltr'>Johannes</span> <span class='ocrx_word' id='word_1_100' title='bbox 1232 1535 1294 1582; x_wconf 90' lang='lat' dir='ltr'>de</span> <span class='ocrx_word' id='word_1_101' title='bbox 1333 1534 1514 1600; x_wconf 90' lang='lat' dir='ltr'>Lundy</span> <span class='ocrx_word' id='word_1_102' title='bbox 1555 1536 1616 1583; x_wconf 90' lang='lat' dir='ltr'>de</span> <span class='ocrx_word' id='word_1_103' title='bbox 1656 1536 1828 1583; x_wconf 90' lang='lat' dir='ltr'>eodem</span> <span class='ocrx_word' id='word_1_104' title='bbox 1871 1537 2012 1585; x_wconf 89' lang='lat' dir='ltr'>miles</span> <span class='ocrx_word' id='word_1_105' title='bbox 2050 1537 2252 1585; x_wconf 85' lang='lat' dir='ltr'>salutem</span> 
     </span>
     <span class='ocr_line' id='line_1_14' title="bbox 199 1626 2254 1691; baseline 0 -13"><span class='ocrx_word' id='word_1_106' title='bbox 199 1668 207 1678; x_wconf 91' lang='lat'>.</span> <span class='ocrx_word' id='word_1_107' title='bbox 250 1668 260 1678; x_wconf 91' lang='lat'><strong>.</strong></span> <span class='ocrx_word' id='word_1_108' title='bbox 301 1667 311 1678; x_wconf 88' lang='lat'><strong>.</strong></span> <span class='ocrx_word' id='word_1_109' title='bbox 349 1628 607 1677; x_wconf 89' lang='lat' dir='ltr'>Noueritis</span> <span class='ocrx_word' id='word_1_110' title='bbox 628 1645 707 1675; x_wconf 93' lang='lat' dir='ltr'>me</span> <span class='ocrx_word' id='word_1_111' title='bbox 731 1626 895 1676; x_wconf 79' lang='lat' dir='ltr'>fecifl&#39;e</span> <span class='ocrx_word' id='word_1_112' title='bbox 935 1665 946 1675; x_wconf 88' lang='lat'><strong>.</strong></span> <span class='ocrx_word' id='word_1_113' title='bbox 988 1664 999 1675; x_wconf 90' lang='lat'>.</span> <span class='ocrx_word' id='word_1_114' title='bbox 1039 1665 1048 1674; x_wconf 92' lang='lat'><em>.</em></span> <span class='ocrx_word' id='word_1_115' title='bbox 1076 1626 1111 1675; x_wconf 89' lang='lat' dir='ltr'>J</span> <span class='ocrx_word' id='word_1_116' title='bbox 1114 1627 1360 1676; x_wconf 85' lang='lat' dir='ltr'>ohannem</span> <span class='ocrx_word' id='word_1_117' title='bbox 1387 1626 1597 1691; x_wconf 84' lang='lat' dir='ltr'>Gardyn</span> <span class='ocrx_word' id='word_1_118' title='bbox 1622 1627 1683 1675; x_wconf 90' lang='lat' dir='ltr'>de</span> <span class='ocrx_word' id='word_1_119' title='bbox 1706 1628 1880 1675; x_wconf 89' lang='lat' dir='ltr'>eodem</span> <span class='ocrx_word' id='word_1_120' title='bbox 1902 1636 1950 1676; x_wconf 91' lang='lat' dir='ltr'>et</span> <span class='ocrx_word' id='word_1_121' title='bbox 1972 1628 2006 1676; x_wconf 89' lang='lat' dir='ltr'>J</span> <span class='ocrx_word' id='word_1_122' title='bbox 2010 1629 2254 1678; x_wconf 88' lang='lat' dir='ltr'>ohannem</span> 
     </span>
     <span class='ocr_line' id='line_1_15' title="bbox 198 1720 2255 1786; baseline 0 -16"><span class='ocrx_word' id='word_1_123' title='bbox 198 1721 315 1771; x_wconf 90' lang='lat' dir='ltr'>Scot</span> <span class='ocrx_word' id='word_1_124' title='bbox 340 1739 475 1770; x_wconf 92' lang='lat' dir='ltr'>meos</span> <span class='ocrx_word' id='word_1_125' title='bbox 504 1759 514 1770; x_wconf 89' lang='lat'><strong>.</strong></span> <span class='ocrx_word' id='word_1_126' title='bbox 544 1759 555 1769; x_wconf 88' lang='lat'><strong>.</strong></span> <span class='ocrx_word' id='word_1_127' title='bbox 585 1759 596 1769; x_wconf 91' lang='lat'>.</span> <span class='ocrx_word' id='word_1_128' title='bbox 623 1728 974 1786; x_wconf 85' lang='lat' dir='ltr'>procuratores</span> <span class='ocrx_word' id='word_1_129' title='bbox 1014 1758 1023 1767; x_wconf 90' lang='lat'><strong>.</strong></span> <span class='ocrx_word' id='word_1_130' title='bbox 1062 1759 1071 1768; x_wconf 88' lang='lat'><strong>.</strong></span> <span class='ocrx_word' id='word_1_131' title='bbox 1110 1758 1119 1768; x_wconf 92' lang='lat'><strong>.</strong></span> <span class='ocrx_word' id='word_1_132' title='bbox 1153 1720 1216 1768; x_wconf 89' lang='lat' dir='ltr'>ad</span> <span class='ocrx_word' id='word_1_133' title='bbox 1240 1720 1589 1786; x_wconf 71' lang='lat' dir='ltr'>resignandum</span> <span class='ocrx_word' id='word_1_134' title='bbox 1615 1721 1667 1769; x_wconf 91' lang='lat' dir='ltr'>in</span> <span class='ocrx_word' id='word_1_135' title='bbox 1693 1721 1920 1770; x_wconf 89' lang='lat' dir='ltr'>manibus</span> <span class='ocrx_word' id='word_1_136' title='bbox 1948 1760 1958 1770; x_wconf 90' lang='lat'>.</span> <span class='ocrx_word' id='word_1_137' title='bbox 1988 1761 1998 1770; x_wconf 92' lang='lat'><strong><em>.</em></strong></span> <span class='ocrx_word' id='word_1_138' title='bbox 2029 1759 2039 1769; x_wconf 90' lang='lat'>.</span> <span class='ocrx_word' id='word_1_139' title='bbox 2066 1724 2255 1771; x_wconf 88' lang='lat' dir='ltr'>abbatis</span> 
     </span>
     <span class='ocr_line' id='line_1_16' title="bbox 195 1813 2255 1880; baseline 0 -17"><span class='ocrx_word' id='word_1_140' title='bbox 195 1853 203 1862; x_wconf 88' lang='lat'>.</span> <span class='ocrx_word' id='word_1_141' title='bbox 231 1853 240 1863; x_wconf 93' lang='lat'><strong><em>.</em></strong></span> <span class='ocrx_word' id='word_1_142' title='bbox 271 1853 280 1863; x_wconf 92' lang='lat'><strong>.</strong></span> <span class='ocrx_word' id='word_1_143' title='bbox 308 1815 369 1863; x_wconf 91' lang='lat' dir='ltr'>de</span> <span class='ocrx_word' id='word_1_144' title='bbox 394 1813 733 1863; x_wconf 88' lang='lat' dir='ltr'>Abirbrothoc</span> <span class='ocrx_word' id='word_1_145' title='bbox 760 1850 771 1861; x_wconf 93' lang='lat'>.</span> <span class='ocrx_word' id='word_1_146' title='bbox 802 1851 812 1861; x_wconf 92' lang='lat'>.</span> <span class='ocrx_word' id='word_1_147' title='bbox 842 1849 852 1860; x_wconf 93' lang='lat'>.</span> <span class='ocrx_word' id='word_1_148' title='bbox 881 1820 1039 1861; x_wconf 85' lang='lat' dir='ltr'>totum</span> <span class='ocrx_word' id='word_1_149' title='bbox 1070 1813 1146 1860; x_wconf 90' lang='lat' dir='ltr'>ius</span> <span class='ocrx_word' id='word_1_150' title='bbox 1175 1850 1185 1860; x_wconf 94' lang='lat'><strong>.</strong></span> <span class='ocrx_word' id='word_1_151' title='bbox 1209 1849 1219 1861; x_wconf 89' lang='lat'><em>.</em></span> <span class='ocrx_word' id='word_1_152' title='bbox 1251 1850 1261 1860; x_wconf 91' lang='lat'><strong>.</strong></span> <span class='ocrx_word' id='word_1_153' title='bbox 1289 1813 1410 1861; x_wconf 91' lang='lat' dir='ltr'>mihi</span> <span class='ocrx_word' id='word_1_154' title='bbox 1448 1820 1534 1862; x_wconf 85' lang='lat' dir='ltr'>aut</span> <span class='ocrx_word' id='word_1_155' title='bbox 1563 1813 1830 1862; x_wconf 86' lang='lat' dir='ltr'>heredibus</span> <span class='ocrx_word' id='word_1_156' title='bbox 1854 1815 1977 1863; x_wconf 89' lang='lat' dir='ltr'>meis</span> <span class='ocrx_word' id='word_1_157' title='bbox 2002 1817 2255 1880; x_wconf 86' lang='lat' dir='ltr'>pertinens</span> 
     </span>
     <span class='ocr_line' id='line_1_17' title="bbox 192 1906 2252 1974; baseline 0 -17"><span class='ocrx_word' id='word_1_158' title='bbox 192 1910 253 1957; x_wconf 92' lang='lat' dir='ltr'>de</span> <span class='ocrx_word' id='word_1_159' title='bbox 280 1909 448 1974; x_wconf 89' lang='lat' dir='ltr'>symba</span> <span class='ocrx_word' id='word_1_160' title='bbox 485 1907 717 1956; x_wconf 88' lang='lat' dir='ltr'>videlicet</span> <span class='ocrx_word' id='word_1_161' title='bbox 751 1907 832 1955; x_wconf 80' lang='lat' dir='ltr'>the</span> <span class='ocrx_word' id='word_1_162' title='bbox 851 1908 1056 1972; x_wconf 69' lang='lat' dir='ltr'>ferybat</span> <span class='ocrx_word' id='word_1_163' title='bbox 1090 1907 1168 1973; x_wconf 90' lang='lat' dir='ltr'>off</span> <span class='ocrx_word' id='word_1_164' title='bbox 1189 1906 1414 1955; x_wconf 75' lang='lat' dir='ltr'>Montros</span> <span class='ocrx_word' id='word_1_165' title='bbox 1450 1923 1599 1971; x_wconf 87' lang='lat' dir='ltr'>quam</span> <span class='ocrx_word' id='word_1_166' title='bbox 1638 1913 1785 1955; x_wconf 91' lang='lat' dir='ltr'>teneo</span> <span class='ocrx_word' id='word_1_167' title='bbox 1822 1907 1882 1955; x_wconf 92' lang='lat' dir='ltr'>de</span> <span class='ocrx_word' id='word_1_168' title='bbox 1922 1907 2100 1956; x_wconf 86' lang='lat' dir='ltr'>abbate</span> <span class='ocrx_word' id='word_1_169' title='bbox 2143 1947 2151 1956; x_wconf 90' lang='lat'><strong>.</strong></span> <span class='ocrx_word' id='word_1_170' title='bbox 2192 1947 2200 1956; x_wconf 91' lang='lat'><strong>.</strong></span> <span class='ocrx_word' id='word_1_171' title='bbox 2244 1949 2252 1957; x_wconf 93' lang='lat'>.</span> 
     </span>
     <span class='ocr_line' id='line_1_18' title="bbox 194 1999 2255 2066; baseline -0 -17"><span class='ocrx_word' id='word_1_172' title='bbox 194 2002 347 2066; x_wconf 93' lang='lat' dir='ltr'><strong>Apud</strong></span> <span class='ocrx_word' id='word_1_173' title='bbox 393 1999 871 2050; x_wconf 66' lang='lat' dir='ltr'>Sanctumandream</span> <span class='ocrx_word' id='word_1_174' title='bbox 915 2000 1091 2049; x_wconf 90' lang='lat' dir='ltr'>menfis</span> <span class='ocrx_word' id='word_1_175' title='bbox 1141 1999 1443 2048; x_wconf 89' lang='lat' dir='ltr'>Nouembris</span> <span class='ocrx_word' id='word_1_176' title='bbox 1489 2001 1570 2048; x_wconf 92' lang='lat' dir='ltr'>die</span> <span class='ocrx_word' id='word_1_177' title='bbox 1618 2000 1833 2049; x_wconf 90' lang='lat' dir='ltr'>secundo</span> <span class='ocrx_word' id='word_1_178' title='bbox 1876 2017 2007 2048; x_wconf 88' lang='lat' dir='ltr'>anno</span> <span class='ocrx_word' id='word_1_179' title='bbox 2048 2001 2255 2049; x_wconf 89' lang='lat' dir='ltr'>Domini</span> 
     </span>
     <span class='ocr_line' id='line_1_19' title="bbox 192 2092 2254 2159; baseline -0 -16"><span class='ocrx_word' id='word_1_180' title='bbox 192 2095 446 2143; x_wconf 90' lang='lat' dir='ltr'>millefimo</span> <span class='ocrx_word' id='word_1_181' title='bbox 488 2100 654 2144; x_wconf 70' lang='lat' dir='ltr'>ccccm·</span> <span class='ocrx_word' id='word_1_182' title='bbox 692 2093 988 2159; x_wconf 84' lang='lat' dir='ltr'>sexagefimo</span> <span class='ocrx_word' id='word_1_183' title='bbox 1024 2093 1240 2142; x_wconf 90' lang='lat' dir='ltr'>secundo</span> <span class='ocrx_word' id='word_1_184' title='bbox 1290 2109 1457 2141; x_wconf 88' lang='lat' dir='ltr'>coram</span> <span class='ocrx_word' id='word_1_185' title='bbox 1500 2092 1596 2140; x_wconf 89' lang='lat' dir='ltr'>hiis</span> <span class='ocrx_word' id='word_1_186' title='bbox 1632 2121 1642 2131; x_wconf 88' lang='lat'><strong>·</strong></span> <span class='ocrx_word' id='word_1_187' title='bbox 1678 2092 1891 2140; x_wconf 90' lang='lat' dir='ltr'>dominis</span> <span class='ocrx_word' id='word_1_188' title='bbox 1921 2093 2090 2141; x_wconf 88' lang='lat' dir='ltr'>Dauid</span> <span class='ocrx_word' id='word_1_189' title='bbox 2116 2094 2254 2142; x_wconf 88' lang='lat' dir='ltr'>Rede</span> 
     </span>
     <span class='ocr_line' id='line_1_20' title="bbox 192 2179 2251 2251; baseline -0.001 -16"><span class='ocrx_word' id='word_1_190' title='bbox 192 2188 387 2236; x_wconf 88' lang='lat' dir='ltr'>notario</span> <span class='ocrx_word' id='word_1_191' title='bbox 413 2187 612 2251; x_wconf 90' lang='lat' dir='ltr'>publico</span> <span class='ocrx_word' id='word_1_192' title='bbox 638 2214 648 2224; x_wconf 92' lang='lat'>-</span> <span class='ocrx_word' id='word_1_193' title='bbox 673 2187 893 2235; x_wconf 86' lang='lat' dir='ltr'>Roberto</span> <span class='ocrx_word' id='word_1_194' title='bbox 918 2186 1163 2235; x_wconf 87' lang='lat' dir='ltr'>Fermour</span> <span class='ocrx_word' id='word_1_195' title='bbox 1199 2215 1210 2225; x_wconf 86' lang='lat'><strong>·</strong></span> <span class='ocrx_word' id='word_1_196' title='bbox 1248 2184 1518 2250; x_wconf 85' lang='lat' dir='ltr'>capellanis</span> <span class='ocrx_word' id='word_1_197' title='bbox 1555 2214 1565 2223; x_wconf 91' lang='lat'><strong>·</strong></span> <span class='ocrx_word' id='word_1_198' title='bbox 1605 2192 1653 2233; x_wconf 92' lang='lat' dir='ltr'>et</span> <span class='ocrx_word' id='word_1_199' title='bbox 1682 2185 1915 2234; x_wconf 85' lang='lat' dir='ltr'>Johanne</span> <span class='ocrx_word' id='word_1_200' title='bbox 1953 2179 2251 2251; x_wconf 88' lang='lat' dir='ltr'>Dikysoun‘-</span> 
     </span>
    </p>
   </div>
   <div class='ocr_carea' id='block_1_8' title="bbox 194 2279 645 2329">
    <p class='ocr_par' dir='ltr' id='par_1_8' title="bbox 194 2279 645 2329">
     <span class='ocr_line' id='line_1_21' title="bbox 194 2279 645 2329; baseline -0.004 0"><span class='ocrx_word' id='word_1_201' title='bbox 194 2298 301 2329; x_wconf 90' lang='lat' dir='ltr'>cum</span> <span class='ocrx_word' id='word_1_202' title='bbox 328 2280 495 2329; x_wconf 87' lang='lat' dir='ltr'>multis</span> <span class='ocrx_word' id='word_1_203' title='bbox 520 2279 645 2328; x_wconf 88' lang='lat' dir='ltr'>aliis.</span> 
     </span>
    </p>
   </div>
   <div class='ocr_carea' id='block_1_9' title="bbox 193 2533 1110 2605">
    <p class='ocr_par' dir='ltr' id='par_1_9' title="bbox 193 2533 1110 2605">
     <span class='ocr_line' id='line_1_22' title="bbox 193 2533 1110 2605; baseline -0.004 0"><span class='ocrx_word' id='word_1_204' title='bbox 193 2533 479 2605; x_wconf 81' lang='lat' dir='ltr'>Affedacio</span> <span class='ocrx_word' id='word_1_205' title='bbox 505 2563 637 2602; x_wconf 89' lang='lat' dir='ltr'>terre</span> <span class='ocrx_word' id='word_1_206' title='bbox 664 2554 725 2605; x_wconf 89' lang='lat' dir='ltr'>de</span> <span class='ocrx_word' id='word_1_207' title='bbox 753 2552 1110 2602; x_wconf 84' lang='lat' dir='ltr'>MontdronnO.</span> 
     </span>
    </p>
   </div>
   <div class='ocr_carea' id='block_1_10' title="bbox 190 2710 2249 3261">
    <p class='ocr_par' dir='ltr' id='par_1_10' title="bbox 190 2710 2249 3261">
     <span class='ocr_line' id='line_1_23' title="bbox 193 2710 2249 2797; baseline 0 -14"><span class='ocrx_word' id='word_1_208' title='bbox 193 2710 471 2783; x_wconf 84' lang='lat' dir='ltr'>Uniuerfis</span> <span class='ocrx_word' id='word_1_209' title='bbox 507 2741 674 2797; x_wconf 85' lang='lat' dir='ltr'>pateat</span> <span class='ocrx_word' id='word_1_210' title='bbox 711 2771 722 2781; x_wconf 91' lang='lat'><strong>.</strong></span> <span class='ocrx_word' id='word_1_211' title='bbox 759 2770 770 2780; x_wconf 92' lang='lat'><strong>.</strong></span> <span class='ocrx_word' id='word_1_212' title='bbox 812 2770 820 2779; x_wconf 84' lang='lat'><em>.</em></span> <span class='ocrx_word' id='word_1_213' title='bbox 860 2749 950 2780; x_wconf 92' lang='lat' dir='ltr'>nos</span> <span class='ocrx_word' id='word_1_214' title='bbox 987 2732 1293 2781; x_wconf 88' lang='lat' dir='ltr'>Malcomum</span> <span class='ocrx_word' id='word_1_215' title='bbox 1325 2772 1333 2780; x_wconf 93' lang='lat'><strong>.</strong></span> <span class='ocrx_word' id='word_1_216' title='bbox 1363 2770 1373 2780; x_wconf 94' lang='lat'><strong>.</strong></span> <span class='ocrx_word' id='word_1_217' title='bbox 1411 2770 1421 2780; x_wconf 93' lang='lat'><strong><em>.</em></strong></span> <span class='ocrx_word' id='word_1_218' title='bbox 1460 2733 1758 2782; x_wconf 89' lang='lat' dir='ltr'>abbatem..</span> <span class='ocrx_word' id='word_1_219' title='bbox 1788 2773 1795 2781; x_wconf 95' lang='lat'>.</span> <span class='ocrx_word' id='word_1_220' title='bbox 1823 2734 1885 2782; x_wconf 92' lang='lat' dir='ltr'>de</span> <span class='ocrx_word' id='word_1_221' title='bbox 1911 2734 2249 2785; x_wconf 89' lang='lat' dir='ltr'>Abirbrothoc</span> 
     </span>
     <span class='ocr_line' id='line_1_24' title="bbox 193 2823 2247 2890; baseline 0.003 -18"><span class='ocrx_word' id='word_1_222' title='bbox 193 2863 202 2872; x_wconf 91' lang='lat'><strong>.</strong></span> <span class='ocrx_word' id='word_1_223' title='bbox 239 2863 247 2871; x_wconf 92' lang='lat'><strong>.</strong></span> <span class='ocrx_word' id='word_1_224' title='bbox 283 2863 292 2872; x_wconf 86' lang='lat'><strong>.</strong></span> <span class='ocrx_word' id='word_1_225' title='bbox 328 2823 550 2872; x_wconf 80' lang='lat' dir='ltr'>affedaffe</span> <span class='ocrx_word' id='word_1_226' title='bbox 594 2862 602 2871; x_wconf 96' lang='lat'>.</span> <span class='ocrx_word' id='word_1_227' title='bbox 646 2863 656 2872; x_wconf 89' lang='lat'><strong>.</strong></span> <span class='ocrx_word' id='word_1_228' title='bbox 701 2864 710 2873; x_wconf 91' lang='lat'>.</span> <span class='ocrx_word' id='word_1_229' title='bbox 747 2825 952 2873; x_wconf 88' lang='lat' dir='ltr'>Andree</span> <span class='ocrx_word' id='word_1_230' title='bbox 991 2824 1131 2874; x_wconf 90' lang='lat' dir='ltr'>Coke</span> <span class='ocrx_word' id='word_1_231' title='bbox 1167 2843 1258 2890; x_wconf 94' lang='lat' dir='ltr'>pro</span> <span class='ocrx_word' id='word_1_232' title='bbox 1295 2834 1400 2875; x_wconf 89' lang='lat' dir='ltr'>toto</span> <span class='ocrx_word' id='word_1_233' title='bbox 1436 2834 1660 2890; x_wconf 87' lang='lat' dir='ltr'>tempore</span> <span class='ocrx_word' id='word_1_234' title='bbox 1698 2826 1778 2875; x_wconf 91' lang='lat' dir='ltr'>sue</span> <span class='ocrx_word' id='word_1_235' title='bbox 1804 2827 1904 2876; x_wconf 90' lang='lat' dir='ltr'>vite</span> <span class='ocrx_word' id='word_1_236' title='bbox 1947 2867 1955 2876; x_wconf 91' lang='lat'><strong>.</strong></span> <span class='ocrx_word' id='word_1_237' title='bbox 1994 2867 2002 2876; x_wconf 90' lang='lat'><strong>.</strong></span> <span class='ocrx_word' id='word_1_238' title='bbox 2042 2868 2050 2876; x_wconf 90' lang='lat'>.</span> <span class='ocrx_word' id='word_1_239' title='bbox 2092 2837 2247 2878; x_wconf 85' lang='lat' dir='ltr'>terras</span> 
     </span>
     <span class='ocr_line' id='line_1_25' title="bbox 190 2907 2245 2986; baseline 0.003 -23"><span class='ocrx_word' id='word_1_240' title='bbox 190 2916 380 2963; x_wconf 87' lang='lat' dir='ltr'>nostras</span> <span class='ocrx_word' id='word_1_241' title='bbox 420 2915 481 2963; x_wconf 91' lang='lat' dir='ltr'>de</span> <span class='ocrx_word' id='word_1_242' title='bbox 518 2907 859 2964; x_wconf 85' lang='lat' dir='ltr'>Montdronno</span> <span class='ocrx_word' id='word_1_243' title='bbox 899 2956 908 2964; x_wconf 94' lang='lat'><strong>.</strong></span> <span class='ocrx_word' id='word_1_244' title='bbox 948 2955 957 2964; x_wconf 90' lang='lat'><strong>.</strong></span> <span class='ocrx_word' id='word_1_245' title='bbox 1001 2955 1011 2965; x_wconf 90' lang='lat'><strong>.</strong></span> <span class='ocrx_word' id='word_1_246' title='bbox 1054 2918 1269 2966; x_wconf 85' lang='lat' dir='ltr'>termino</span> <span class='ocrx_word' id='word_1_247' title='bbox 1313 2935 1431 2967; x_wconf 88' lang='lat' dir='ltr'>vero</span> <span class='ocrx_word' id='word_1_248' title='bbox 1473 2918 1705 2968; x_wconf 89' lang='lat' dir='ltr'>introitus</span> <span class='ocrx_word' id='word_1_249' title='bbox 1742 2959 1750 2968; x_wconf 95' lang='lat'>.</span> <span class='ocrx_word' id='word_1_250' title='bbox 1794 2959 1804 2968; x_wconf 92' lang='lat'><strong>.</strong></span> <span class='ocrx_word' id='word_1_251' title='bbox 1844 2960 1852 2968; x_wconf 92' lang='lat'><strong><em>.</em></strong></span> <span class='ocrx_word' id='word_1_252' title='bbox 1889 2920 2159 2986; x_wconf 88' lang='lat' dir='ltr'>incipiente</span> <span class='ocrx_word' id='word_1_253' title='bbox 2195 2924 2245 2970; x_wconf 89' lang='lat' dir='ltr'>in</span> 
     </span>
     <span class='ocr_line' id='line_1_26' title="bbox 191 3006 2244 3077; baseline 0.003 -22"><span class='ocrx_word' id='word_1_254' title='bbox 191 3006 311 3055; x_wconf 89' lang='lat' dir='ltr'>festo</span> <span class='ocrx_word' id='word_1_255' title='bbox 337 3006 688 3055; x_wconf 86' lang='lat' dir='ltr'>Penthecostes</span> <span class='ocrx_word' id='word_1_256' title='bbox 714 3007 876 3055; x_wconf 88' lang='lat' dir='ltr'>datam</span> <span class='ocrx_word' id='word_1_257' title='bbox 914 3008 1222 3071; x_wconf 91' lang='lat' dir='ltr'>presencium</span> <span class='ocrx_word' id='word_1_258' title='bbox 1259 3011 1543 3060; x_wconf 85' lang='lat' dir='ltr'>immediate</span> <span class='ocrx_word' id='word_1_259' title='bbox 1578 3013 1811 3077; x_wconf 89' lang='lat' dir='ltr'>sequente</span> <span class='ocrx_word' id='word_1_260' title='bbox 1847 3053 1855 3061; x_wconf 92' lang='lat'><strong><em>.</em></strong></span> <span class='ocrx_word' id='word_1_261' title='bbox 1900 3053 1908 3061; x_wconf 93' lang='lat'><strong>.</strong></span> <span class='ocrx_word' id='word_1_262' title='bbox 1953 3053 1962 3062; x_wconf 92' lang='lat'><strong>.</strong></span> <span class='ocrx_word' id='word_1_263' title='bbox 1996 3013 2244 3064; x_wconf 90' lang='lat' dir='ltr'>Soluendo</span> 
     </span>
     <span class='ocr_line' id='line_1_27' title="bbox 193 3098 2245 3168; baseline 0.003 -20"><span class='ocrx_word' id='word_1_264' title='bbox 193 3100 382 3148; x_wconf 90' lang='lat' dir='ltr'>custodi</span> <span class='ocrx_word' id='word_1_265' title='bbox 408 3100 581 3146; x_wconf 90' lang='lat' dir='ltr'>domus</span> <span class='ocrx_word' id='word_1_266' title='bbox 605 3099 770 3146; x_wconf 88' lang='lat' dir='ltr'>nostre</span> <span class='ocrx_word' id='word_1_267' title='bbox 795 3099 856 3147; x_wconf 88' lang='lat' dir='ltr'>de</span> <span class='ocrx_word' id='word_1_268' title='bbox 877 3098 1029 3165; x_wconf 87' lang='lat' dir='ltr'>wae</span> <span class='ocrx_word' id='word_1_269' title='bbox 1055 3109 1104 3149; x_wconf 88' lang='lat' dir='ltr'>et</span> <span class='ocrx_word' id='word_1_270' title='bbox 1129 3103 1383 3151; x_wconf 87' lang='lat' dir='ltr'>monachis</span> <span class='ocrx_word' id='word_1_271' title='bbox 1422 3142 1431 3151; x_wconf 87' lang='lat'><strong>.</strong></span> <span class='ocrx_word' id='word_1_272' title='bbox 1469 3142 1479 3151; x_wconf 89' lang='lat'><strong>.</strong></span> <span class='ocrx_word' id='word_1_273' title='bbox 1518 3142 1527 3152; x_wconf 88' lang='lat'><strong>.</strong></span> <span class='ocrx_word' id='word_1_274' title='bbox 1564 3121 1655 3168; x_wconf 89' lang='lat' dir='ltr'>pro</span> <span class='ocrx_word' id='word_1_275' title='bbox 1687 3122 1857 3154; x_wconf 86' lang='lat' dir='ltr'>eorum</span> <span class='ocrx_word' id='word_1_276' title='bbox 1888 3105 2245 3155; x_wconf 82' lang='lat' dir='ltr'>sustentacione</span> 
     </span>
     <span class='ocr_line' id='line_1_28' title="bbox 193 3189 2243 3261; baseline 0.003 -22"><span class='ocrx_word' id='word_1_277' title='bbox 193 3192 412 3255; x_wconf 90' lang='lat' dir='ltr'>quinque</span> <span class='ocrx_word' id='word_1_278' title='bbox 437 3190 589 3239; x_wconf 88' lang='lat' dir='ltr'>libras</span> <span class='ocrx_word' id='word_1_279' title='bbox 614 3189 694 3238; x_wconf 84' lang='lat' dir='ltr'>sex</span> <span class='ocrx_word' id='word_1_280' title='bbox 729 3189 905 3238; x_wconf 87' lang='lat' dir='ltr'>solidos</span> <span class='ocrx_word' id='word_1_281' title='bbox 931 3198 979 3238; x_wconf 87' lang='lat' dir='ltr'>et</span> <span class='ocrx_word' id='word_1_282' title='bbox 1004 3192 1114 3240; x_wconf 79' lang='grc' dir='ltr'>06.ὶο</span> <span class='ocrx_word' id='word_1_283' title='bbox 1139 3193 1369 3242; x_wconf 87' lang='lat' dir='ltr'>denarios</span> <span class='ocrx_word' id='word_1_284' title='bbox 1395 3195 1573 3243; x_wconf 88' lang='lat' dir='ltr'>vsualis</span> <span class='ocrx_word' id='word_1_285' title='bbox 1598 3206 1794 3245; x_wconf 83' lang='lat' dir='ltr'>monete</span> <span class='ocrx_word' id='word_1_286' title='bbox 1819 3197 1961 3261; x_wconf 85' lang='lat' dir='ltr'>regni</span> <span class='ocrx_word' id='word_1_287' title='bbox 1986 3196 2156 3245; x_wconf 86' lang='lat' dir='ltr'>Scocie</span> <span class='ocrx_word' id='word_1_288' title='bbox 2182 3200 2243 3245; x_wconf 82' lang='lat' dir='ltr'>ad</span> 
     </span>
    </p>
   </div>
  </div>
 </body>
</html>
