2762 3834
610 374 1034 425 REGISTRUM
1068 375 1165 424 DE
1201 373 1757 425 ABERBROTHOC.
1909 376 1911 378 ’
2111 376 2204 422 185

162 512 265 552 tum
304 505 367 552 ad
405 503 570 552 Deum
610 521 701 567 pro
739 507 942 555 meliore
981 514 1030 555 et
1066 507 1261 556 utiliore
1300 515 1349 556 et
1384 507 1594 572 prouido
1633 506 1739 554 viro
1778 521 1922 569 quem
1955 505 2103 553 sciam
2139 506 2202 553 ad

161 595 382 659 regimen
414 595 698 643 monasterii
732 596 886 644 nostri
925 598 1054 661 eligo
1084 599 1135 646 in
1161 600 1386 648 abbatem
1412 607 1461 648 et
1483 599 1730 663 pastorem
1753 597 1974 647 nostrum
2000 613 2201 645 venera·-

161 687 307 735 bilem
357 693 406 735 et
453 686 855 749 circumspefiwm
902 687 1061 736 virum
1109 690 1376 754 dompnum
1415 690 1721 739 Willelmum
1770 688 1951 737 Bonkil
1996 688 2200 736 fratrem

162 776 379 825 nostrum
405 776 562 824 virum
590 777 651 824 de
674 776 805 824 bono
830 794 1013 840 genere
1048 789 1362 841 procreatum
1397 782 1566 829 mitem
1600 782 1820 845 quietum
1845 788 1893 829 et
1917 780 2051 844 pacis
2075 779 2200 828 zela-

162 878 319 917 torem
344 868 509 916 Deum
535 876 583 916 et
608 866 863 915 eeclesiam
900 875 1146 916 amantem
1182 870 1417 920 humilem
1441 873 1578 936 pium
1603 873 1797 921 dulcem
1821 879 1870 920 et
1894 871 2197 919 mansuetum

161 959 489 1008 consiliarium
522 975 753 1022 magnum
792 965 841 1006 et
875 958 927 1005 in
958 959 1179 1023 negociis
1205 962 1405 1011 ecclesie
1441 965 1746 1012 defensorem
1783 964 2197 1026 caritatiuumque

161 1061 208 1099 et
232 1052 415 1099 bonum
440 1050 490 1097 in
516 1048 918 1114 quinquagesimo
944 1050 1023 1096 vel
1044 1050 1240 1099 eocirca
1263 1053 1342 1101 sue
1368 1056 1511 1103 etatis
1535 1073 1664 1103 anno
1691 1056 2005 1104 constitutum
2033 1055 2198 1103 elimo-

161 1142 392 1190 finarium
429 1158 663 1206 magnum
701 1140 992 1189 existentem
1016 1140 1068 1188 in
1093 1141 1425 1204 spiritualibus
1450 1154 1499 1194 et
1523 1148 1874 1210 temporalibus
1899 1147 2198 1211 quampluri-

159 1252 293 1282 mum
335 1234 737 1297 circumspectum
772 1234 833 1281 de
874 1232 1118 1297 legittimo
1160 1235 1471 1283 matrimonio
1509 1246 1823 1301 procreatum
1865 1248 1914 1287 et
1955 1238 2199 1287 affabilem

161 1327 371 1375 amicum
415 1327 598 1374 bonum
646 1333 695 1374 et
740 1325 1105 1373 misericordem
1145 1328 1490 1374 communione
1535 1329 1752 1376 fidelium
1807 1359 1816 1368 -
1869 1329 2044 1378 Postea
2082 1347 2198 1377 vero

158 1420 368 1468 surrexit
406 1420 561 1468 dietus
603 1420 829 1468 dominus
868 1418 1124 1467 ‹Iohannes
1163 1417 1302 1467 Crail
1339 1426 1388 1467 et
1423 1419 1548 1467 dixit
1595 1447 1605 1458 ·
1655 1420 1969 1469 Venerabilis
2005 1422 2200 1469 domine

159 1513 384 1576 supprior
415 1540 425 1549 ·
455 1513 582 1560 bene
622 1520 670 1561 et
709 1511 895 1560 Vtiliter
934 1529 992 1559 ac
1033 1511 1275 1559 fru&uose
1314 1510 1366 1557 in
1411 1510 1716 1559 consciencia
1756 1512 1914 1560 vestra
1950 1513 2197 1577 elegistis-

160 1604 444 1652 eleffionem
475 1603 683 1652 vestram
708 1610 944 1668 quantum
971 1603 1024 1650 in
1049 1619 1127 1650 me
1153 1602 1224 1650 est
1249 1602 1469 1666 approbo
1488 1630 1498 1639 ·
1516 1584 1652 1650 illam
1686 1603 1833 1650 laudo
1867 1610 1915 1651 et
1946 1604 2086 1651 firmo
2114 1633 2123 1643 ·
2151 1612 2198 1651 et

157 1698 207 1744 in
235 1696 544 1746 consciencia
566 1713 677 1744 mea
707 1696 954 1760 prefatum
990 1696 1259 1759 dompnum
1286 1693 1594 1742 Willelmum
1631 1693 1830 1759 Bonkyl
1868 1695 2074 1742 ele&um
2111 1713 2200 1758 per

158 1807 245 1837 uos
270 1790 321 1838 in
347 1790 574 1838 abbatem
599 1796 648 1837 et
671 1789 914 1852 pastorem
941 1787 1159 1835 nostrum
1186 1785 1315 1850 eligo
1341 1812 1350 1822 ·
1389 1784 1654 1849 Ceterique
1680 1785 1765 1833 alii
1790 1786 1990 1850 dompni
2016 1795 2064 1835 et
2089 1805 2201 1835 con-

164 1882 341 1930 fratres
369 1881 570 1946 capituli
599 1880 883 1929 eleffionem
914 1878 1190 1926 huiusmodi
1216 1877 1437 1925 vnanimi
1462 1894 1583 1925 voce
1608 1894 1803 1941 vnoque
1832 1878 2003 1942 spiritu
2029 1880 2201 1927 confir-

157 1982 345 2021 mantes
377 2011 387 2021 .
418 2011 428 2021 .
457 2011 467 2020 .
501 1973 553 2020 in
580 1971 768 2036 Spiritu
804 1970 982 2020 Sant‘ito
1007 1970 1252 2035 prefatum
1279 1970 1547 2032 dompnum
1566 1968 1872 2017 Willelmum
1899 1970 1948 2017 in
1976 1971 2198 2018 abbatem

156 2074 203 2114 et
227 2065 470 2129 pastorem
506 2066 642 2113 suum
669 2071 718 2112 et
742 2062 1026 2113 monasterii
1065 2100 1075 2111 .
1117 2100 1126 2110 .
1168 2099 1178 2110 .
1217 2062 1475 2126 elegerunt
1515 2089 1525 2099 ·
1562 2060 1676 2118 Qua
1713 2059 1777 2109 fic
1809 2061 2045 2110 616ἑὶίοη6
2073 2099 2084 2109 .
2133 2099 2142 2109 .
2187 2101 2196 2109 .

155 2157 280 2205 faeta
323 2194 333 2204 .
378 2194 387 2204 .
433 2195 443 2204 .
487 2156 714 2221 supprior
761 2156 942 2218 aliique
989 2155 1168 2204 fratres
1218 2191 1229 2201 .
1273 2191 1283 2201 .
1327 2191 1337 2200 .
1388 2152 1473 2216 qui
1514 2161 1632 2202 tunc
1676 2153 1923 2216 presentes
1969 2160 2109 2201 erant
2151 2162 2199 2202 et

157 2249 410 2314 elegerant
445 2248 747 2298 accesserunt
772 2249 834 2297 ad
860 2247 1040 2295 dfflum
1067 2247 1275 2294 elefi'mm
1309 2252 1358 2293 et
1394 2242 1677 2307 quefierunt
1711 2245 1771 2292 ab
1805 2260 1861 2291 eo
1898 2243 1932 2291 fi
1969 2244 2196 2292 eleffloni

294 2377 304 2387 .
349 2340 692 2388 consenciebat
729 2369 738 2378 -
780 2339 880 2397 Qui
915 2338 1168 2402 respondit
1202 2337 1456 2385 humiliter
1506 2366 1515 2375 ·
1570 2335 1810 2384 Eleffioni
1854 2336 1914 2383 de
1955 2352 2033 2383 me
2080 2335 2196 2383 licet

152 2432 397 2480 immerito
421 2432 474 2479 in
509 2431 697 2496 Spiritu
723 2431 899 2480 San&o
933 2431 1056 2478 fa&e
1080 2446 1181 2477 non
1205 2427 1389 2492 possum
1427 2445 1520 2475 nec
1546 2427 1659 2475 uolo
1685 2427 2025 2475 contradicere
2051 2454 2060 2464 ·
2086 2445 2193 2475 eam

150 2523 200 2570 in
235 2523 335 2571 Dei
370 2524 533 2572 Patris
558 2531 607 2572 et
630 2523 747 2571 Filii
784 2531 833 2572 et
873 2522 1086 2586 Spiritus
1126 2521 1293 2570 Sanfiffi
1328 2521 1528 2569 nomine
1558 2527 1762 2584 accepto
1799 2537 2002 2583 eamque
2035 2527 2191 2568 ratam

150 2622 338 2678 gratam
363 2615 521 2663 habeo
555 2646 564 2655 ·
604 2614 750 2663 Tunc
782 2654 790 2663 .
828 2654 837 2662 .
878 2653 886 2662 .
921 2614 1146 2678 supprior
1171 2622 1220 2661 et
1245 2613 1329 2661 alii
1355 2613 1628 2661 confratres
1654 2612 1891 2675 eligentes
1915 2628 2079 2676 ymmo
2103 2629 2190 2675 pre

151 2705 328 2768 gaudio
377 2706 437 2754 de
485 2706 794 2769 responfione
842 2705 959 2753 dia-,i
1009 2705 1211 2769 dompni
1260 2705 1401 2753 6168ῡὶ
1453 2705 1724 2769 gaudentes
1773 2710 1821 2752 et
1869 2703 2142 2753 exultantes
2180 2734 2188 2742 -

151 2797 357 2844 eundem
383 2797 649 2861 dompnum
673 2797 882 2846 electum
909 2803 1164 2844 cantantes
1190 2796 1288 2844 alta
1313 2797 1590 2858 deuotaque
1610 2811 1731 2843 voce
1751 2795 1996 2843 canticum
2022 2795 2189 2843 iocun-

152 2886 316 2936 ditatis
352 2896 400 2945 et
435 2888 600 2936 leticie
638 2889 712 2936 Te
736 2889 904 2936 Deum
941 2888 1200 2936 laudamus
1235 2888 1352 2935 dicei
1387 2886 1670 2935 monasterii
1703 2886 1953 2950 campanis
1988 2886 2186 2950 pulsatis

152 2978 212 3024 ad
242 2979 492 3027 ecclefiam
528 2979 922 3028 monasterialem
947 2980 1196 3027 duxerunt
1228 2986 1277 3027 et
1309 2979 1377 3027 ibi
1414 2978 1645 3026 oracione
1677 2979 1805 3026 fa&a
1839 2978 1997 3025 eidem
2030 2978 2182 3026 elefflm

151 3071 486 3119 reuerenciam
510 3071 860 3135 impenderunt
891 3100 901 3110 ·
930 3070 1058 3119 Acta
1081 3071 1282 3119 fuerunt
1310 3069 1445 3134 [hec]
1474 3070 1606 3132 apud
1630 3069 1810 3116 difflzum
1835 3068 2180 3116 monasterium

150 3159 278 3208 infra
300 3162 565 3225 capitulum
593 3162 805 3209 eiusdem
850 3201 857 3209 .
902 3201 911 3208 .
956 3200 964 3209 .
1007 3161 1092 3208 sub
1129 3177 1258 3208 anno
1294 3159 1561 3208 indi&ione
1598 3167 1646 3207 et
1679 3158 1967 3222 pontificatu
2004 3159 2176 3221 quibus

1103 3247 1132 3290 2
1159 3259 1187 3288 A
