<?xml version="1.0" encoding="UTF-8"?>
<!DOCTYPE html PUBLIC "-//W3C//DTD XHTML 1.0 Transitional//EN"
    "http://www.w3.org/TR/xhtml1/DTD/xhtml1-transitional.dtd">
<html xmlns="http://www.w3.org/1999/xhtml" xml:lang="en" lang="en">
 <head>
  <title>
</title>
<meta http-equiv="Content-Type" content="text/html;charset=utf-8" />
  <meta name='ocr-system' content='tesseract 3.04.00' />
  <meta name='ocr-capabilities' content='ocr_page ocr_carea ocr_par ocr_line ocrx_word'/>
</head>
<body>
  <div class='ocr_page' id='page_1' title='image "./libersthomedea8602arbruoft_0346.png"; bbox 0 0 2762 3834; ppageno 0'>
   <div class='ocr_carea' id='block_1_1' title="bbox 616 361 2206 420">
    <p class='ocr_par' dir='ltr' id='par_1_1' title="bbox 616 361 2206 420">
     <span class='ocr_line' id='line_1_1' title="bbox 616 361 2206 420; baseline -0.006 0"><span class='ocrx_word' id='word_1_1' title='bbox 616 370 715 420; x_wconf 81' lang='lat'>246</span> <span class='ocrx_word' id='word_1_2' title='bbox 1061 364 1483 419; x_wconf 85' lang='lat' dir='ltr'>REGISTRUM</span> <span class='ocrx_word' id='word_1_3' title='bbox 1518 363 1614 412; x_wconf 92' lang='lat' dir='ltr'>DE</span> <span class='ocrx_word' id='word_1_4' title='bbox 1650 361 2206 412; x_wconf 86' lang='lat' dir='ltr'><strong>ABERBROTHOC.</strong></span> 
     </span>
    </p>
   </div>
   <div class='ocr_carea' id='block_1_2' title="bbox 508 507 2038 590">
    <p class='ocr_par' dir='ltr' id='par_1_2' title="bbox 508 507 2038 590">
     <span class='ocr_line' id='line_1_2' title="bbox 508 507 2038 590; baseline -0.007 -13"><span class='ocrx_word' id='word_1_5' title='bbox 508 575 524 588; x_wconf 80' lang='grc'><em>,</em></span> <span class='ocrx_word' id='word_1_6' title='bbox 621 507 902 578; x_wconf 78' lang='lat' dir='ltr'>Assedacio</span> <span class='ocrx_word' id='word_1_7' title='bbox 926 525 1190 590; x_wconf 83' lang='lat' dir='ltr'>garbarum</span> <span class='ocrx_word' id='word_1_8' title='bbox 1215 521 1525 570; x_wconf 88' lang='lat' dir='ltr'>decimalium</span> <span class='ocrx_word' id='word_1_9' title='bbox 1553 520 1740 584; x_wconf 87' lang='lat' dir='ltr'>capelle</span> <span class='ocrx_word' id='word_1_10' title='bbox 1765 520 1826 567; x_wconf 92' lang='lat' dir='ltr'>de</span> <span class='ocrx_word' id='word_1_11' title='bbox 1854 518 2038 568; x_wconf 87' lang='lat' dir='ltr'>Clowa.</span> 
     </span>
    </p>
   </div>
   <div class='ocr_carea' id='block_1_3' title="bbox 472 687 569 740">
    <p class='ocr_par' dir='ltr' id='par_1_3' title="bbox 472 687 569 740">
     <span class='ocr_line' id='line_1_3' title="bbox 472 687 569 740; baseline -0.01 -4"><span class='ocrx_word' id='word_1_12' title='bbox 472 687 569 740; x_wconf 78' lang='lat'>296</span> 
     </span>
    </p>
   </div>
   <div class='ocr_carea' id='block_1_4' title="bbox 483 2403 575 2455">
    <p class='ocr_par' dir='ltr' id='par_1_4' title="bbox 483 2403 575 2455">
     <span class='ocr_line' id='line_1_4' title="bbox 483 2403 575 2455; baseline 0.054 -5"><span class='ocrx_word' id='word_1_13' title='bbox 483 2403 575 2455; x_wconf 83' lang='lat'>297</span> 
     </span>
    </p>
   </div>
   <div class='ocr_carea' id='block_1_5' title="bbox 619 661 2656 734">
    <p class='ocr_par' dir='ltr' id='par_1_5' title="bbox 619 661 2656 734">
     <span class='ocr_line' id='line_1_5' title="bbox 619 661 2656 734; baseline -0.002 -2"><span class='ocrx_word' id='word_1_14' title='bbox 619 661 748 734; x_wconf 84' lang='lat' dir='ltr'>Nos</span> <span class='ocrx_word' id='word_1_15' title='bbox 790 682 957 731; x_wconf 87' lang='lat' dir='ltr'>Dauid</span> <span class='ocrx_word' id='word_1_16' title='bbox 997 681 1145 728; x_wconf 86' lang='lat' dir='ltr'>abbas</span> <span class='ocrx_word' id='word_1_17' title='bbox 1190 717 1199 726; x_wconf 95' lang='lat'><em>.</em></span> <span class='ocrx_word' id='word_1_18' title='bbox 1244 716 1253 725; x_wconf 89' lang='lat'>.</span> <span class='ocrx_word' id='word_1_19' title='bbox 1300 715 1310 725; x_wconf 91' lang='lat'><strong>.</strong></span> <span class='ocrx_word' id='word_1_20' title='bbox 1354 678 1415 725; x_wconf 90' lang='lat' dir='ltr'>de</span> <span class='ocrx_word' id='word_1_21' title='bbox 1456 676 1793 724; x_wconf 90' lang='lat' dir='ltr'>Abirbrothoc</span> <span class='ocrx_word' id='word_1_22' title='bbox 1837 713 1848 724; x_wconf 90' lang='lat'><em>.</em></span> <span class='ocrx_word' id='word_1_23' title='bbox 1895 713 1906 723; x_wconf 94' lang='lat'>.</span> <span class='ocrx_word' id='word_1_24' title='bbox 1952 714 1963 724; x_wconf 88' lang='lat'>.</span> <span class='ocrx_word' id='word_1_25' title='bbox 2006 675 2276 725; x_wconf 80' lang='lat' dir='ltr'>affedamus</span> <span class='ocrx_word' id='word_1_26' title='bbox 2316 715 2325 725; x_wconf 95' lang='lat'>.</span> <span class='ocrx_word' id='word_1_27' title='bbox 2367 714 2378 725; x_wconf 87' lang='lat'><strong>.</strong></span> <span class='ocrx_word' id='word_1_28' title='bbox 2418 715 2429 726; x_wconf 90' lang='lat'><strong>.</strong></span> <span class='ocrx_word' id='word_1_29' title='bbox 2466 678 2656 727; x_wconf 85' lang='lat' dir='ltr'>Jacobo</span> 
     </span>
    </p>
   </div>
   <div class='ocr_carea' id='block_1_6' title="bbox 619 766 2657 920">
    <p class='ocr_par' dir='ltr' id='par_1_6' title="bbox 619 766 2657 920">
     <span class='ocr_line' id='line_1_6' title="bbox 620 766 2656 835; baseline -0.001 -13"><span class='ocrx_word' id='word_1_30' title='bbox 620 774 773 823; x_wconf 86' lang='lat' dir='ltr'>Rwok</span> <span class='ocrx_word' id='word_1_31' title='bbox 802 771 1024 835; x_wconf 78' lang='lat' dir='ltr'>burgenfi</span> <span class='ocrx_word' id='word_1_32' title='bbox 1050 772 1110 819; x_wconf 93' lang='lat' dir='ltr'>de</span> <span class='ocrx_word' id='word_1_33' title='bbox 1135 770 1319 819; x_wconf 90' lang='lat' dir='ltr'>Dunde</span> <span class='ocrx_word' id='word_1_34' title='bbox 1344 777 1393 817; x_wconf 93' lang='lat' dir='ltr'>et</span> <span class='ocrx_word' id='word_1_35' title='bbox 1416 769 1511 816; x_wconf 84' lang='lat' dir='ltr'>suis</span> <span class='ocrx_word' id='word_1_36' title='bbox 1535 766 1784 833; x_wconf 85' lang='lat' dir='ltr'>affignatis</span> <span class='ocrx_word' id='word_1_37' title='bbox 1823 805 1834 816; x_wconf 93' lang='lat'><strong>.</strong></span> <span class='ocrx_word' id='word_1_38' title='bbox 1871 805 1882 816; x_wconf 90' lang='lat'><strong>.</strong></span> <span class='ocrx_word' id='word_1_39' title='bbox 1917 805 1927 815; x_wconf 94' lang='lat'>.</span> <span class='ocrx_word' id='word_1_40' title='bbox 1966 768 2183 817; x_wconf 86' lang='lat' dir='ltr'>decimas</span> <span class='ocrx_word' id='word_1_41' title='bbox 2206 770 2432 834; x_wconf 86' lang='lat' dir='ltr'>garbales</span> <span class='ocrx_word' id='word_1_42' title='bbox 2457 772 2656 820; x_wconf 74' lang='lat' dir='ltr'>ecclesie</span> 
     </span>
     <span class='ocr_line' id='line_1_7' title="bbox 619 850 2657 920; baseline -0.002 -15"><span class='ocrx_word' id='word_1_43' title='bbox 619 857 781 905; x_wconf 87' lang='lat' dir='ltr'>nostre</span> <span class='ocrx_word' id='word_1_44' title='bbox 817 856 878 903; x_wconf 92' lang='lat' dir='ltr'>de</span> <span class='ocrx_word' id='word_1_45' title='bbox 916 854 1073 904; x_wconf 88' lang='lat' dir='ltr'>Clova</span> <span class='ocrx_word' id='word_1_46' title='bbox 1107 870 1202 917; x_wconf 90' lang='lat' dir='ltr'>que</span> <span class='ocrx_word' id='word_1_47' title='bbox 1235 852 1305 901; x_wconf 89' lang='lat' dir='ltr'>est</span> <span class='ocrx_word' id='word_1_48' title='bbox 1340 851 1532 916; x_wconf 86' lang='lat' dir='ltr'>capella</span> <span class='ocrx_word' id='word_1_49' title='bbox 1564 867 1759 900; x_wconf 85' lang='lat' dir='ltr'>annexa</span> <span class='ocrx_word' id='word_1_50' title='bbox 1782 850 1985 900; x_wconf 77' lang='lat' dir='ltr'>ecclesie</span> <span class='ocrx_word' id='word_1_51' title='bbox 2010 852 2175 901; x_wconf 87' lang='lat' dir='ltr'>nostre</span> <span class='ocrx_word' id='word_1_52' title='bbox 2200 853 2262 901; x_wconf 88' lang='lat' dir='ltr'>de</span> <span class='ocrx_word' id='word_1_53' title='bbox 2288 853 2543 920; x_wconf 85' lang='lat' dir='ltr'>Glammys</span> <span class='ocrx_word' id='word_1_54' title='bbox 2567 871 2657 919; x_wconf 80' lang='lat' dir='ltr'>pro</span> 
     </span>
    </p>
   </div>
   <div class='ocr_carea' id='block_1_7' title="bbox 618 942 2664 1835">
    <p class='ocr_par' dir='ltr' id='par_1_7' title="bbox 618 942 2664 1835">
     <span class='ocr_line' id='line_1_8' title="bbox 620 942 2658 1007; baseline 0 -13"><span class='ocrx_word' id='word_1_55' title='bbox 620 946 840 995; x_wconf 86' lang='lat' dir='ltr'>terminis</span> <span class='ocrx_word' id='word_1_56' title='bbox 881 962 1058 993; x_wconf 91' lang='lat' dir='ltr'>nouem</span> <span class='ocrx_word' id='word_1_57' title='bbox 1106 960 1348 992; x_wconf 89' lang='lat' dir='ltr'>annorum</span> <span class='ocrx_word' id='word_1_58' title='bbox 1399 981 1409 991; x_wconf 91' lang='lat'><strong>.</strong></span> <span class='ocrx_word' id='word_1_59' title='bbox 1459 979 1470 991; x_wconf 90' lang='lat'><strong>.</strong></span> <span class='ocrx_word' id='word_1_60' title='bbox 1522 980 1532 990; x_wconf 94' lang='lat'><strong>.</strong></span> <span class='ocrx_word' id='word_1_61' title='bbox 1578 942 1688 1007; x_wconf 92' lang='lat' dir='ltr'>post</span> <span class='ocrx_word' id='word_1_62' title='bbox 1735 943 1921 992; x_wconf 88' lang='lat' dir='ltr'>exitum</span> <span class='ocrx_word' id='word_1_63' title='bbox 1967 944 2291 993; x_wconf 91' lang='lat' dir='ltr'>terminorum</span> <span class='ocrx_word' id='word_1_64' title='bbox 2340 946 2658 996; x_wconf 81' lang='lat' dir='ltr'>affedacionis</span> 
     </span>
     <span class='ocr_line' id='line_1_9' title="bbox 618 1032 2659 1103; baseline 0 -17"><span class='ocrx_word' id='word_1_65' title='bbox 618 1037 964 1103; x_wconf 70' lang='lat' dir='ltr'>predecessoris</span> <span class='ocrx_word' id='word_1_66' title='bbox 1002 1036 1154 1084; x_wconf 88' lang='lat' dir='ltr'>nostri</span> <span class='ocrx_word' id='word_1_67' title='bbox 1190 1035 1359 1084; x_wconf 69' lang='lat' dir='ltr'>reli&amp;e</span> <span class='ocrx_word' id='word_1_68' title='bbox 1398 1035 1647 1099; x_wconf 89' lang='lat' dir='ltr'>quondam</span> <span class='ocrx_word' id='word_1_69' title='bbox 1679 1032 1885 1084; x_wconf 85' lang='lat' dir='ltr'>Ricardi</span> <span class='ocrx_word' id='word_1_70' title='bbox 1910 1035 2073 1102; x_wconf 86' lang='lat' dir='ltr'>Barry</span> <span class='ocrx_word' id='word_1_71' title='bbox 2095 1035 2348 1101; x_wconf 72' lang='lat' dir='ltr'>burgensis</span> <span class='ocrx_word' id='word_1_72' title='bbox 2382 1038 2442 1086; x_wconf 89' lang='lat' dir='ltr'>de</span> <span class='ocrx_word' id='word_1_73' title='bbox 2475 1037 2659 1087; x_wconf 91' lang='lat' dir='ltr'>Dunde</span> 
     </span>
     <span class='ocr_line' id='line_1_10' title="bbox 620 1126 2660 1192; baseline 0 -15"><span class='ocrx_word' id='word_1_74' title='bbox 620 1131 744 1178; x_wconf 64' lang='lat' dir='ltr'>facte</span> <span class='ocrx_word' id='word_1_75' title='bbox 782 1166 792 1176; x_wconf 94' lang='lat'><strong>.</strong></span> <span class='ocrx_word' id='word_1_76' title='bbox 833 1165 843 1176; x_wconf 90' lang='lat'><strong>.</strong></span> <span class='ocrx_word' id='word_1_77' title='bbox 883 1166 893 1176; x_wconf 91' lang='lat'><strong>.</strong></span> <span class='ocrx_word' id='word_1_78' title='bbox 932 1127 1144 1176; x_wconf 89' lang='lat' dir='ltr'>termino</span> <span class='ocrx_word' id='word_1_79' title='bbox 1180 1127 1412 1175; x_wconf 85' lang='lat' dir='ltr'>introitus</span> <span class='ocrx_word' id='word_1_80' title='bbox 1451 1164 1461 1174; x_wconf 94' lang='lat'><strong>.</strong></span> <span class='ocrx_word' id='word_1_81' title='bbox 1501 1163 1513 1175; x_wconf 90' lang='lat'><strong>.</strong></span> <span class='ocrx_word' id='word_1_82' title='bbox 1555 1164 1565 1174; x_wconf 94' lang='lat'><strong>.</strong></span> <span class='ocrx_word' id='word_1_83' title='bbox 1602 1126 1876 1192; x_wconf 86' lang='lat' dir='ltr'>incipiente</span> <span class='ocrx_word' id='word_1_84' title='bbox 1900 1127 1951 1176; x_wconf 90' lang='lat' dir='ltr'>in</span> <span class='ocrx_word' id='word_1_85' title='bbox 1976 1127 2097 1176; x_wconf 89' lang='lat' dir='ltr'>festo</span> <span class='ocrx_word' id='word_1_86' title='bbox 2138 1127 2302 1178; x_wconf 67' lang='lat' dir='ltr'>Sancti</span> <span class='ocrx_word' id='word_1_87' title='bbox 2327 1129 2462 1178; x_wconf 88' lang='lat' dir='ltr'>Petri</span> <span class='ocrx_word' id='word_1_88' title='bbox 2490 1131 2660 1178; x_wconf 87' lang='lat' dir='ltr'>aduin-</span> 
     </span>
     <span class='ocr_line' id='line_1_11' title="bbox 621 1219 2659 1286; baseline 0.001 -17"><span class='ocrx_word' id='word_1_89' title='bbox 621 1222 732 1269; x_wconf 89' lang='lat' dir='ltr'>cula</span> <span class='ocrx_word' id='word_1_90' title='bbox 770 1221 933 1268; x_wconf 87' lang='lat' dir='ltr'>datam</span> <span class='ocrx_word' id='word_1_91' title='bbox 972 1220 1098 1267; x_wconf 64' lang='lat' dir='ltr'>diste</span> <span class='ocrx_word' id='word_1_92' title='bbox 1139 1219 1459 1267; x_wconf 80' lang='lat' dir='ltr'>affedacionis</span> <span class='ocrx_word' id='word_1_93' title='bbox 1500 1219 1749 1283; x_wconf 88' lang='lat' dir='ltr'>quondam</span> <span class='ocrx_word' id='word_1_94' title='bbox 1791 1220 2131 1286; x_wconf 81' lang='lat' dir='ltr'>predicess&#39;oris</span> <span class='ocrx_word' id='word_1_95' title='bbox 2178 1221 2331 1271; x_wconf 90' lang='lat' dir='ltr'>nostri</span> <span class='ocrx_word' id='word_1_96' title='bbox 2379 1231 2427 1272; x_wconf 92' lang='lat' dir='ltr'>et</span> <span class='ocrx_word' id='word_1_97' title='bbox 2475 1224 2659 1272; x_wconf 86' lang='lat' dir='ltr'>exitum</span> 
     </span>
     <span class='ocr_line' id='line_1_12' title="bbox 620 1308 2661 1378; baseline 0.001 -18"><span class='ocrx_word' id='word_1_98' title='bbox 620 1312 939 1361; x_wconf 86' lang='lat' dir='ltr'>terminorum</span> <span class='ocrx_word' id='word_1_99' title='bbox 987 1311 1259 1359; x_wconf 88' lang='lat' dir='ltr'>huiusmodi</span> <span class='ocrx_word' id='word_1_100' title='bbox 1306 1308 1626 1360; x_wconf 77' lang='lat' dir='ltr'>assedacionis</span> <span class='ocrx_word' id='word_1_101' title='bbox 1666 1311 1950 1362; x_wconf 83' lang='lat' dir='ltr'>immediate</span> <span class='ocrx_word' id='word_1_102' title='bbox 1991 1313 2223 1378; x_wconf 90' lang='lat' dir='ltr'>sequente</span> <span class='ocrx_word' id='word_1_103' title='bbox 2263 1351 2273 1362; x_wconf 93' lang='lat'><strong>.</strong></span> <span class='ocrx_word' id='word_1_104' title='bbox 2314 1352 2324 1362; x_wconf 93' lang='lat'>.</span> <span class='ocrx_word' id='word_1_105' title='bbox 2365 1352 2375 1362; x_wconf 91' lang='lat'><em>.</em></span> <span class='ocrx_word' id='word_1_106' title='bbox 2414 1313 2661 1363; x_wconf 89' lang='lat' dir='ltr'>Soluendo</span> 
     </span>
     <span class='ocr_line' id='line_1_13' title="bbox 620 1403 2662 1457; baseline 0.002 -5"><span class='ocrx_word' id='word_1_107' title='bbox 620 1404 736 1452; x_wconf 89' lang='lat' dir='ltr'>inde</span> <span class='ocrx_word' id='word_1_108' title='bbox 762 1403 1015 1451; x_wconf 86' lang='lat' dir='ltr'>annuatim</span> <span class='ocrx_word' id='word_1_109' title='bbox 1058 1440 1068 1450; x_wconf 93' lang='lat'><strong><em>.</em></strong></span> <span class='ocrx_word' id='word_1_110' title='bbox 1106 1440 1117 1450; x_wconf 89' lang='lat'>.</span> <span class='ocrx_word' id='word_1_111' title='bbox 1158 1440 1168 1451; x_wconf 92' lang='lat'>.</span> <span class='ocrx_word' id='word_1_112' title='bbox 1210 1403 1351 1451; x_wconf 90' lang='lat' dir='ltr'>nobis</span> <span class='ocrx_word' id='word_1_113' title='bbox 1394 1440 1403 1450; x_wconf 91' lang='lat'>.</span> <span class='ocrx_word' id='word_1_114' title='bbox 1447 1440 1457 1451; x_wconf 93' lang='lat'><strong>.</strong></span> <span class='ocrx_word' id='word_1_115' title='bbox 1501 1440 1511 1451; x_wconf 88' lang='lat'>.</span> <span class='ocrx_word' id='word_1_116' title='bbox 1556 1410 1641 1452; x_wconf 84' lang='lat' dir='ltr'>aut</span> <span class='ocrx_word' id='word_1_117' title='bbox 1676 1403 1935 1454; x_wconf 85' lang='lat' dir='ltr'>cellerario</span> <span class='ocrx_word' id='word_1_118' title='bbox 1966 1405 2134 1454; x_wconf 88' lang='lat' dir='ltr'>nostro</span> <span class='ocrx_word' id='word_1_119' title='bbox 2170 1442 2181 1454; x_wconf 88' lang='lat'><strong><em>.</em></strong></span> <span class='ocrx_word' id='word_1_120' title='bbox 2217 1444 2227 1453; x_wconf 89' lang='lat'><strong>.</strong></span> <span class='ocrx_word' id='word_1_121' title='bbox 2266 1444 2277 1454; x_wconf 92' lang='lat'><strong>.</strong></span> <span class='ocrx_word' id='word_1_122' title='bbox 2314 1407 2483 1456; x_wconf 90' lang='lat' dir='ltr'>decem</span> <span class='ocrx_word' id='word_1_123' title='bbox 2509 1416 2558 1456; x_wconf 87' lang='lat' dir='ltr'>et</span> <span class='ocrx_word' id='word_1_124' title='bbox 2582 1408 2662 1457; x_wconf 83' lang='lat' dir='ltr'>sex</span> 
     </span>
     <span class='ocr_line' id='line_1_14' title="bbox 622 1495 2660 1559; baseline 0.003 -16"><span class='ocrx_word' id='word_1_125' title='bbox 622 1496 769 1545; x_wconf 86' lang='lat' dir='ltr'>libras</span> <span class='ocrx_word' id='word_1_126' title='bbox 794 1495 1048 1544; x_wconf 87' lang='lat' dir='ltr'>tresdecim</span> <span class='ocrx_word' id='word_1_127' title='bbox 1076 1495 1253 1543; x_wconf 90' lang='lat' dir='ltr'>solidos</span> <span class='ocrx_word' id='word_1_128' title='bbox 1276 1503 1324 1543; x_wconf 90' lang='lat' dir='ltr'>et</span> <span class='ocrx_word' id='word_1_129' title='bbox 1349 1503 1560 1559; x_wconf 87' lang='lat' dir='ltr'>quatuor</span> <span class='ocrx_word' id='word_1_130' title='bbox 1585 1496 1815 1546; x_wconf 88' lang='lat' dir='ltr'>denarios</span> <span class='ocrx_word' id='word_1_131' title='bbox 1861 1534 1872 1545; x_wconf 88' lang='lat'><strong>.</strong></span> <span class='ocrx_word' id='word_1_132' title='bbox 1919 1536 1929 1546; x_wconf 91' lang='lat'><strong>.</strong></span> <span class='ocrx_word' id='word_1_133' title='bbox 1971 1535 1981 1545; x_wconf 95' lang='lat'><strong>.</strong></span> <span class='ocrx_word' id='word_1_134' title='bbox 2023 1506 2221 1547; x_wconf 88' lang='lat' dir='ltr'>monete</span> <span class='ocrx_word' id='word_1_135' title='bbox 2250 1497 2423 1549; x_wconf 90' lang='lat' dir='ltr'>Scocie</span> <span class='ocrx_word' id='word_1_136' title='bbox 2449 1501 2510 1548; x_wconf 88' lang='lat' dir='ltr'>ad</span> <span class='ocrx_word' id='word_1_137' title='bbox 2548 1538 2558 1548; x_wconf 91' lang='lat'><strong>.</strong></span> <span class='ocrx_word' id='word_1_138' title='bbox 2599 1539 2609 1548; x_wconf 94' lang='lat'><strong><em>.</em></strong></span> <span class='ocrx_word' id='word_1_139' title='bbox 2650 1539 2660 1549; x_wconf 93' lang='lat'><strong><em>.</em></strong></span> 
     </span>
     <span class='ocr_line' id='line_1_15' title="bbox 621 1586 2661 1655; baseline 0.002 -19"><span class='ocrx_word' id='word_1_140' title='bbox 621 1589 743 1636; x_wconf 85' lang='lat' dir='ltr'>festa</span> <span class='ocrx_word' id='word_1_141' title='bbox 786 1626 796 1635; x_wconf 95' lang='lat'><strong>.</strong></span> <span class='ocrx_word' id='word_1_142' title='bbox 839 1627 847 1635; x_wconf 93' lang='lat'><strong>.</strong></span> <span class='ocrx_word' id='word_1_143' title='bbox 891 1627 899 1635; x_wconf 92' lang='lat'><strong>.</strong></span> <span class='ocrx_word' id='word_1_144' title='bbox 943 1586 1127 1636; x_wconf 87' lang='lat' dir='ltr'>Pasche</span> <span class='ocrx_word' id='word_1_145' title='bbox 1160 1594 1209 1636; x_wconf 87' lang='lat' dir='ltr'>et</span> <span class='ocrx_word' id='word_1_146' title='bbox 1248 1586 1413 1636; x_wconf 70' lang='lat' dir='ltr'>Sanffi</span> <span class='ocrx_word' id='word_1_147' title='bbox 1440 1586 1577 1636; x_wconf 90' lang='lat' dir='ltr'>Petri</span> <span class='ocrx_word' id='word_1_148' title='bbox 1599 1589 1809 1652; x_wconf 61' lang='lat' dir='ltr'>predicti</span> <span class='ocrx_word' id='word_1_149' title='bbox 1834 1589 1910 1638; x_wconf 90' lang='lat' dir='ltr'>vel</span> <span class='ocrx_word' id='word_1_150' title='bbox 1933 1590 2066 1639; x_wconf 86' lang='lat' dir='ltr'>infra</span> <span class='ocrx_word' id='word_1_151' title='bbox 2090 1591 2373 1655; x_wconf 87' lang='lat' dir='ltr'>quindecim</span> <span class='ocrx_word' id='word_1_152' title='bbox 2399 1592 2503 1640; x_wconf 89' lang='lat' dir='ltr'>dies</span> <span class='ocrx_word' id='word_1_153' title='bbox 2544 1630 2554 1640; x_wconf 93' lang='lat'>.</span> <span class='ocrx_word' id='word_1_154' title='bbox 2599 1630 2609 1640; x_wconf 92' lang='lat'><strong>.</strong></span> <span class='ocrx_word' id='word_1_155' title='bbox 2651 1630 2661 1640; x_wconf 90' lang='lat'><strong>.</strong></span> 
     </span>
     <span class='ocr_line' id='line_1_16' title="bbox 623 1677 2663 1744; baseline 0.002 -16"><span class='ocrx_word' id='word_1_156' title='bbox 623 1681 689 1729; x_wconf 88' lang='lat' dir='ltr'>Et</span> <span class='ocrx_word' id='word_1_157' title='bbox 713 1679 746 1727; x_wconf 86' lang='lat' dir='ltr'><strong>fi</strong></span> <span class='ocrx_word' id='word_1_158' title='bbox 772 1680 926 1728; x_wconf 66' lang='lat' dir='ltr'>dictus</span> <span class='ocrx_word' id='word_1_159' title='bbox 971 1717 981 1727; x_wconf 91' lang='lat'><strong>.</strong></span> <span class='ocrx_word' id='word_1_160' title='bbox 1025 1717 1035 1727; x_wconf 89' lang='lat'><em>.</em></span> <span class='ocrx_word' id='word_1_161' title='bbox 1082 1717 1092 1727; x_wconf 89' lang='lat'>.</span> <span class='ocrx_word' id='word_1_162' title='bbox 1135 1677 1219 1728; x_wconf 84' lang='lat' dir='ltr'>aut</span> <span class='ocrx_word' id='word_1_163' title='bbox 1243 1679 1313 1727; x_wconf 88' lang='lat' dir='ltr'>sui</span> <span class='ocrx_word' id='word_1_164' title='bbox 1338 1678 1562 1744; x_wconf 70' lang='lat' dir='ltr'>assignati</span> <span class='ocrx_word' id='word_1_165' title='bbox 1602 1718 1612 1727; x_wconf 91' lang='lat'>.</span> <span class='ocrx_word' id='word_1_166' title='bbox 1654 1718 1665 1729; x_wconf 90' lang='lat'><strong>.</strong></span> <span class='ocrx_word' id='word_1_167' title='bbox 1707 1719 1718 1729; x_wconf 88' lang='lat'><strong><em>.</em></strong></span> <span class='ocrx_word' id='word_1_168' title='bbox 1761 1681 1814 1729; x_wconf 89' lang='lat' dir='ltr'>in</span> <span class='ocrx_word' id='word_1_169' title='bbox 1841 1681 2089 1731; x_wconf 90' lang='lat' dir='ltr'>solucione</span> <span class='ocrx_word' id='word_1_170' title='bbox 2122 1720 2132 1729; x_wconf 88' lang='lat'><strong>.</strong></span> <span class='ocrx_word' id='word_1_171' title='bbox 2171 1722 2181 1731; x_wconf 93' lang='lat'><strong>.</strong></span> <span class='ocrx_word' id='word_1_172' title='bbox 2219 1722 2227 1731; x_wconf 94' lang='lat'><strong><em>.</em></strong></span> <span class='ocrx_word' id='word_1_173' title='bbox 2268 1685 2331 1733; x_wconf 86' lang='lat' dir='ltr'>ad</span> <span class='ocrx_word' id='word_1_174' title='bbox 2355 1685 2591 1732; x_wconf 90' lang='lat' dir='ltr'>terminos</span> <span class='ocrx_word' id='word_1_175' title='bbox 2616 1693 2663 1733; x_wconf 90' lang='lat' dir='ltr'>et</span> 
     </span>
     <span class='ocr_line' id='line_1_17' title="bbox 625 1771 2664 1835; baseline 0.003 -16"><span class='ocrx_word' id='word_1_176' title='bbox 625 1771 729 1819; x_wconf 88' lang='lat' dir='ltr'>dies</span> <span class='ocrx_word' id='word_1_177' title='bbox 770 1771 1064 1835; x_wconf 86' lang='lat' dir='ltr'>prescriptos</span> <span class='ocrx_word' id='word_1_178' title='bbox 1103 1808 1113 1819; x_wconf 90' lang='lat'><strong>.</strong></span> <span class='ocrx_word' id='word_1_179' title='bbox 1149 1808 1159 1818; x_wconf 94' lang='lat'>.</span> <span class='ocrx_word' id='word_1_180' title='bbox 1196 1807 1206 1818; x_wconf 82' lang='grc'>.</span> <span class='ocrx_word' id='word_1_181' title='bbox 1243 1771 1502 1820; x_wconf 89' lang='lat' dir='ltr'>deficerint</span> <span class='ocrx_word' id='word_1_182' title='bbox 1542 1771 1713 1821; x_wconf 90' lang='lat' dir='ltr'>licebit</span> <span class='ocrx_word' id='word_1_183' title='bbox 1750 1773 1891 1822; x_wconf 87' lang='lat' dir='ltr'>nobis</span> <span class='ocrx_word' id='word_1_184' title='bbox 1931 1811 1942 1822; x_wconf 90' lang='lat'><strong><em>.</em></strong></span> <span class='ocrx_word' id='word_1_185' title='bbox 1986 1811 1997 1821; x_wconf 91' lang='lat'><strong><em>.</em></strong></span> <span class='ocrx_word' id='word_1_186' title='bbox 2041 1811 2051 1821; x_wconf 93' lang='lat'><strong>.</strong></span> <span class='ocrx_word' id='word_1_187' title='bbox 2092 1775 2154 1823; x_wconf 91' lang='lat' dir='ltr'>de</span> <span class='ocrx_word' id='word_1_188' title='bbox 2195 1775 2338 1823; x_wconf 67' lang='lat' dir='ltr'>dietis</span> <span class='ocrx_word' id='word_1_189' title='bbox 2379 1775 2583 1824; x_wconf 80' lang='lat' dir='ltr'>ecclefia</span> <span class='ocrx_word' id='word_1_190' title='bbox 2617 1785 2664 1825; x_wconf 89' lang='lat' dir='ltr'>et</span> 
     </span>
    </p>
   </div>
   <div class='ocr_carea' id='block_1_8' title="bbox 626 1862 2666 2018">
    <p class='ocr_par' dir='ltr' id='par_1_8' title="bbox 626 1862 2666 2018">
     <span class='ocr_line' id='line_1_18' title="bbox 626 1862 2666 1931; baseline 0.003 -21"><span class='ocrx_word' id='word_1_191' title='bbox 626 1863 826 1911; x_wconf 86' lang='lat' dir='ltr'>decimis</span> <span class='ocrx_word' id='word_1_192' title='bbox 870 1900 881 1911; x_wconf 91' lang='lat'><strong>.</strong></span> <span class='ocrx_word' id='word_1_193' title='bbox 928 1900 938 1910; x_wconf 94' lang='lat'>.</span> <span class='ocrx_word' id='word_1_194' title='bbox 984 1900 994 1910; x_wconf 95' lang='lat'><strong>.</strong></span> <span class='ocrx_word' id='word_1_195' title='bbox 1037 1862 1294 1926; x_wconf 89' lang='lat' dir='ltr'>disponere</span> <span class='ocrx_word' id='word_1_196' title='bbox 1338 1901 1347 1911; x_wconf 91' lang='lat'>.</span> <span class='ocrx_word' id='word_1_197' title='bbox 1394 1901 1404 1911; x_wconf 93' lang='lat'><strong><em>.</em></strong></span> <span class='ocrx_word' id='word_1_198' title='bbox 1450 1902 1461 1912; x_wconf 87' lang='lat'><strong>.</strong></span> <span class='ocrx_word' id='word_1_199' title='bbox 1505 1865 1658 1928; x_wconf 92' lang='lat' dir='ltr'>Apud</span> <span class='ocrx_word' id='word_1_200' title='bbox 1702 1903 1712 1912; x_wconf 96' lang='lat'>.</span> <span class='ocrx_word' id='word_1_201' title='bbox 1760 1903 1769 1913; x_wconf 94' lang='lat'>.</span> <span class='ocrx_word' id='word_1_202' title='bbox 1817 1903 1827 1913; x_wconf 93' lang='lat'>.</span> <span class='ocrx_word' id='word_1_203' title='bbox 1872 1865 2140 1930; x_wconf 87' lang='lat' dir='ltr'>capitulum</span> <span class='ocrx_word' id='word_1_204' title='bbox 2166 1867 2338 1931; x_wconf 88' lang='lat' dir='ltr'>quinto</span> <span class='ocrx_word' id='word_1_205' title='bbox 2376 1868 2454 1915; x_wconf 85' lang='lat' dir='ltr'>die</span> <span class='ocrx_word' id='word_1_206' title='bbox 2490 1869 2666 1916; x_wconf 82' lang='lat' dir='ltr'>mensis</span> 
     </span>
     <span class='ocr_line' id='line_1_19' title="bbox 631 1953 1498 2018; baseline 0.001 -15"><span class='ocrx_word' id='word_1_207' title='bbox 631 1953 931 2018; x_wconf 89' lang='lat' dir='ltr'>Septembris</span> <span class='ocrx_word' id='word_1_208' title='bbox 958 1971 1087 2002; x_wconf 89' lang='lat' dir='ltr'>anno</span> <span class='ocrx_word' id='word_1_209' title='bbox 1111 1954 1316 2002; x_wconf 89' lang='lat' dir='ltr'>Domini</span> <span class='ocrx_word' id='word_1_210' title='bbox 1353 1956 1498 2005; x_wconf 83' lang='grc'><strong>1486.</strong></span> 
     </span>
    </p>
   </div>
   <div class='ocr_carea' id='block_1_9' title="bbox 629 2204 2231 2296">
    <p class='ocr_par' dir='ltr' id='par_1_9' title="bbox 629 2204 2231 2296">
     <span class='ocr_line' id='line_1_20' title="bbox 629 2204 2231 2296; baseline 0.001 -20"><span class='ocrx_word' id='word_1_211' title='bbox 629 2204 909 2276; x_wconf 76' lang='lat' dir='ltr'>Assedacio</span> <span class='ocrx_word' id='word_1_212' title='bbox 935 2234 1107 2290; x_wconf 87' lang='lat' dir='ltr'>quarte</span> <span class='ocrx_word' id='word_1_213' title='bbox 1134 2234 1182 2275; x_wconf 90' lang='lat' dir='ltr'>et</span> <span class='ocrx_word' id='word_1_214' title='bbox 1207 2229 1337 2275; x_wconf 85' lang='lat' dir='ltr'>sexte</span> <span class='ocrx_word' id='word_1_215' title='bbox 1361 2228 1584 2292; x_wconf 89' lang='lat' dir='ltr'>parcium</span> <span class='ocrx_word' id='word_1_216' title='bbox 1612 2229 1726 2277; x_wconf 87' lang='lat' dir='ltr'>ville</span> <span class='ocrx_word' id='word_1_217' title='bbox 1751 2230 1812 2278; x_wconf 91' lang='lat' dir='ltr'>de</span> <span class='ocrx_word' id='word_1_218' title='bbox 1840 2229 2231 2296; x_wconf 88' lang='lat' dir='ltr'>Ouchtirlowny.</span> 
     </span>
    </p>
   </div>
   <div class='ocr_carea' id='block_1_10' title="bbox 631 2386 2753 3022">
    <p class='ocr_par' dir='ltr' id='par_1_10' title="bbox 631 2386 2671 2836">
     <span class='ocr_line' id='line_1_21' title="bbox 631 2386 2671 2459; baseline 0 -1"><span class='ocrx_word' id='word_1_219' title='bbox 631 2386 759 2458; x_wconf 82' lang='lat' dir='ltr'>Nos</span> <span class='ocrx_word' id='word_1_220' title='bbox 792 2408 960 2457; x_wconf 87' lang='lat' dir='ltr'>Dauid</span> <span class='ocrx_word' id='word_1_221' title='bbox 987 2447 996 2457; x_wconf 92' lang='lat'><strong>.</strong></span> <span class='ocrx_word' id='word_1_222' title='bbox 1027 2447 1038 2457; x_wconf 92' lang='lat'><strong>.</strong></span> <span class='ocrx_word' id='word_1_223' title='bbox 1066 2447 1076 2457; x_wconf 92' lang='lat'><strong>.</strong></span> <span class='ocrx_word' id='word_1_224' title='bbox 1104 2411 1252 2459; x_wconf 86' lang='lat' dir='ltr'>abbas</span> <span class='ocrx_word' id='word_1_225' title='bbox 1275 2447 1286 2458; x_wconf 85' lang='lat'><strong>.</strong></span> <span class='ocrx_word' id='word_1_226' title='bbox 1317 2447 1327 2458; x_wconf 88' lang='lat'><em>.</em></span> <span class='ocrx_word' id='word_1_227' title='bbox 1357 2448 1366 2457; x_wconf 92' lang='lat'>.</span> <span class='ocrx_word' id='word_1_228' title='bbox 1394 2411 1455 2459; x_wconf 91' lang='lat' dir='ltr'>de</span> <span class='ocrx_word' id='word_1_229' title='bbox 1479 2409 1817 2459; x_wconf 87' lang='lat' dir='ltr'>Abirbrothoc</span> <span class='ocrx_word' id='word_1_230' title='bbox 1860 2447 1871 2458; x_wconf 89' lang='lat'><strong>.</strong></span> <span class='ocrx_word' id='word_1_231' title='bbox 1915 2447 1926 2457; x_wconf 93' lang='lat'><strong>.</strong></span> <span class='ocrx_word' id='word_1_232' title='bbox 1969 2448 1978 2458; x_wconf 92' lang='lat'>.</span> <span class='ocrx_word' id='word_1_233' title='bbox 2022 2409 2290 2458; x_wconf 78' lang='lat' dir='ltr'>ass&#39;edamus</span> <span class='ocrx_word' id='word_1_234' title='bbox 2329 2448 2339 2458; x_wconf 93' lang='lat'>.</span> <span class='ocrx_word' id='word_1_235' title='bbox 2381 2448 2392 2458; x_wconf 85' lang='lat'><strong>.</strong></span> <span class='ocrx_word' id='word_1_236' title='bbox 2432 2448 2442 2457; x_wconf 88' lang='lat'><strong>.</strong></span> <span class='ocrx_word' id='word_1_237' title='bbox 2480 2409 2671 2458; x_wconf 85' lang='lat' dir='ltr'>&#39;l&#39;home</span> 
     </span>
     <span class='ocr_line' id='line_1_22' title="bbox 634 2499 2671 2566; baseline 0.001 -20"><span class='ocrx_word' id='word_1_238' title='bbox 634 2499 865 2547; x_wconf 86' lang='lat' dir='ltr'>Authlair</span> <span class='ocrx_word' id='word_1_239' title='bbox 890 2509 938 2548; x_wconf 87' lang='lat' dir='ltr'>et</span> <span class='ocrx_word' id='word_1_240' title='bbox 962 2500 996 2548; x_wconf 84' lang='lat' dir='ltr'>J</span> <span class='ocrx_word' id='word_1_241' title='bbox 999 2501 1183 2549; x_wconf 89' lang='lat' dir='ltr'>ohanni</span> <span class='ocrx_word' id='word_1_242' title='bbox 1218 2501 1454 2550; x_wconf 88' lang='lat' dir='ltr'>Malcomi</span> <span class='ocrx_word' id='word_1_243' title='bbox 1479 2511 1529 2551; x_wconf 92' lang='lat' dir='ltr'>et</span> <span class='ocrx_word' id='word_1_244' title='bbox 1553 2502 1649 2550; x_wconf 85' lang='lat' dir='ltr'>suis</span> <span class='ocrx_word' id='word_1_245' title='bbox 1673 2501 1922 2566; x_wconf 83' lang='lat' dir='ltr'>affignatis</span> <span class='ocrx_word' id='word_1_246' title='bbox 1953 2509 2178 2566; x_wconf 82' lang='lat' dir='ltr'>quartam</span> <span class='ocrx_word' id='word_1_247' title='bbox 2215 2510 2264 2550; x_wconf 91' lang='lat' dir='ltr'>et</span> <span class='ocrx_word' id='word_1_248' title='bbox 2300 2503 2480 2550; x_wconf 86' lang='lat' dir='ltr'>sextam</span> <span class='ocrx_word' id='word_1_249' title='bbox 2507 2512 2671 2565; x_wconf 91' lang='lat' dir='ltr'>partes</span> 
     </span>
     <span class='ocr_line' id='line_1_23' title="bbox 636 2590 2669 2657; baseline 0.003 -21"><span class='ocrx_word' id='word_1_250' title='bbox 636 2590 749 2637; x_wconf 83' lang='lat' dir='ltr'>ville</span> <span class='ocrx_word' id='word_1_251' title='bbox 790 2590 950 2638; x_wconf 88' lang='lat' dir='ltr'>nostre</span> <span class='ocrx_word' id='word_1_252' title='bbox 992 2592 1053 2639; x_wconf 92' lang='lat' dir='ltr'>de</span> <span class='ocrx_word' id='word_1_253' title='bbox 1094 2591 1435 2657; x_wconf 89' lang='lat' dir='ltr'>Ochtirlowny</span> <span class='ocrx_word' id='word_1_254' title='bbox 1476 2610 1568 2657; x_wconf 89' lang='lat' dir='ltr'>pro</span> <span class='ocrx_word' id='word_1_255' title='bbox 1610 2594 1834 2643; x_wconf 86' lang='lat' dir='ltr'>terminis</span> <span class='ocrx_word' id='word_1_256' title='bbox 1871 2593 2098 2642; x_wconf 88' lang='lat' dir='ltr'>vndecim</span> <span class='ocrx_word' id='word_1_257' title='bbox 2142 2610 2383 2642; x_wconf 86' lang='lat' dir='ltr'>annorum</span> <span class='ocrx_word' id='word_1_258' title='bbox 2426 2611 2523 2642; x_wconf 87' lang='lat' dir='ltr'>vna</span> <span class='ocrx_word' id='word_1_259' title='bbox 2561 2610 2669 2642; x_wconf 90' lang='lat' dir='ltr'>cum</span> 
     </span>
     <span class='ocr_line' id='line_1_24' title="bbox 637 2681 2671 2747; baseline 0.001 -18"><span class='ocrx_word' id='word_1_260' title='bbox 637 2681 840 2729; x_wconf 86' lang='lat' dir='ltr'>decimis</span> <span class='ocrx_word' id='word_1_261' title='bbox 864 2683 1144 2745; x_wconf 84' lang='lat' dir='ltr'>garbalibus</span> <span class='ocrx_word' id='word_1_262' title='bbox 1187 2721 1197 2731; x_wconf 90' lang='lat'><strong>.</strong></span> <span class='ocrx_word' id='word_1_263' title='bbox 1238 2721 1247 2731; x_wconf 94' lang='lat'><strong>.</strong></span> <span class='ocrx_word' id='word_1_264' title='bbox 1289 2721 1299 2731; x_wconf 90' lang='lat'><em>.</em></span> <span class='ocrx_word' id='word_1_265' title='bbox 1342 2701 1432 2747; x_wconf 91' lang='lat' dir='ltr'>pro</span> <span class='ocrx_word' id='word_1_266' title='bbox 1456 2685 1598 2733; x_wconf 87' lang='lat' dir='ltr'>firma</span> <span class='ocrx_word' id='word_1_267' title='bbox 1631 2694 1682 2734; x_wconf 90' lang='lat' dir='ltr'>et</span> <span class='ocrx_word' id='word_1_268' title='bbox 1714 2685 2079 2734; x_wconf 83' lang='lat' dir='ltr'>husbandorum</span> <span class='ocrx_word' id='word_1_269' title='bbox 2114 2686 2345 2734; x_wconf 90' lang='lat' dir='ltr'>oneribus</span> <span class='ocrx_word' id='word_1_270' title='bbox 2389 2723 2399 2733; x_wconf 90' lang='lat'><em>.</em></span> <span class='ocrx_word' id='word_1_271' title='bbox 2446 2723 2456 2733; x_wconf 94' lang='lat'>.</span> <span class='ocrx_word' id='word_1_272' title='bbox 2503 2723 2513 2733; x_wconf 90' lang='lat'><strong>.</strong></span> <span class='ocrx_word' id='word_1_273' title='bbox 2559 2702 2671 2733; x_wconf 89' lang='lat' dir='ltr'>con·</span> 
     </span>
     <span class='ocr_line' id='line_1_25' title="bbox 638 2772 2615 2836; baseline 0.003 -17"><span class='ocrx_word' id='word_1_274' title='bbox 638 2772 782 2820; x_wconf 88' lang='lat' dir='ltr'>suetis</span> <span class='ocrx_word' id='word_1_275' title='bbox 830 2780 878 2820; x_wconf 90' lang='lat' dir='ltr'>et</span> <span class='ocrx_word' id='word_1_276' title='bbox 920 2782 1067 2836; x_wconf 84' lang='lat' dir='ltr'>prout</span> <span class='ocrx_word' id='word_1_277' title='bbox 1108 2775 1388 2823; x_wconf 86' lang='lat' dir='ltr'>continetur</span> <span class='ocrx_word' id='word_1_278' title='bbox 1431 2776 1482 2823; x_wconf 91' lang='lat' dir='ltr'>in</span> <span class='ocrx_word' id='word_1_279' title='bbox 1526 2777 1705 2825; x_wconf 88' lang='lat' dir='ltr'>rcntali</span> <span class='ocrx_word' id='word_1_280' title='bbox 1750 2777 1916 2824; x_wconf 86' lang='lat' dir='ltr'>nostro</span> <span class='ocrx_word' id='word_1_281' title='bbox 1963 2806 1973 2815; x_wconf 91' lang='lat'><strong>·</strong></span> <span class='ocrx_word' id='word_1_282' title='bbox 2019 2777 2231 2825; x_wconf 88' lang='lat' dir='ltr'>termino</span> <span class='ocrx_word' id='word_1_283' title='bbox 2274 2777 2508 2826; x_wconf 86' lang='lat' dir='ltr'>introitus</span> <span class='ocrx_word' id='word_1_284' title='bbox 2550 2812 2561 2825; x_wconf 90' lang='lat'><strong>.</strong></span> <span class='ocrx_word' id='word_1_285' title='bbox 2604 2813 2615 2823; x_wconf 85' lang='lat'>.</span> 
     </span>
    </p>

    <p class='ocr_par' dir='ltr' id='par_1_11' title="bbox 638 2863 2753 3022">
     <span class='ocr_line' id='line_1_26' title="bbox 638 2863 2753 2932; baseline 0.002 -21"><span class='ocrx_word' id='word_1_286' title='bbox 638 2864 906 2927; x_wconf 86' lang='lat' dir='ltr'>incipiente</span> <span class='ocrx_word' id='word_1_287' title='bbox 931 2864 981 2910; x_wconf 93' lang='lat' dir='ltr'>in</span> <span class='ocrx_word' id='word_1_288' title='bbox 1007 2863 1124 2911; x_wconf 88' lang='lat' dir='ltr'>festo</span> <span class='ocrx_word' id='word_1_289' title='bbox 1161 2865 1507 2915; x_wconf 87' lang='lat' dir='ltr'>Penthecostes</span> <span class='ocrx_word' id='word_1_290' title='bbox 1543 2868 1706 2916; x_wconf 86' lang='lat' dir='ltr'>datam</span> <span class='ocrx_word' id='word_1_291' title='bbox 1742 2868 2052 2932; x_wconf 87' lang='lat' dir='ltr'>presencium</span> <span class='ocrx_word' id='word_1_292' title='bbox 2088 2868 2370 2917; x_wconf 90' lang='lat' dir='ltr'>immediate</span> <span class='ocrx_word' id='word_1_293' title='bbox 2406 2868 2670 2932; x_wconf 90' lang='lat' dir='ltr'>sequente·</span> <span class='ocrx_word' id='word_1_294' title='bbox 2752 2894 2753 2922; x_wconf 63' lang='lat'>2</span> 
     </span>
     <span class='ocr_line' id='line_1_27' title="bbox 639 2953 2619 3022; baseline 0.002 -20"><span class='ocrx_word' id='word_1_295' title='bbox 639 2953 705 3002; x_wconf 89' lang='lat' dir='ltr'>Et</span> <span class='ocrx_word' id='word_1_296' title='bbox 741 2953 774 3000; x_wconf 85' lang='lat' dir='ltr'>fi</span> <span class='ocrx_word' id='word_1_297' title='bbox 813 2991 823 3000; x_wconf 89' lang='lat'>.</span> <span class='ocrx_word' id='word_1_298' title='bbox 863 2990 873 3000; x_wconf 88' lang='lat'><strong>.</strong></span> <span class='ocrx_word' id='word_1_299' title='bbox 914 2991 925 3001; x_wconf 87' lang='lat'>.</span> <span class='ocrx_word' id='word_1_300' title='bbox 960 2954 1143 3022; x_wconf 84' lang='lat' dir='ltr'>fuerint</span> <span class='ocrx_word' id='word_1_301' title='bbox 1186 2992 1196 3002; x_wconf 91' lang='lat'>.</span> <span class='ocrx_word' id='word_1_302' title='bbox 1242 2992 1253 3002; x_wconf 91' lang='lat'><strong>.</strong></span> <span class='ocrx_word' id='word_1_303' title='bbox 1301 2993 1310 3003; x_wconf 92' lang='lat'>.</span> <span class='ocrx_word' id='word_1_304' title='bbox 1354 2958 1480 3005; x_wconf 86' lang='lat' dir='ltr'>male</span> <span class='ocrx_word' id='word_1_305' title='bbox 1518 2959 1852 3021; x_wconf 86' lang='lat' dir='ltr'>persoluentes</span> <span class='ocrx_word' id='word_1_306' title='bbox 1898 2997 1908 3007; x_wconf 93' lang='lat'><strong>.</strong></span> <span class='ocrx_word' id='word_1_307' title='bbox 1953 2997 1963 3007; x_wconf 94' lang='lat'>.</span> <span class='ocrx_word' id='word_1_308' title='bbox 2009 2998 2018 3007; x_wconf 94' lang='lat'>.</span> <span class='ocrx_word' id='word_1_309' title='bbox 2061 2960 2231 3008; x_wconf 86' lang='lat' dir='ltr'>licebit</span> <span class='ocrx_word' id='word_1_310' title='bbox 2271 2960 2412 3008; x_wconf 90' lang='lat' dir='ltr'>nobis</span> <span class='ocrx_word' id='word_1_311' title='bbox 2454 2954 2514 3007; x_wconf 78' lang='lat' dir='ltr'>de</span> <span class='ocrx_word' id='word_1_312' title='bbox 2559 2997 2569 3007; x_wconf 93' lang='lat'><strong><em>.</em></strong></span> <span class='ocrx_word' id='word_1_313' title='bbox 2609 2996 2619 3006; x_wconf 90' lang='lat'><em>.</em></span> 
     </span>
    </p>
   </div>
   <div class='ocr_carea' id='block_1_11' title="bbox 640 3041 2753 3185">
    <p class='ocr_par' dir='ltr' id='par_1_12' title="bbox 640 3041 2753 3185">
     <span class='ocr_line' id='line_1_28' title="bbox 640 3041 2753 3115; baseline 0.005 -24"><span class='ocrx_word' id='word_1_314' title='bbox 640 3043 783 3091; x_wconf 87' lang='lat' dir='ltr'>terris</span> <span class='ocrx_word' id='word_1_315' title='bbox 817 3081 827 3091; x_wconf 92' lang='lat'><em>.</em></span> <span class='ocrx_word' id='word_1_316' title='bbox 872 3080 883 3091; x_wconf 88' lang='lat'><strong><em>.</em></strong></span> <span class='ocrx_word' id='word_1_317' title='bbox 923 3081 933 3091; x_wconf 91' lang='lat'><strong>.</strong></span> <span class='ocrx_word' id='word_1_318' title='bbox 976 3043 1273 3110; x_wconf 89' lang='lat' dir='ltr'>[disponere]</span> <span class='ocrx_word' id='word_1_319' title='bbox 1315 3083 1326 3093; x_wconf 92' lang='lat'><strong>.</strong></span> <span class='ocrx_word' id='word_1_320' title='bbox 1367 3083 1377 3094; x_wconf 88' lang='lat'><strong>.</strong></span> <span class='ocrx_word' id='word_1_321' title='bbox 1417 3084 1428 3095; x_wconf 92' lang='lat'><strong>.</strong></span> <span class='ocrx_word' id='word_1_322' title='bbox 1470 3048 1621 3112; x_wconf 91' lang='lat' dir='ltr'>Apud</span> <span class='ocrx_word' id='word_1_323' title='bbox 1659 3087 1669 3098; x_wconf 89' lang='lat'><strong>.</strong></span> <span class='ocrx_word' id='word_1_324' title='bbox 1709 3088 1720 3097; x_wconf 91' lang='lat'><strong>.</strong></span> <span class='ocrx_word' id='word_1_325' title='bbox 1759 3088 1770 3098; x_wconf 88' lang='lat'><strong>.</strong></span> <span class='ocrx_word' id='word_1_326' title='bbox 1811 3051 2080 3115; x_wconf 87' lang='lat' dir='ltr'>capitulum</span> <span class='ocrx_word' id='word_1_327' title='bbox 2105 3051 2242 3099; x_wconf 67' lang='lat' dir='ltr'>xiiiito</span> <span class='ocrx_word' id='word_1_328' title='bbox 2263 3051 2342 3100; x_wconf 90' lang='lat' dir='ltr'>die</span> <span class='ocrx_word' id='word_1_329' title='bbox 2360 3051 2535 3100; x_wconf 85' lang='lat' dir='ltr'>mcnfis</span> <span class='ocrx_word' id='word_1_330' title='bbox 2558 3049 2671 3114; x_wconf 92' lang='lat' dir='ltr'>Sep-</span> <span class='ocrx_word' id='word_1_331' title='bbox 2751 3041 2753 3101; x_wconf 72' lang='lat'>?</span> 
     </span>
     <span class='ocr_line' id='line_1_29' title="bbox 641 3135 1393 3185; baseline 0 -2"><span class='ocrx_word' id='word_1_332' title='bbox 641 3135 841 3184; x_wconf 87' lang='lat' dir='ltr'>tembris</span> <span class='ocrx_word' id='word_1_333' title='bbox 866 3152 995 3183; x_wconf 84' lang='lat' dir='ltr'>anno</span> <span class='ocrx_word' id='word_1_334' title='bbox 1019 3135 1223 3184; x_wconf 91' lang='lat' dir='ltr'>Domini</span> <span class='ocrx_word' id='word_1_335' title='bbox 1256 3137 1393 3185; x_wconf 83' lang='grc'>1486.</span> 
     </span>
    </p>
   </div>
  </div>
 </body>
</html>
