2762 3834
623 359 1056 411 REGISTRUM
1089 359 1188 409 DE
1224 359 1785 413 ABERBROTHoQ
2175 367 2233 415 61

174 563 454 649 Inquificio
479 586 609 634 facta
632 586 694 634 de
721 585 1037 635 Ethcarmor.

59 764 121 815 65
175 743 454 829 Inquificio
492 772 635 830 capta
670 766 804 830 apud
838 766 1040 814 Lanark
1077 783 1243 814 coram
1279 767 1451 816 Dauid
1484 768 1545 816 de
1584 768 1890 832 Hamyltone
1930 769 2236 818 vicecomitis

175 858 389 907 eiusdem
424 857 704 922 specialiter
739 859 976 923 deputato
1002 858 1173 907 vltimo
1209 859 1290 907 die
1315 858 1490 908 meniis
1531 859 1834 925 Septembris
1864 878 1997 909 anno
2027 860 2236 909 Domini

174 951 446 999 milleffimo
473 957 636 1000 ccccmo
656 951 901 1000 tricefimo
926 951 1140 1000 secundo
1164 968 1255 1016 per
1281 989 1292 1000 .
1326 989 1336 999 .
1370 990 1379 998 .
1407 951 1703 1016 subscriptos
1727 968 1910 1017 magno
1930 953 2240 1000 sacramento

172 1044 539 1092 interueniente
558 1045 751 1108 juratos
778 1044 1012 1093 videlicet
1047 1070 1057 1081 ·
1091 1043 1439 1092 Alexandrum
1470 1042 1694 1092 Lokhart
1719 1044 1781 1092 de
1806 1043 1909 1092 Lee
1946 1073 1956 1083 ·
1993 1043 2241 1093 Thomam

173 1137 326 1186 &Vere
352 1166 363 1177 ·
390 1137 697 1186 Willelmum
724 1138 786 1185 de
814 1135 1113 1200 Carmychel
1138 1135 1199 1183 de
1225 1135 1398 1184 eodem
1435 1162 1445 1174 ·
1480 1134 1517 1183 J
1519 1136 1728 1184 acobum
1763 1136 1825 1184 (16
1866 1135 2194 1185 Sandelandis
2231 1161 2242 1173 ··

174 1229 448 1279 Robertum
482 1229 636 1278 Were
672 1258 682 1268 ·
725 1228 1033 1277 Willelmum
1076 1227 1195 1277 Scot
1231 1256 1241 1266 ·
1279 1227 1569 1291 Philippum
1608 1226 1781 1293 Inglis‘
1803 1258 1813 1269 -
1851 1228 2137 1278 Johannem
2170 1230 2247 1277 de

172 1322 348 1371 Ledail
367 1349 377 1359 ·
394 1321 429 1370 J
432 1320 678 1370 ohannem
699 1320 857 1385 Inglis
873 1321 935 1369 (16
954 1320 1129 1384 Bagby
1145 1346 1155 1357 ·
1171 1319 1207 1367 J
1210 1318 1461 1367 ohannem
1483 1319 1621 1367 Keor
1637 1321 1698 1368 de
1721 1319 1898 1378 Culter
1918 1338 1938 1360 ··
1953 1321 2240 1388 Georgeum

172 1416 324 1465 We're
361 1444 371 1453 ·
410 1416 668 1464 Andream
702 1413 938 1462 Morheid
974 1442 984 1451 ·
1025 1412 1272 1460 Thomam
1309 1410 1470 1476 Inglis
1502 1411 1563 1460 de
1593 1410 1970 1462 Carnwichmor
2005 1431 2029 1453 ·⁴
2053 1414 2241 1463 Johan-

172 1525 284 1557 nem
321 1509 383 1556 (16
420 1506 718 1571 Banachtyn
753 1503 816 1553 de
855 1503 1046 1554 Corrox
1086 1533 1096 1543 ·
1134 1500 1420 1552 Johannem
1447 1502 1690 1552 Watsoun
1724 1506 1786 1553 de
1823 1505 2194 1555 Garwaswould
2230 1537 2240 1547 ·

174 1599 420 1648 Thomam
462 1595 524 1647 de
565 1597 795 1647 Dalz'elle
847 1623 856 1633 ·
908 1604 958 1645 et
998 1596 1286 1645 Johannem
1324 1596 1387 1644 de
1426 1594 1651 1644 Bertoun
1690 1625 1700 1636 ·
1740 1597 1841 1655 Qui
1874 1599 2030 1662 jurati
2069 1600 2242 1648 dicunt

172 1693 306 1758 quod
342 1692 593 1757 quondam
631 1689 916 1739 Willelmus
953 1690 1014 1737 de
1055 1688 1173 1754 Hay
1210 1688 1351 1736 miles
1387 1695 1530 1753 pater
1574 1688 1767 1738 Thome
1808 1690 1870 1739 de
1914 1690 2031 1756 Hay
2073 1692 2241 1740 militis

170 1782 344 1835 latoris
381 1784 691 1850 presencium
729 1783 852 1841 obiit
877 1782 1050 1831 vltimo
1077 1781 1281 1830 vestitus
1313 1789 1364 1830 et
1397 1779 1584 1829 saifitus
1623 1818 1633 1828 .
1675 1820 1685 1829 .
1727 1817 1737 1829 .
1776 1782 1838 1830 (16
1863 1783 2009 1831 terris
2034 1784 2095 1831 de
2124 1783 2243 1832 Eth-

174 1895 368 1928 carmor
407 1915 417 1926 .
459 1916 469 1925 .
517 1915 527 1925 .
564 1876 848 1941 jacentibus
871 1875 1004 1924 infra
1025 1870 1514 1922 vicecomitatum‘de
1535 1873 1739 1923 Lanark
1776 1902 1786 1911 ·
1823 1874 1888 1924 Et
1913 1876 2087 1936 dicunt
2111 1878 2245 1940 quod

175 1971 330 2020 dictus
350 1969 570 2018 Thomas
590 1969 661 2017 est
686 2009 694 2017 .
730 2009 738 2016 .
774 2008 782 2017 .
808 1967 1139 2032 propinquior
1162 1966 1308 2014 heres
1332 2006 1340 2014 .
1373 2006 1381 2015 .
1410 2006 1419 2015 .
1445 1967 1601 2031 patris
1628 1967 1699 2015 sui
1725 1967 1787 2016 de
1812 1968 1955 2016 diais
1971 1969 2124 2017 ‘terris
2160 2009 2167 2017 .
2198 2010 2204 2016 .
2232 2009 2240 2017 .

127 2071 129 2073 ’
175 2071 223 2111 et
245 2063 316 2111 est
339 2062 584 2128 legittime
616 2062 762 2110 etatis
800 2090 810 2100 ·
849 2060 915 2109 Et
945 2059 1120 2108 dicunt
1145 2059 1278 2123 quod
1312 2059 1442 2107 dieite
1474 2067 1606 2107 terre
1646 2096 1657 2107 .
1699 2097 1709 2107 .
1751 2097 1762 2106 .
1800 2077 1934 2108 nunc
1961 2061 2128 2109 valent.
2153 2079 2242 2125 per

176 2171 359 2203 annum
385 2154 719 2219 quadraginta
741 2151 941 2201 markas
966 2159 1016 2200 et
1040 2158 1235 2199 tantum
1261 2150 1494 2199 valebant
1518 2158 1740 2215 tempore
1766 2152 1902 2215 pacis
1936 2180 1946 2189 ·
1979 2152 2045 2201 Et
2071 2154 2242 2201 dicunt

174 2248 307 2311 quod
343 2254 577 2296 tenentur
613 2246 675 2294 de
711 2246 890 2294 abbate
927 2244 988 2292 de
1024 2242 1365 2292 Abirbrothoc
1400 2259 1492 2307 pro
1529 2243 1738 2291 dimidia
1771 2252 1916 2308 petra
1954 2262 2066 2293 cere
2110 2230 2242 2310 apud

174 2339 491 2405 meffuagium
523 2378 532 2387 .
562 2375 573 2386 .
603 2375 614 2387 .
639 2346 886 2387 terrarum
911 2337 964 2385 in
988 2335 1112 2385 festo
1139 2335 1306 2384 Sancti
1330 2335 1365 2383 J
1369 2335 1578 2384 ohannis
1614 2334 1836 2400 Baptiste
1870 2338 2124 2386 annuatim
2154 2339 2241 2386 sol-

174 2433 338 2481 uenda
361 2432 563 2479 nomine
589 2431 700 2479 albe
724 2430 866 2478 firme
892 2429 927 2477 fi
952 2436 1152 2494 petatur
1189 2457 1200 2468 ·
1237 2436 1287 2476 et
1312 2429 1447 2492 quod
1479 2445 1612 2477 nunc
1644 2430 1754 2478 sunt
1777 2429 1829 2477 in
1854 2431 2083 2480 manibus
2120 2469 2132 2479 .
2175 2469 2185 2479 .
2228 2470 2237 2479 .

174 2524 364 2573 abbatis
399 2523 642 2589 legittime
676 2539 767 2587 per
803 2522 1011 2587 seipsum
1037 2522 1100 2570 ob
1127 2520 1323 2570 causam
1355 2521 1529 2569 mortis
1554 2521 1671 2569 dieti
1698 2521 1886 2570 domini
1913 2523 2153 2573 Willelmi
2179 2526 2239 2573 de

176 2616 293 2682 Hay
318 2633 407 2681 per
432 2616 647 2681 spacium
675 2614 903 2664 vndecim
937 2631 1180 2663 annorum
1204 2627 1232 2660 ’.
1270 2649 1282 2660 .
1323 2650 1333 2660 .
1372 2612 1432 2661 In
1459 2613 1598 2662 cuius
1619 2614 1694 2662 rei
1720 2614 2051 2664 testimonium
2084 2616 2240 2682 figilla

176 2706 486 2771 quorundam
526 2746 536 2755 .
575 2745 586 2756 .
623 2745 634 2755 .
668 2707 756 2771 qui
788 2744 798 2755 .
838 2743 848 2755 .
885 2744 895 2754 .
930 2704 1245 2770 inquisicioni
1275 2705 1553 2754 intererant
1578 2723 1678 2755 vna
1700 2723 1813 2755 cum
1833 2707 1990 2773 figillo
2015 2709 2237 2773 deputati

178 2800 483 2849 vicecomitis
520 2800 733 2864 predicti
781 2837 793 2848 .
841 2837 852 2848 .
908 2837 918 2847 .
971 2798 1088 2848 huic
1131 2796 1444 2862 inquificioni
1493 2798 1603 2848 sunt
1650 2800 1866 2864 appensa
1905 2800 2016 2849 loco
2061 2802 2140 2850 die
2189 2811 2236 2850 et

177 2908 309 2940 anno
332 2890 654 2955 supradietis
708 2915 713 2920 ·
793 2898 807 2911 ²
891 2896 893 2898 ’
