2762 3834
603 386 700 430 252
1046 373 1467 428 REGISTRUM
1501 372 1597 421 DE
1633 368 2191 421 ABERBROTHOC.

609 550 620 560 .
663 549 674 560 .
715 550 727 562 .
766 528 857 577 pro
890 512 1031 560 firma
1068 508 1226 557 medie
1260 506 1413 571 partis
1448 502 1718 552 molendini
1752 508 1963 566 quatuor
1986 501 2142 551 bollas
2167 502 2294 550 ordii
2319 510 2368 552 et
2392 502 2633 551 sexdecim

606 603 759 653 bellas
783 603 965 652 farrine
1000 603 1222 650 mensure
1261 598 1354 646 fori
1392 595 1635 645 currentis
1672 611 1783 642 cum
1821 593 2151 658 quadraginta
2188 593 2404 642 denariis
2441 601 2636 643 monete

608 695 779 745 Scocic
824 711 913 758 pro
958 692 1160 740 dimidia
1200 698 1340 754 parte
1380 687 1520 752 porci
1562 694 1610 735 et
1650 686 1731 734 sex
1773 685 2043 750 caponibus
2090 692 2139 734 01
2185 686 2443 734 duodecim
2489 685 2636 750 pullis

604 786 782 835 adultis
823 813 833 823 ·
872 792 920 832 et
960 800 1049 848 pro
1088 783 1230 830 firma
1270 784 1440 827 o6taue
1478 778 1632 842 partis
1671 778 1732 825 de
1773 775 1972 842 Crachy
2007 784 2055 826 et
2090 778 2279 826 decime
2316 779 2445 826 sexte
2482 778 2636 842 partis

603 885 843 924 terrarum
886 874 1097 922 eiusdem
1144 909 1153 920 .
1194 909 1206 920 .
1252 909 1263 919 .
1307 879 1355 919 et
1395 871 1441 918 le
1481 868 1524 917 F
1529 869 1727 934 urdhyll
1774 886 1885 917 cum
1933 869 2138 917 decimis
2184 869 2466 933 garbalibus
2510 907 2521 917 .
2567 906 2579 917 .
2625 906 2635 917 .

601 968 769 1014 decem
795 965 948 1014 bollas
974 964 1101 1012 ordii
1126 981 1236 1012 cum
1261 962 1467 1011 dimidia
1490 968 1539 1017 et
1563 960 1845 1025 quindecim
1869 961 2025 1010 bollas
2064 962 2248 1010 farrine
2283 963 2512 1010 mensure
2542 962 2636 1010 fori

601 1057 842 1105 currentis
868 1057 1084 1120 quinque
1108 1055 1268 1119 pullos
1294 1063 1342 1103 et
1367 1054 1488 1101 duos
1515 1070 1728 1117 capones
1751 1070 1859 1102 cum
1887 1053 1995 1102 aliis
2019 1053 2250 1102 oneribus
2277 1091 2287 1102 .
2317 1090 2328 1102 .
2357 1091 2368 1102 .
2394 1053 2636 1102 Volumus

601 1156 762 1197 autem
791 1149 922 1212 quod
958 1148 1076 1196 (11ἃί
1119 1185 1131 1197 .
1178 1184 1188 1195 .
1234 1183 1245 1195 .
1294 1153 1498 1195 teneant
1537 1182 1548 1193 .
1592 1182 1602 1193 .
1646 1184 1657 1195 .
1699 1145 1953 1194 dimidiam
1988 1151 2180 1209 partem
2216 1145 2332 1193 dieti
2366 1144 2638 1194 molendini

642 1276 653 1287 .
679 1277 688 1287 .
723 1240 775 1287 in
799 1240 998 1287 modum
1023 1239 1107 1303 qui
1132 1238 1348 1303 sequitur
1365 1266 1376 1277 ·
1396 1237 1626 1286 videlicet
1646 1268 1656 1278 ·
1677 1237 1810 1302 quod
1831 1236 2072 1285 husbandi
2097 1236 2303 1285 dominii
2322 1237 2385 1285 de
2404 1236 2638 1286 Tulloich

600 1332 927 1381 inhabitantes
961 1332 1151 1381 soluant
1187 1331 1470 1380 molendino
1494 1329 1716 1395 predi&o
1751 1328 2187 1378 decimumsextum
2211 1345 2296 1377 vas
2322 1328 2481 1377 omnis
2503 1328 2637 1378 bladi

597 1433 645 1473 et
670 1425 949 1488 quicunque
973 1423 1211 1472 husbandi
1231 1423 1468 1472 recedant
1492 1423 1552 1470 de
1578 1420 1795 1470 dominio
1821 1420 1905 1469 1110
1947 1457 1958 1469 .
2001 1457 2012 1468 .
2058 1457 2070 1469 .
2112 1420 2174 1469 (10
2210 1420 2344 1468 0111111
2377 1420 2525 1470 blado
2549 1437 2639 1486 per

597 1516 788 1565 eosdem
832 1516 1033 1565 vendito
1081 1513 1581 1579 decimumseptimum
1624 1530 1710 1562 vas
1751 1512 1885 1561 bladi
1925 1512 2113 1561 dabunt
2151 1512 2448 1561 molendinis
2488 1520 2537 1561 et
2576 1513 2638 1561 de

597 1607 730 1655 omni
753 1607 901 1656 blado
927 1607 1125 1656 vendito
1149 1624 1239 1672 per
1263 1623 1605 1671 quemcunque
1629 1605 1762 1654 infra
1784 1605 1973 1654 bondas
1991 1613 2040 1654 et
2056 1613 2212 1655 metas
2231 1605 2351 1655 dieti
2368 1606 2639 1655 molendini

600 1679 1015 1748 dabunt'tantum
1063 1727 1073 1737 ·
1120 1707 1169 1747 01
1212 1698 1452 1747 husbandi
1499 1699 1561 1747 de
1608 1697 1953 1763 Dunnychtyn
2001 1714 2060 1746 ex
2104 1704 2244 1762 parte
2290 1697 2468 1747 boriali
2513 1716 2639 1763 aque

597 1791 874 1840 habitantes
911 1792 1097 1840 dabunt
1133 1790 1590 1840 decimumtercium
1627 1807 1712 1838 vas
1737 1797 1786 1838 et
1809 1790 2100 1839 recedentes
2125 1790 2186 1838 de
2211 1790 2384 1838 eodem
2418 1789 2637 1839 dominio

596 1883 1094 1947 decimumseptimum
1121 1899 1204 1931 vas
1230 1889 1279 1931 et
1303 1883 1363 1930 de
1386 1882 1533 1930 blado
1560 1881 1761 1930 vendito
1797 1888 1988 1929 tantum
2028 1909 2038 1920 ·
2079 1880 2267 1929 dabunt
2291 1880 2448 1929 eciam
2473 1879 2639 1930 vicefi-
2719 1872 2723 1876 ’

598 1992 879 2022 mumvnum
921 1992 1003 2023 vas
1040 1975 1100 2022 de
1136 1974 1269 2021 omni
1306 1974 1452 2022 blado
1492 1973 1795 2022 decimarum
1830 1971 2107 2037 garbalium
2151 1973 2365 2021 eiusdem
2398 1972 2639 2021 dominii·

599 2074 648 2114 et
672 2067 732 2114 de
759 2066 891 2113 omni
917 2066 1063 2114 blado
1089 2066 1221 2130 quod
1244 2065 1483 2114 husbandi
1509 2083 1569 2114 ex
1592 2064 1768 2113 boriali
1791 2073 1933 2129 parte
1969 2081 2095 2129 aque
2131 2065 2193 2113 de
2230 2063 2484 2130 Ovyngny
2509 2065 2640 2113 infra

601 2158 870 2206 dominium
913 2158 973 2206 de
1015 2157 1362 2223 Dunnychtyn
1404 2158 1467 2205 ad
1508 2157 1689 2206 (11810111
1735 2157 2072 2205 molendinum
2119 2156 2305 2205 molent
2349 2158 2536 2207 dabunt
2579 2158 2639 2205 de

600 2250 816 2314 qualibet
875 2249 1041 2298 celdra
1099 2267 1244 2297 vnam
1298 2249 1510 2298 firlotam
1564 2251 1628 2298 ad
1681 2249 1727 2297 le
1778 2249 2035 2313 knafschip
2091 2257 2139 2297 et
2192 2248 2343 2297 iidem
2402 2248 2639 2297 husbandi

601 2342 787 2389 dabunt
827 2341 1197 2389 molendinariis
1239 2341 1300 2388 de
1343 2341 1561 2404 quolibet
1599 2350 1764 2391 aratro
1803 2341 2055 2389 dimidiam
2090 2341 2272 2389 bollam
2314 2348 2363 2390 01
2406 2357 2553 2390 vnum
2595 2341 2639 2389 le

601 2431 696 2495 pek
740 2432 867 2479 ordii
903 2461 914 2472 -
951 2440 999 2480 et
1031 2449 1200 2479 omnes
1240 2431 1480 2481 husbandi
1517 2441 1777 2498 vtrumque
1815 2432 2087 2481 dominium
2126 2432 2454 2482 inhabitantes
2496 2441 2640 2482 erunt

603 2524 806 2588 obligati
842 2525 904 2573 ad
937 2525 1273 2573 molendinum
1309 2526 1582 2589 prediffum
1605 2526 1677 2575 ita
1708 2525 1841 2589 quod
1864 2541 1964 2572 non
1989 2524 2158 2573 licebit
2182 2524 2270 2573 eiis
2291 2524 2439 2573 blada
2463 2526 2546 2573 sua
2577 2526 2639 2573 ad

602 2632 892 2678 quecunque
930 2615 1026 2663 alia
1063 2615 1346 2664 molendina
1387 2616 1486 2665 11110
1534 2616 1769 2665 consensu
1817 2624 1866 2665 et
1911 2616 2125 2666 licencia
2169 2616 2640 2665 molendinariorum

604 2706 796 2755 deferre
822 2736 832 2745 ·
859 2713 907 2754 01
931 2706 963 2753 11
988 2706 1038 2753 111
1065 2707 1368 2755 contrarium
1393 2707 1603 2756 fecerint
1633 2708 1824 2757 soluent
1858 2708 2125 2756 multuram
2153 2708 2370 2757 debitam
2404 2708 2641 2757 molendi-

605 2798 757 2847 nariis
782 2825 792 2836 ·
819 2806 868 2846 et
902 2797 1050 2845 iidem
1087 2797 1345 2846 husbandii
1389 2800 1735 2863 exspectabunt
1775 2799 2114 2848 molendinum
2153 2817 2263 2848 cum
2305 2799 2452 2848 blado
2493 2800 2578 2848 suo
2612 2817 2641 2851 a
2675 2818 2678 2821 ·

605 2888 725 2937 festo
766 2888 999 2938 Omnium
1045 2887 1335 2938 Sanetorum
1374 2891 1627 2939 annuatim
1666 2893 1814 2956 vsque
1852 2893 1916 2941 ad
1951 2891 2128 2940 festum
2169 2891 2343 2940 8011ἃο
2377 2891 2554 2941 Crucis
2592 2900 2640 2940 et

605 2997 693 3043 per
726 2979 1007 3044 quindecim
1033 2980 1135 3028 dies
1159 2980 1266 3044 post
1289 2981 1419 3029 idem
1443 2982 1616 3029 festum
1651 3014 1661 3023 ·
1691 2992 1738 3032 et
1764 2984 1797 3032 fi
1823 2992 1941 3034 10110
1964 3002 2066 3033 non
2090 2985 2374 3033 inuenerint
2402 2985 2640 3034 sufficiens

604 3072 860 3120 seruicium
885 3072 1231 3120 molendinarii
1255 3073 1509 3123 inuenient
1534 3074 1617 3122 fibi
1641 3075 1927 3124 molendina
1950 3076 2048 3124 alia
2071 3077 2136 3125 ad
2158 3076 2441 3125 molendum
2466 3094 2639 3125 eorun-

602 3164 715 3212 dem
739 3163 885 3212 blada
909 3164 1151 3228 capiendo
1178 3164 1442 3214 multuram
1467 3166 1679 3214 debitam
1715 3195 1725 3205 ·
1753 3166 1997 3216 Volumus
2017 3167 2220 3216 vlterius
2241 3168 2374 3231 quod
2397 3167 2513 3216 (11ἃί
2544 3206 2553 3215 .
2586 3206 2594 3215 .
2630 3207 2640 3215 .
