2762 3834
433 1943 493 1992 19

532 453 537 457 .
558 412 620 462 16
1008 404 1436 460 REGISTRUM
1470 403 1569 453 DE
1605 399 2175 452 ABERBROTHOCE

555 544 828 612 prouentus
853 545 981 594 dicte
1007 543 1193 592 vicarie
1218 540 1362 589 dictis
1388 536 1555 587 abbati
1580 544 1630 585 et
1656 535 1927 584 conventui
1953 536 2513 586 offerreadannumet
2535 537 2627 602 ipfi

554 646 830 688 renuerunt
871 636 1135 686 'admittere
1175 632 1427 696 michique
1465 628 1753 679 satisfacere
1789 628 1853 677 de
1890 628 2070 693 viginti
2105 636 2319 693 quatuor
2354 630 2536 679 marcis
2576 642 2628 679 vt

554 730 860 796 premittitur
898 745 1000 777 non
1039 727 1216 775 liceret
1257 723 1437 772 eisdem
1480 721 1648 772 abbati
1685 728 1736 770 et
1771 721 2043 771 conventui
2083 722 2384 787 compellere
2419 731 2499 772 me
2534 740 2627 789 pro

553 824 638 872 illo
663 831 795 872 anno
820 822 884 870 ad
907 820 1197 868 soluendum
1222 816 1336 882 ipfis
1360 815 1648 881 pensionem
1673 815 1949 880 predictam
1977 843 1988 854 ·
2016 814 2168 864 Vnde
2193 815 2307 864 volo
2333 819 2383 865 et
2407 816 2628 882 expreffe

553 915 804 964 consentio
849 913 982 978 quod
1028 911 1081 960 in
1130 910 1244 959 casu
1291 926 1390 974 quo
1439 908 1558 958 dieti
1606 909 1758 958 abbas
1806 917 1856 958 et
1905 918 2184 959 conuentus
2231 910 2392 959 dictos
2439 910 2629 960 fru8tus

552 1015 600 1057 et
622 1014 895 1072 prouentus
921 1004 1106 1053 vicarie
1127 1020 1237 1052 mee
1262 1002 1315 1050 in
1339 1002 1570 1051 manibus
1593 1002 1691 1051 suis
1717 1010 1769 1052 vt
1793 1001 2076 1066 premissum
2112 1002 2183 1051 est
2217 1003 2502 1052 habuerunt
2536 1021 2629 1069 pro

551 1100 742 1149 minore
767 1103 991 1164 tempore
1016 1113 1165 1162 quam
1190 1113 1282 1161 pro
1309 1112 1407 1145 vno
1434 1112 1568 1144 anno
1593 1095 1793 1161 integro
1830 1096 2027 1145 eosdem
2063 1097 2253 1146 fructus
2279 1104 2330 1145 et
2352 1105 2629 1162 prouentus

551 1211 649 1242 non
684 1193 937 1241 habebunt
973 1217 983 1228 ·
1019 1191 1081 1240 In
1118 1207 1330 1255 quorum
1370 1227 1381 1239 .
1421 1227 1433 1238 .
1473 1227 1486 1239 .
1523 1190 1862 1240 testimonium
1888 1190 2102 1257 sigillum
2126 1208 2293 1240 meum
2317 1192 2628 1256 presentibus

549 1286 729 1337 litteris
765 1285 835 1334 est
871 1284 1139 1349 appensum
1176 1291 1226 1334 et
1262 1283 1326 1332 ad
1364 1283 1607 1334 maiorem
1643 1284 1791 1333 huius
1829 1285 1906 1334 rei
1939 1285 2247 1334 euidentiam
2271 1283 2483 1351 sigillum
2509 1285 2628 1335 dieti

550 1379 745 1429 domini*
778 1378 994 1444 episcopi
1038 1377 1261 1427 similiter
1302 1378 1488 1443 apponi
1528 1379 1800 1444 procuraui
1851 1409 1861 1419 ·
1910 1378 2102 1429 Datum
2142 1380 2194 1429 in
2232 1378 2439 1430 ecclefia
2482 1379 2627 1430 Beati

550 1473 800 1539 Nycholai
823 1472 1050 1538 prediaa
1075 1488 1208 1521 anno
1235 1479 1285 1521 et
1309 1472 1391 1521 die
1415 1471 1726 1538 supradictis.

545 1734 786 1807 Cowbak
824 1783 833 1792 -
872 1755 1079 1822 Kynkel
1118 1783 1129 1793 ·
1168 1755 1452 1805 Neulandis
1491 1783 1502 1795 ·
1541 1757 1795 1806 affedatio.

549 1919 737 1991 Anno
773 1939 933 2005 gratie
981 1945 1049 1989 m⁰
1096 1946 1202 1989 ccc⁰
1249 1938 1303 1988 xl
1347 1940 1565 1989 secundo
1617 1939 1896 2004 penultimo
1953 1939 2034 1988 die
2092 1940 2273 1988 menfis
2327 1939 2625 1990 Decembris

546 2032 677 2098 apud
702 2033 1039 2083 Abirbrothoc
1075 2033 1170 2082 hec
1207 2033 1476 2082 conuentio
1512 2032 1643 2082 facta
1678 2032 1750 2081 est
1786 2032 1920 2082 inter
1968 2071 1979 2082 .
2029 2071 2041 2082 .
2090 2070 2101 2082 .
2150 2033 2440 2083 Galfridum
2490 2072 2501 2083 .
2549 2072 2560 2083 .
2613 2072 2625 2082 .

545 2128 772 2176 abbatem
823 2166 833 2176 .
886 2165 896 2176 .
949 2165 959 2175 .
1011 2128 1073 2176 de
1122 2125 1467 2176 Abirbrothoc
1515 2133 1565 2175 et
1613 2126 1831 2175 eiusdem
1886 2126 1985 2176 loci
2038 2135 2343 2176 conuentum
2393 2166 2404 2176 .
2452 2165 2464 2176 .
2514 2166 2527 2177 .
2576 2136 2626 2178 et

547 2220 593 2269 T
596 2220 879 2270 homamde
906 2219 1240 2286 Strathawyn'
1263 2257 1274 2267 .
1320 2258 1330 2269 .
1380 2257 1390 2268 .
1429 2219 1667 2269 videlicet
1702 2250 1713 2260 ·
1750 2220 1903 2279 Quod
1934 2220 2067 2269 idem
2091 2221 2244 2270 abbas
2270 2229 2320 2270 et
2345 2230 2624 2271 conuentus

549 2352 558 2361 .
611 2351 621 2362 .
672 2351 683 2363 .
734 2315 797 2363 ad
830 2314 1023 2363 firmam
1054 2314 1347 2364 dimiserunt
1378 2313 1541 2363 eidem
1568 2313 1766 2363 Thome
1792 2314 1937 2363 villas
1968 2314 2078 2364 suas
2113 2315 2167 2363 in
2202 2314 2256 2381 ly
2282 2314 2492 2381 Mernys
2516 2317 2624 2365 sub-

547 2406 751 2471 scriptas
774 2407 962 2456 scilicet
992 2436 1003 2447 ·
1035 2408 1096 2456 de
1122 2407 1329 2456 Kulbak
1362 2435 1373 2446 ·
1406 2408 1469 2457 de
1491 2407 1699 2473 Kynkel
1731 2437 1742 2447 ·
1776 2408 1838 2457 de
1861 2407 2144 2458 Neulandis
2176 2436 2187 2448 ·
2217 2409 2280 2458 de
2305 2408 2581 2459 Fasdafach
2611 2440 2623 2450 ·

550 2500 609 2548 de
629 2499 1004 2567 Glenferkeryn
1029 2531 1040 2541 ·
1067 2502 1129 2550 de
1150 2501 1494 2568 Tuberthatys
1520 2532 1530 2542 ·
1559 2509 1608 2551 et
1632 2501 1695 2550 de
1717 2500 1899 2567 Blarys
1933 2539 1945 2550 .
1981 2538 1992 2549 .
2027 2539 2038 2550 .
2074 2502 2138 2550 ad
2162 2502 2428 2551 terminum
2450 2503 2623 2552 decem

552 2608 794 2640 annorum
832 2610 862 2641 a
898 2592 1019 2642 festo
1057 2594 1411 2644 Pentechostes
1451 2612 1584 2644 anno
1614 2594 1777 2661 gratie
1812 2601 1882 2643 m⁰
1918 2601 2023 2644 ccc⁰
2059 2595 2186 2643 xliii⁰
2210 2623 2221 2634 ·
2255 2596 2402 2645 saluis
2442 2596 2622 2646 eisdem

553 2683 790 2749 religiofis
826 2685 1045 2734 dominio
1082 2695 1132 2737 et
1166 2688 1430 2754 regalitate
1465 2688 1519 2737 in
1556 2688 1739 2737 eisdem
1778 2725 1789 2737 .
1829 2726 1841 2738 .
1882 2726 1893 2737 .
1932 2688 2000 2738 Et
2035 2689 2171 2738 idem
2208 2689 2431 2738 Thomas
2467 2690 2625 2739 soluet

553 2776 734 2824 eisdem
775 2777 1013 2842 religiosis
1051 2796 1142 2844 pro
1180 2781 1324 2830 firma
1363 2782 1607 2831 di&arum
1643 2781 1877 2831 villarum
1919 2782 2082 2847 primo
2125 2796 2257 2831 anno
2289 2783 2625 2848 quadraginta

552 2869 729 2917 solidos
750 2869 1098 2936 sterlingorum
1124 2901 1135 2912 ·
1161 2874 1376 2923 secundo
1403 2892 1534 2924 anno
1559 2875 1816 2941 sexaginta
1838 2874 2019 2924 solidos
2044 2904 2054 2915 ·
2081 2875 2230 2924 tertio
2256 2893 2388 2925 anno
2410 2884 2624 2941 quatuor

552 2962 703 3011 libras
738 2990 749 3000 ·
784 2970 960 3026 quarto
986 2981 1116 3012 anno
1142 2966 1362 3031 quinque
1390 2968 1545 3017 libras
1581 2998 1592 3008 ·
1625 2968 1800 3034 quinto
1825 2985 1959 3018 anno
1983 2970 2065 3017 sex
2088 2969 2242 3019 libras
2280 2997 2291 3006 ·
2330 2969 2464 3019 sexto
2490 2987 2629 3019 anno*-

551 3057 736 3121 septem
759 3055 911 3104 libras
937 3085 947 3095 ·
973 3057 1178 3122 septimo
1199 3077 1329 3109 anno
1355 3063 1463 3109 octo
1486 3062 1641 3111 libras
1667 3090 1677 3101 ·
1705 3064 1880 3110 ofitauo
1903 3078 2036 3110 anno
2059 3078 2242 3110 nouem
2266 3062 2420 3111 libras
2450 3091 2462 3102 ·
2488 3062 2624 3111 nono

553 3165 683 3196 anno
709 3148 882 3196 decem
911 3148 1063 3197 libras
1100 3178 1110 3188 ·
1148 3151 1341 3201 decimo
1367 3171 1498 3202 anno
1523 3154 1756 3203 vndecim
1779 3154 1934 3203 libras
1958 3153 2310 3219 sterlingorum
2341 3154 2622 3219 proportio-

551 3240 733 3289 naliter
758 3240 822 3288 atl
857 3240 982 3289 festa
1008 3240 1326 3293 Pentecostes
1356 3253 1406 3294 et
1440 3246 1606 3296 Sancti
1643 3246 1856 3296 Martini
1890 3247 1942 3295 in
1977 3264 2124 3312 yeme
2164 3275 2176 3286 ·
2213 3246 2428 3297 termino
2462 3246 2626 3312 prime
