2762 3834
399 2141 489 2186 138

545 357 640 402 120
988 344 1416 401 REGISTRUM
1450 343 1548 394 DE
1584 338 2146 392 ABERBROTHOC.

544 485 643 535 fato
685 484 863 535 rentali
908 482 1005 533 siue
1047 481 1254 547 registro
1293 476 1451 529 teneri
1494 476 1555 524 de
1598 473 1728 523 dieto
1770 471 2069 522 monasterio
2106 511 2116 522 .
2161 512 2170 522 .
2211 511 2220 523 .
2258 473 2459 524 fuerunt
2498 513 2506 523 .
2539 514 2548 523 .
2584 514 2594 524 .

544 576 810 643 exprefl'ate
847 605 857 617 ·
891 574 1118 626 l'redicte
1154 588 1271 622 vero
1309 570 1500 636 priores
1538 573 1752 631 quatuor
1775 565 2018 630 perticate
2050 565 2283 632 contigue
2309 566 2593 616 adiacentes

544 668 816 733 conscripto
842 668 1040 715 fuerunt
1064 664 1149 712 sub
1173 663 1265 711 hac
1291 662 1449 709 forma
1473 687 1482 698 ·
1509 658 1757 707 Robertus
1783 656 1948 706 Barde
1973 657 2070 706 due
2101 658 2345 723 perticate
2370 688 2380 699 ·
2407 659 2594 709 Willel-

544 776 648 810 mus
676 758 858 822 Yhung
883 757 977 805 due
1002 754 1241 820 perticate
1268 781 1277 792 ·
1305 752 1365 800 de
1390 748 1687 799 monasterio
1714 749 1775 797 de
1802 747 2176 800 Abbirbrothoc
2200 758 2350 815 prout
2374 751 2595 817 superius

543 849 822 899 continetur
858 876 867 888 ·
911 845 1245 910 Quasquidem
1286 842 1367 892 sex
1407 841 1676 907 perticatas
1716 846 1847 889 terre
1889 857 2000 890 cum
2039 839 2137 890 suis
2178 842 2356 891 bondis
2394 879 2405 891 .
2436 879 2447 891 .
2488 880 2499 892 .
2542 843 2594 892 in

542 942 670 990 dieto
714 938 890 988 rentali
934 936 1179 986 contentis
1220 972 1231 984 .
1274 972 1284 984 .
1329 971 1339 984 .
1378 935 1526 983 abbas
1569 926 1605 983 a
1635 951 1714 983 me
1753 971 1764 984 .
1804 971 1816 984 .
1857 971 1868 983 .
1907 934 1992 984 sub
2028 934 2356 986 instrumento
2393 935 2594 1001 publico

542 1029 889 1096 exemplificari
915 1036 963 1078 et
989 1045 1098 1077 cum
1137 1026 1379 1076 instancia
1409 1026 1562 1091 peciit
1599 1026 1788 1092 copiari
1815 1055 1825 1066 ·
1852 1026 1982 1076 Acta
2017 1027 2219 1077 fuerunt
2248 1027 2341 1077 hec
2378 1028 2428 1076 in
2465 1028 2595 1078 (116ὶο

542 1126 695 1188 burgo
722 1123 781 1170 (10
807 1119 1073 1185 Linlithqw
1115 1156 1125 1167 .
1166 1155 1177 1167 .
1217 1154 1229 1168 .
1265 1117 1573 1183 presentibus
1613 1155 1623 1167 .
1663 1155 1674 1167 .
1714 1155 1725 1168 .
1764 1118 1999 1184 magistro
2022 1118 2215 1169 Jacobo
2250 1118 2408 1186 Bridy
2433 1121 2595 1170 bacal-

542 1217 662 1266 lurio
688 1215 735 1263 in
764 1213 977 1263 decretis
1000 1211 1187 1262 vicario
1213 1212 1274 1261 (10
1302 1211 1512 1278 Kynnef
1531 1228 1589 1260 00
1614 1210 1813 1276 publico
1839 1211 2034 1260 notario
2074 1249 2084 1260 .
2125 1248 2137 1261 .
2177 1249 2188 1261 .
2217 1210 2507 1261 Alexandro
2533 1214 2595 1262 de

541 1308 883 1373 Vchtirlowny
933 1306 1034 1355 filio
1083 1314 1132 1355 et
1179 1305 1362 1354 herede
1412 1311 1685 1370 apparente
1731 1302 1974 1353 Willelmi
2019 1304 2080 1353 de
2122 1303 2488 1371 chtirlowny
2534 1306 2596 1354 de

539 1402 709 1450 eodem
735 1428 744 1439 ·
769 1398 988 1449 Patricio
1014 1398 1074 1447 (10
1097 1396 1292 1447 Gardin
1318 1397 1380 1446 de
1406 1396 1578 1445 eodem
1599 1421 1610 1434 ·
1630 1393 1859 1445 Henrico
1885 1396 1947 1446 de
1968 1395 2182 1463 Ramsay
2205 1397 2266 1446 de
2287 1396 2566 1447 Newtibbir
2587 1426 2596 1436 ·

539 1493 790 1543 Willelmo
826 1491 887 1541 de
915 1491 1151 1556 Baldowy
1179 1518 1188 1529 ·
1216 1488 1473 1554 armigeris
1497 1516 1506 1527 ·
1531 1488 1732 1538 domino
1757 1488 1928 1538 Dauid
1954 1488 2146 1539 Ellame
2183 1498 2355 1540 curato
2391 1489 2594 1540 ecclesie

537 1587 597 1634 de
623 1583 891 1648 Linlithqw
918 1609 928 1621 ·
953 1582 1161 1631 Andrea
1197 1581 1379 1631 Brown
1417 1609 1427 1621 ·
1463 1580 1696 1631 Johanne
1736 1580 1995 1647 Chepman
2028 1609 2038 1621 ·
2077 1590 2127 1632 et
2153 1581 2350 1631 Thema
2374 1582 2555 1633 Brown
2583 1613 2593 1623 ·

539 1694 647 1726 oum
674 1675 838 1725 multis
861 1674 969 1724 aliis
997 1712 1006 1723 .
1037 1713 1047 1723 .
1076 1712 1087 1723 .
1114 1674 1333 1724 Jacobus
1358 1674 1419 1723 de
1444 1672 1615 1723 Foulis
1642 1710 1653 1723 .
1683 1710 1694 1724 .
1724 1710 1734 1722 .
1761 1673 2016 1723 notarius,
2044 1713 2052 1723 .
2081 1710 2093 1723 .

539 1927 888 2000 Confirmncio
915 1954 1048 1997 carte
1074 1946 1345 1996 molendini
1371 1947 1432 1996 de
1461 1945 1716 1997 Conweth‚

543 2109 674 2182 11οο
712 2130 976 2179 indentura
1011 2129 1139 2178 faeta
1173 2129 1304 2194 apud
1341 2128 1678 2178 Abirbrothoc
1715 2128 1908 2178 decimo
1943 2129 2148 2195 septimo
2187 2130 2268 2179 die
2303 2130 2481 2179 menfis
2507 2129 2594 2179 Ja-

542 2222 701 2272 nuurii
738 2240 867 2272 anno
893 2221 1097 2270 Domini
1136 2220 1392 2270 millesimo
1435 2220 1919 2286 quadringentesimo
1955 2220 2250 2288 sexagesimo
2276 2221 2436 2287 primo
2462 2222 2593 2271 inter

544 2352 555 2364 .
596 2353 604 2363 .
645 2352 656 2364 .
693 2314 991 2364 Mulcomum
1031 2350 1043 2362 .
1083 2351 1093 2362 .
1133 2350 1145 2363 .
1182 2313 1408 2364 abbatem
1444 2350 1455 2363 .
1496 2350 1507 2363 .
1553 2350 1566 2363 .
1596 2314 1658 2363 de
1685 2312 2024 2364 Abirbrothoc
2050 2322 2099 2365 et
2138 2351 2148 2363 .
2190 2352 2201 2364 .
2242 2351 2253 2364 .
2291 2322 2592 2364 conuentum

543 2426 602 2456 ex
638 2424 732 2455 vna
766 2414 814 2455 et
852 2443 863 2454 .
903 2442 913 2454 .
955 2442 965 2454 .
1002 2405 1246 2455 Jacobum
1288 2405 1537 2455 Wisehart
1575 2406 1637 2455 de
1677 2406 1880 2456 Pettaro
1919 2406 2143 2473 partibus
2182 2423 2242 2456 ex
2279 2406 2438 2457 altera
2476 2443 2486 2455 .
2529 2444 2539 2455 .
2580 2442 2591 2454 .

545 2498 747 2547 testatur
773 2498 903 2561 quod
929 2496 1042 2545 (1ἰὸὶὶ
1069 2497 1217 2546 abbas
1242 2505 1291 2546 et
1315 2505 1589 2547 conuentus
1617 2536 1627 2548 .
1657 2536 1667 2548 .
1697 2536 1707 2548 .
1735 2498 2014 2549 affedarunt
2039 2537 2049 2549 .
2078 2537 2089 2549 .
2116 2536 2127 2548 .
2154 2499 2375 2565 predi&o
2400 2499 2593 2548 Jacobo

544 2598 592 2637 et
619 2588 880 2637 heredibus
905 2587 997 2636 suis
1022 2587 1356 2636 molendinum
1385 2588 1517 2638 suum
1546 2590 1606 2638 de
1631 2590 1863 2640 Conueth
1904 2627 1916 2639 .
1960 2627 1971 2639 .
2014 2628 2025 2640 .
2063 2591 2114 2639 in
2140 2591 2349 2640 baronia
2373 2591 2434 2640 de
2463 2590 2592 2641 Con-

545 2679 660 2729 ueth
702 2678 832 2727 infra
874 2678 1268 2727 vicecomitatum
1313 2679 1374 2728 (10
1413 2679 1621 2747 Mernys
1650 2709 1661 2722 ·
1690 2682 1988 2733 Tenendum
2023 2719 2034 2731 .
2081 2720 2092 2731 .
2135 2719 2147 2732 .
2184 2682 2548 2748 imperpetuum
2580 2711 2591 2726 ο

547 2770 817 2821 Reddendo
855 2807 866 2818 .
912 2806 922 2818 .
968 2805 980 2817 .
1019 2768 1099 2818 sex
1135 2769 1286 2819 libras
1318 2772 1577 2822 tresdecim
1614 2773 1791 2823 solidos
1827 2782 1876 2823 et
1914 2781 2127 2839 quatuor
2160 2774 2391 2824 denarios
2417 2774 2593 2823 vsualis

544 2873 740 2914 monete
766 2865 906 2928 regni
936 2861 1107 2911 Scocie
1133 2862 1195 2910 ad
1220 2862 1342 2911 duos
1366 2864 1481 2912 anni
1509 2865 1746 2915 terminos
1772 2866 1960 2916 vsuales
1996 2901 2007 2914 .
2045 2904 2056 2916 .
2097 2903 2107 2916 .
2143 2866 2368 2917 Prefatas
2393 2866 2592 2931 quidem

546 2958 625 3006 sex
650 2955 800 3004 libras
833 2952 1090 3003 tresdecim
1126 2952 1303 3001 solidos
1334 2960 1384 3003 et
1416 2962 1626 3019 quatuor
1662 2957 1893 3007 denarios
1927 2958 2166 3008 leuandus
2209 2995 2221 3008 .
2267 2994 2278 3007 .
2321 2994 2332 3007 .
2373 2958 2435 3007 de
2460 2957 2592 3007 did‘to

544 3045 829 3097 molendino
854 3045 915 3094 de
943 3042 1171 3095 Conueth
1208 3079 1219 3092 .
1259 3079 1270 3092 .
1313 3080 1325 3092 .
1363 3051 1412 3093 et
1436 3045 1496 3093 de
1522 3046 1667 3095 terris
1699 3048 1760 3096 (10
1786 3048 2010 3099 Redhale
2043 3058 2093 3100 et
2117 3048 2507 3116 Pettyngartnar
2530 3049 2591 3097 de

547 3177 558 3188 .
588 3176 598 3188 .
628 3175 639 3189 .
666 3137 840 3188 abbate
879 3173 890 3186 .
931 3172 942 3185 .
982 3171 993 3186 .
1030 3133 1179 3184 tentis
1214 3132 1266 3183 in
1303 3134 1463 3200 capite
1501 3172 1513 3185 .
1553 3172 1564 3186 .
1603 3173 1615 3187 .
1653 3136 1718 3187 Et
1747 3138 1863 3205 quia
1898 3140 2144 3206 prefatum
2180 3138 2517 3190 molendinum
2543 3148 2592 3189 et
