2762 3834
410 775 473 824 66

420 2430 479 2482 67

520 367 582 416 62
970 359 1396 414 REGISTRUM
1430 358 1528 408 DE
1563 353 2122 406 ABERBROTHOC.

523 568 807 640 Affedacio
831 594 1076 636 terrarum
1101 586 1162 633 de
1188 581 1482 648 Kyngysgy.

525 754 800 827 Uniuerfis
823 771 991 830 pateat
1024 801 1035 811 .
1076 800 1086 811 .
1125 800 1136 810 .
1170 778 1259 809 nos
1284 758 1546 808 Valterum
1579 794 1591 807 .
1632 794 1643 805 .
1684 795 1695 805 .
1730 758 1959 807 abbatem
1994 794 2005 806 .
2046 794 2056 806 .
2097 795 2109 806 .
2147 758 2209 806 de
2235 758 2574 808 Abirbrothoc

572 904 583 913 .
619 902 629 912 .
665 862 729 911 ad
762 860 952 907 firmam
978 853 1201 903 dimififfe
1236 889 1247 900 .
1287 889 1297 899 .
1339 889 1350 899 .
1386 849 1645 914 capellano
1670 848 1838 897 nostro
1864 848 2064 897 domino
2088 848 2282 898 Jacobo
2308 848 2426 898 Scot
2459 886 2471 897 .
2511 887 2521 898 .
2562 886 2573 897 .

521 967 678 1006 terras
716 989 727 1000 .
767 988 779 999 .
819 988 829 998 .
868 949 929 996 de
965 943 1242 1011 Kyngysgy
1268 960 1379 992 cum
1417 940 1622 990 decimis
1660 978 1671 988 .
1713 978 1723 988 .
1763 978 1775 989 .
1812 957 1904 1005 pro
1941 947 2046 989 toto
2082 948 2307 1005 tempore
2332 941 2432 989 vite
2456 941 2538 988 sue
2564 969 2574 979 ·

521 1043 795 1096 Reddendo
833 1078 844 1088 .
884 1077 895 1087 .
935 1076 945 1087 .
982 1054 1073 1102 pro
1107 1036 1249 1083 firma
1286 1045 1334 1084 et
1371 1033 1576 1082 decimis
1615 1067 1625 1078 .
1667 1070 1677 1081 .
1718 1070 1728 1081 .
1766 1040 2014 1082 terrarum
2041 1032 2375 1098 quadraginta
2397 1033 2577 1081 solidos

520 1137 696 1187 vsualis
729 1140 925 1182 monete
964 1130 1028 1178 ad
1063 1129 1186 1176 duos
1223 1127 1340 1175 anni
1378 1125 1619 1175 terminos
1658 1163 1668 1173 .
1709 1162 1719 1173 .
1760 1162 1771 1173 .
1810 1143 1924 1174 cum
1961 1132 2191 1191 rynmart
2229 1138 2279 1175 et
2314 1125 2493 1191 vethyr
2529 1133 2577 1174 et

521 1228 750 1278 oneribus
773 1220 1157 1272 husbandalibus
1183 1218 1361 1267 debitis
1381 1225 1430 1267 et
1451 1217 1695 1267 consuetis
1720 1245 1730 1254 ·
1756 1225 1805 1267 et
1825 1218 1959 1282 quod
1986 1255 1997 1266 .
2027 1255 2038 1266 .
2068 1255 2079 1266 .
2106 1217 2335 1266 dominus
2359 1216 2578 1266 Jacobus

523 1362 533 1370 .
562 1360 572 1369 .
602 1359 613 1369 .
639 1328 797 1369 terras
822 1331 916 1363 nec
939 1319 1132 1378 partem
1159 1311 1431 1360 earundem
1458 1310 1737 1375 cuicunque
1777 1349 1787 1359 .
1829 1348 1839 1359 .
1881 1348 1891 1359 .
1929 1311 1993 1359 ad
2016 1310 2211 1359 firmam
2237 1310 2454 1359 dimittet
2479 1308 2578 1358 fine

521 1414 687 1461 nostra
731 1407 944 1458 licencia
988 1403 1189 1469 speciali
1234 1440 1245 1451 .
1291 1440 1302 1450 .
1350 1440 1361 1450 .
1405 1402 1606 1451 cotariis
1651 1440 1662 1451 .
1704 1442 1714 1452 .
1755 1441 1765 1451 .
1807 1403 2026 1468 exceptis
2076 1431 2087 1442 ·
2138 1402 2205 1452 Et
2251 1401 2287 1450 fi
2327 1402 2579 1468 prediGmS

522 1505 555 1553 J
559 1505 739 1554 acobus
762 1501 816 1549 in
839 1498 1086 1547 solucione
1110 1496 1251 1544 firme
1274 1495 1354 1544 vel
1378 1495 1684 1544 decimarum
1721 1496 1893 1544 tardus
1928 1496 2081 1545 fuerit
2116 1503 2202 1544 aut
2236 1494 2365 1543 male
2398 1493 2576 1559 persol-

524 1613 644 1646 uens
670 1601 753 1644 aut
778 1592 920 1641 nobis
945 1590 1025 1639 vel
1055 1588 1235 1637 nostris
1270 1587 1554 1637 hominibus
1593 1626 1603 1636 .
1644 1626 1655 1636 .
1696 1625 1706 1636 .
1745 1587 2042 1653 dampnosus
2066 1587 2218 1637 fuerit
2242 1586 2413 1636 licebit
2436 1586 2580 1634 nobis

528 1729 537 1738 .
576 1728 586 1737 .
630 1727 640 1737 .
678 1689 739 1736 de
774 1683 1006 1751 predictis
1041 1682 1187 1731 terris
1213 1689 1261 1730 ct
1297 1679 1503 1728 decimis
1540 1679 1800 1744 disponere
1835 1697 1928 1745 pro
1962 1679 2105 1729 libito
2146 1717 2156 1728 .
2203 1717 2228 1739 ‚⁴
2260 1716 2270 1727 .
2312 1677 2580 1726 voluntatis

529 1820 539 1829 .
578 1819 589 1829 .
630 1818 641 1828 .
684 1779 744 1827 In
788 1779 926 1827 cuius
966 1776 1040 1824 rei
1082 1773 1413 1824 testimonium
1454 1771 1667 1838 figillum
1713 1810 1724 1820 .
1765 1810 1776 1820 .
1816 1810 1827 1821 .
1877 1772 2084 1837 capituli
2122 1810 2133 1820 .
2174 1810 2185 1820 .
2225 1809 2237 1820 .
2274 1770 2582 1836 presentibus

526 1872 731 1921 fecimus
756 1869 937 1935 apponi
975 1906 985 1917 .
1025 1906 1036 1917 .
1077 1906 1087 1916 .
1127 1870 1299 1915 octauo
1321 1866 1401 1915 die
1425 1863 1602 1913 mensis
1626 1864 1661 1913 J
1664 1864 1752 1913 ulii
1777 1881 1908 1913 anno
1933 1863 2141 1913 Domini
2166 1862 2423 1912 millesimo
2449 1868 2584 1911 cccc⁰

528 1962 771 2013 tricefimo
795 1961 968 2011 terci0.

531 2214 814 2285 Affedacio
834 2240 1079 2281 terrarum
1104 2231 1166 2279 de
1192 2230 1362 2296 Kepty
1385 2247 1477 2296 per
1501 2228 1767 2278 Valterum
1791 2228 1996 2278 Panter.

534 2406 810 2479 Uniuerfis
833 2434 1000 2491 pateat
1039 2463 1049 2473 .
1086 2463 1097 2474 .
1135 2463 1145 2474 .
1178 2442 1268 2473 nos
1292 2424 1572 2474 Walterum
1612 2462 1622 2473 .
1660 2462 1670 2473 .
1707 2462 1719 2473 .
1754 2425 1982 2472 abbatem
2019 2460 2029 2470 .
2066 2459 2076 2470 .
2113 2459 2125 2470 .
2160 2422 2222 2470 de
2248 2419 2586 2470 Abirbrothoc

539 2557 549 2566 .
584 2557 595 2567 .
632 2556 643 2567 .
682 2520 744 2567 ad
767 2520 958 2567 firmam
983 2517 1206 2566 dimisisse
1246 2555 1256 2565 .
1292 2554 1303 2565 .
1338 2554 1350 2565 .
1391 2517 1584 2566 Thome
1610 2518 1672 2566 de
1699 2517 1843 2583 Tyry
1869 2524 1918 2566 et
1942 2515 2194 2565 Duncano
2219 2515 2450 2563 Lorimar
2473 2515 2586 2562 bur·

536 2611 763 2675 gensibus
802 2648 811 2658 .
852 2648 862 2658 .
904 2648 914 2658 .
952 2611 1013 2658 de
1038 2609 1378 2658 Abirbrothoc
1416 2647 1427 2657 .
1464 2647 1474 2657 .
1511 2647 1521 2657 .
1555 2616 1714 2658 terras
1748 2647 1758 2658 .
1794 2647 1805 2657 .
1847 2647 1857 2658 .
1895 2609 1957 2657 de
1994 2607 2166 2673 Kepty
2203 2646 2213 2656 .
2255 2645 2266 2655 .
2306 2644 2318 2655 .
2355 2624 2454 2655 vna
2478 2622 2589 2654 cum

540 2701 743 2750 decimis
782 2738 792 2748 .
833 2738 844 2749 .
884 2738 895 2749 .
931 2717 1022 2764 pro
1065 2700 1277 2748 termino
1320 2701 1490 2749 decem
1533 2719 1776 2750 annorum
1825 2728 1836 2740 ·
1887 2701 2166 2750 Reddendo
2206 2737 2216 2748 .
2257 2737 2267 2747 .
2308 2737 2319 2748 .
2356 2698 2590 2763 magistro

542 2792 789 2842 communi
825 2829 836 2839 .
875 2830 885 2841 .
927 2828 938 2839 .
963 2808 1144 2839 nouem
1165 2791 1317 2840 libras
1340 2791 1423 2840 sex
1446 2792 1625 2841 solidos
1652 2802 1701 2842 et
1726 2796 1833 2842 οᾶο
1858 2793 2091 2842 denarios
2115 2792 2180 2844 ad
2205 2792 2328 2840 duos
2353 2790 2470 2839 anni
2496 2798 2590 2838 ter-

542 2885 701 2933 minos
740 2920 751 2931 .
791 2919 801 2930 .
843 2920 853 2930 .
887 2899 999 2930 cum
1035 2882 1266 2930 oneribus
1292 2883 1469 2931 debitis
1495 2892 1544 2933 et
1569 2886 1812 2935 consuetis
1837 2885 2072 2934 videlicet
2097 2886 2161 2934 ad
2185 2884 2465 2933 ductionem
2490 2882 2593 2931 feni

545 2985 594 3026 et
622 2976 878 3042 glebarum
909 2974 1111 3022 venient
1145 2974 1264 3023 ficut
1296 2975 1448 3023 ceteri
1483 2975 1723 3024 husbandi
1757 3013 1769 3024 .
1808 3013 1820 3024 .
1861 3014 1872 3025 .
1906 2977 2062 3026 eciam
2094 2976 2294 3041 quando
2324 2973 2593 3040 premoniti

545 3069 730 3118 fuerint
759 3068 1055 3116 laborabunt
1092 3083 1203 3115 cum
1239 3067 1377 3130 equis
1412 3067 1507 3115 suis
1534 3067 1699 3116 versus
1735 3067 1964 3117 Monross
1989 3077 2038 3118 et
2064 3067 2303 3118 Aberden
2342 3095 2352 3106 ·
2389 3065 2595 3130 Insuper

547 3161 868 3211 reseruabunt
894 3175 1203 3208 communem
1228 3158 1484 3207 transitum
1509 3176 1598 3224 per
1622 3160 1895 3223 predictam
1920 3168 2106 3210 terram
2130 3159 2251 3210 ficut
2276 3159 2422 3208 modo
2446 3158 2593 3207 habe-
