2742 3848
645 357 1074 410 REGISTRUM
1091 358 1207 408 DE
1243 356 1802 409 ABERBROTHOC.
2160 356 2258 409 465

191 492 383 543 abbatis
420 521 429 531 ·
469 509 582 542 cum
617 493 861 557 potestate
886 494 951 548 ad
973 493 1330 558 imponendum
1356 500 1406 542 et
1430 493 1788 542 remouendum
1824 486 2053 542 tenentes
2077 499 2127 540 et
2152 490 2256 541 (ἰὼ-

192 590 418 635 tenentes
454 593 504 635 et
539 585 603 635 ad
638 603 795 635 nouas
828 586 971 635 villas
1006 587 1178 635 domos
1203 593 1254 635 et
1278 585 1475 634 edificia
1510 586 1558 651 ly
1582 587 1798 653 outsettis
1834 584 2219 634 construendum
2234 616 2256 626 -·

194 678 449 727 abbatein
475 679 588 727 casu
613 695 712 743 quo
740 679 1000 744 contingat
1024 679 1072 727 se
1098 686 1184 728 aut
1207 678 1318 727 suos
1342 679 1639 728 successores
1661 679 1714 726 in
1740 677 1950 743 pacifica
1973 675 2256 743 poffeffione

194 780 443 820 terrarum
468 780 518 821 et
543 770 820 819 molendini
844 771 1000 820 di&os
1023 771 1310 842 inquietare
1344 771 1563 837 obligato
1597 771 1661 820 ad
1685 771 1865 820 dic-tam
1899 771 2136 819 summam
2161 777 2257 819 tre-

198 871 454 913 centarum
480 879 763 912 marcarum
791 879 902 911 cum
928 863 1151 927 expenfis
1188 863 1332 913 dietis
1369 863 1593 928 personis
1632 862 1998 912 refundendum
2031 889 2042 900 ·
2074 866 2105 911 5
2128 861 2257 912 Julii

199 957 340 1010 1527.

194 1211 519 1299 Preceptum
562 1232 714 1283 safine
757 1234 978 1299 predifflffl
1020 1232 1335 1283 affedationis
1375 1251 1466 1298 per
1508 1234 1554 1298 ly
1591 1233 1711 1282 thale
1756 1240 1805 1282 et
1848 1249 1972 1298 rayp
2016 1232 2258 1281 tradende

194 1327 436 1376 direfimm
461 1326 715 1375 Willelmo
742 1326 959 1375 Bolland
985 1334 1034 1375 et
1059 1327 1280 1376 Ricardo
1305 1326 1414 1375 Bad
1444 1325 1643 1375 balliuis
1668 1325 1859 1375 abbatis
1884 1325 1936 1374 in
1959 1325 2055 1374 hac
2078 1332 2221 1389 parte
2247 1353 2257 1363 ·

194 1424 224 1467 5
248 1419 284 1468 J
289 1419 375 1468 ulii
404 1422 549 1473 1527.

197 1680 394 1754 Abbas
413 1718 504 1766 pro
524 1702 712 1750 summa
731 1701 1116 1766 quingentarum
1135 1700 1376 1749 librarum
1392 1708 1589 1749 monete
1609 1699 1782 1750 Scocie
1800 1718 1890 1766 pro
1907 1699 2258 1767 redempcione

194 1795 417 1860 predi&e
443 1811 607 1843 annue
631 1793 878 1859 pensionis
902 1794 1155 1859 persoluta
1179 1793 1363 1842 affedat
1386 1810 1478 1858 pro
1503 1794 1835 1843 nouendccim
1861 1794 2005 1842 annis
2028 1793 2259 1844 Gilberto

194 1874 693 1952 Menzeis'prepofito
719 1887 782 1936 de
805 1886 1033 1935 Abirden
1068 1898 1116 1936 et
1143 1886 1399 1935 Willelmo
1433 1886 1651 1935 Rolland
1687 1886 1919 1951 burgensi
1958 1887 2189 1936 eiusdem
2210 1894 2259 1936 et

195 1980 445 2046 aflignatis
486 1980 584 2028 suis
626 1988 675 2029 ct
717 1996 890 2028 eorum
932 1978 1183 2045 affignatis
1229 1981 1601 2030 coadiutoribus
1647 1988 1696 2030 et
1742 1980 2115 2031 subtenentibus
2158 1997 2259 2030 non

198 2075 397 2124 maioris
445 2073 598 2123 status
645 2073 906 2123 baroniam
953 2074 1015 2122 de
1066 2073 1229 2123 Torre
1275 2074 1524 2123 iacentem
1570 2075 1703 2123 infra
1750 2075 2161 2124 vicecomitatum
2196 2074 2259 2123 de

201 2166 410 2233 Mernys
429 2184 540 2216 cum
562 2166 766 2216 decimis
785 2165 1071 2231 garbalibus
1091 2166 1307 2215 eiusdem
1331 2196 1342 2206 ·
1365 2167 1599 2216 videlicet
1624 2196 1634 2207 ·
1661 2167 1955 2233 Bannagask
1982 2195 1992 2206 ·
2018 2166 2229 2216 Lorston
2248 2198 2258 2207 -

200 2260 246 2309 le
275 2259 411 2325 Coyf
448 2286 458 2297 ·
495 2258 784 2324 Kyncortht
817 2287 827 2297 ·
864 2275 977 2306 cum
1001 2258 1287 2307 molendino
1316 2258 1532 2307 eiusdem
1559 2267 1608 2308 et
1633 2260 1680 2324 ly
1710 2259 1916 2324 aylhous
1946 2259 2075 2323 cros}
2102 2287 2113 2297 ·
2146 2275 2258 2307 cum

202 2352 379 2401 annuis
415 2351 693 2400 redditibus
731 2350 947 2399 eiusdem
984 2377 994 2387 ·
1033 2351 1266 2401 videlicet
1301 2380 1312 2391 ·
1352 2370 1449 2401 vno
1483 2370 1649 2401 annuo
1689 2353 1890 2401 redditu
1927 2351 2260 2417 quadraginta

201 2443 467 2492 solidorum
492 2443 554 2491 de
580 2442 813 2491 terrisde
839 2442 1146 2509 Banquhory
1177 2452 1227 2493 ct
1258 2445 1488 2494 Ardocht
1528 2471 1538 2482 ·
1581 2462 1746 2494 annuo
1782 2444 1983 2494 redditu
2018 2442 2258 2492 tredecim

202 2535 468 2586 solidorum
506 2542 556 2583 et
593 2542 823 2599 quatuor·
851 2536 1170 2585 denariorum
1209 2538 1270 2585 de
1312 2537 1571 2605 Kyrkhyll
1610 2566 1621 2576 ·
1663 2555 1776 2586 cum
1814 2536 1971 2585 feodis
2003 2543 2053 2585 et
2081 2530 2259 2585 annuis

202 2627 477 2676 redditibus
514 2627 630 2677 ville
666 2628 728 2677 de
762 2627 923 2676 Torre
961 2646 1074 2678 cum
1110 2630 1300 2694 cymbis
1336 2637 1386 2679 et
1419 2629 1780 2695 piscacionibus
1805 2628 2030 2678 alborum
2056 2622 2259 2694 piscium

205 2728 395 2769 tantum
439 2747 450 2758 ·
492 2738 603 2769 cum
641 2720 751 2769 aliis
788 2722 977 2787 cymbis
1019 2723 1066 2787 lys
1096 2724 1423 2788 firtybayttis
1465 2723 1653 2772 vocatis
1690 2723 1818 2771 diue
1859 2721 2072 2771 baronie.
2099 2715 2259 2771 (cum

205 2812 408 2861 decimis
431 2812 716 2877 garbalibus
741 2813 957 2863 eiusdem
990 2843 1000 2853 ·
1034 2814 1256 2878 piscariis
1282 2815 1551 2864 salmonum
1586 2815 1927 2864 tantummodo
1951 2814 2214 2863 reseruatis
2249 2842 2257 2852 ·

208 2902 458 2953 Soluendo
493 2921 584 2969 pro
619 2904 774 2952 firmis
815 2905 1176 2970 piscacionibus
1215 2915 1265 2956 et
1303 2907 1481 2955 annuis
1517 2907 1794 2955 redditibus
1828 2906 2037 2971 triginta
2073 2905 2258 2972 septem

56 2971 75 3059 ζ
205 2994 358 3045 libras
381 2996 566 3060 septem
590 2995 771 3044 solidos
803 3003 854 3045 et
886 3004 1099 3061 quatuor
1135 2997 1366 3046 denarios
1394 3015 1606 3046 vnacum
1641 2997 1693 3063 ly
1724 3005 1952 3063 rynmart
1986 3006 2037 3046 et
2071 2991 2259 3046 castum

73 3072 74 3076 Ἰ
211 3086 454 3152 weddirys
487 3095 535 3136 et
562 3087 875 3152 *pulliscane
912 3117 922 3128 ·
961 3097 1009 3137 et
1040 3106 1133 3153 pro
1172 3088 1377 3137 decimis
1402 3095 1503 3137 tres
1526 3088 1719 3136 celdras
1737 3095 1793 3136 —et
1817 3091 1925 3136 olito
1948 3082 2109 3137 bellas
2130 3081 2259 3138 ordii
2281 3078 2285 3082 ’

0 3233 17 3265 le
77 3190 83 3287 'l
210 3184 421 3227 vna‘cum
445 3180 632 3228 summa
656 3180 989 3258 quadraginta
1017 3179 1284 3228 solidorum
1312 3195 1402 3243 pro
1426 3177 1631 3228 decimis
1660 3179 1773 3227 ville
1798 3179 1859 3227 de
1885 3178 2139 3243 Kyrkhyll
2168 3187 2261 3239 δεῖ

1195 3275 1225 3319 3
1250 3286 1281 3319 N
