2762 3834
0 0 2762 234 5-—

638 449 1065 502 REGISTRUM
1100 452 1196 502 DE
1232 454 1787 510 ABERBROTHOC.
2131 469 2226 521 273

191 583 400 633 Walteri
444 583 709 649 Lychtoun
751 584 961 632 feodarii
1002 586 1062 633 (16
1104 586 1397 654 Vllishavyn
1439 590 1817 640 iusticiariorum
1858 594 2127 658 regalitatis
2168 598 2227 645 de

190 674 560 723 Abbirbrothoc
604 712 614 722 .
661 711 671 722 .
719 712 729 722 .
773 675 1030 738 presencia
1076 680 1397 741 personaliter
1447 682 1699 732 constituti
1754 722 1763 732 .
1815 722 1825 731 .
1880 723 1890 732 .
1946 684 2230 735 Alexander

188 767 353 832 Irwyn
380 767 440 814 de
465 764 629 815 Drum
653 765 913 830 requifitus
937 783 1027 830 per
1067 805 1077 815 .
1117 805 1127 815 .
1169 806 1177 815 .
1216 770 1384 820 Dauid
1418 774 1642 822 abbatem
1668 776 1728 822 de
1753 775 2087 825 Abirbrothoc
2112 786 2229 826 tunc

187 860 461 923 presentem
499 859 562 906 ad
596 857 916 922 prestandum
951 858 1280 909 iuramentum
1315 864 1566 912 fidelitatis
1592 874 1639 914 et
1665 867 1728 914 ad
1752 867 2033 915 faciendum
2064 869 2228 917 homa—

186 951 321 1016 gium
348 958 396 998 et
422 950 680 998 seruicium
705 966 797 1014 pro
823 950 969 998 terris
996 951 1090 999 suis
1117 952 1176 999 de
1202 952 1416 1018 Forglen
1457 995 1464 1003 .
1508 994 1517 1003 .
1560 994 1570 1004 .
1615 957 1762 1006 tentis
1800 959 1860 1006 de
1900 999 1908 1007 .
1952 998 1960 1007 .
2002 999 2010 1007 .
2054 961 2227 1009 abbate

189 1083 198 1092 .
234 1082 242 1091 .
277 1082 287 1092 .
321 1060 410 1108 per
436 1042 697 1090 seruicium
721 1043 886 1090 warde
913 1049 961 1090 et
984 1043 1169 1092 releuie
1206 1073 1214 1081 ·
1253 1054 1300 1094 et
1325 1047 1542 1097 fimiliter
1574 1049 1608 1097 J
1611 1046 1828 1098 ohannes
1853 1051 2141 1101 Wischarde
2166 1054 2226 1101 de

189 1136 391 1184 Pettaro
416 1133 677 1198 requifitus
710 1150 800 1197 per
837 1133 1019 1181 dietum
1062 1173 1070 1181 .
1115 1173 1123 1182 .
1168 1173 1177 1183 .
1221 1146 1409 1201 patrem
1447 1142 1509 1187 ad
1545 1140 1764 1190 fimiliter
1807 1182 1814 1190 .
1853 1181 1861 1190 .
1901 1182 1908 1190 .
1947 1144 2225 1192 faciendum

187 1269 195 1277 .
236 1269 245 1278 .
290 1268 299 1277 .
338 1245 429 1292 pro
466 1227 612 1276 terris
641 1227 738 1275 suis
764 1228 824 1275 (le
851 1227 1046 1275 Redhal
1083 1267 1090 1276 .
1134 1267 1142 1276 .
1183 1268 1190 1276 .
1228 1231 1375 1278 tentis
1400 1232 1460 1279 de
1504 1271 1511 1279 .
1557 1272 1564 1280 .
1610 1272 1618 1280 .
1659 1234 1832 1281 abbate
1871 1272 1879 1281 .
1918 1273 1926 1281 .
1965 1273 1973 1282 .
2011 1251 2098 1298 per
2134 1237 2226 1284 ier-

188 1321 370 1370 uicium
397 1321 560 1369 warde
587 1329 636 1369 et
660 1320 836 1368 relcuii
870 1351 880 1360 ·
917 1319 1220 1383 Quiquidem
1245 1322 1532 1371 Alexander
1558 1332 1606 1372 et
1630 1323 1664 1372 J
1668 1324 1885 1372 ohannes
1930 1363 1939 1372 .
1986 1363 1995 1373 .
2042 1363 2051 1373 .
2095 1328 2139 1374 se
2165 1328 2225 1374 ad

187 1423 370 1463 terram
406 1414 613 1478 genibus
644 1413 783 1461 flexis
819 1412 1194 1477 prostrauerunt
1225 1414 1402 1462 iunctis
1440 1415 1663 1464 manibus
1697 1456 1705 1464 .
1744 1453 1753 1463 .
1794 1454 1803 1463 .
1843 1424 1890 1464 et
1915 1417 2118 1480 quilibet
2144 1454 2153 1464 .
2181 1458 2189 1466 .
2217 1457 2225 1465 .

186 1524 275 1571 pro
300 1507 348 1554 se
390 1544 400 1555 .
443 1544 453 1553 .
494 1544 502 1554 .
542 1506 835 1554 iurauerunt
872 1512 921 1553 et
958 1506 1183 1554 fecerunt
1218 1506 1500 1571 homagium
1535 1508 1815 1570 requifitum
1855 1548 1863 1556 .
1905 1548 1912 1556 .
1953 1549 1960 1557 .
2001 1527 2089 1573 pro
2126 1518 2227 1558 toto

187 1609 406 1663 tempore
443 1600 542 1647 vite
583 1598 665 1646 sue
712 1637 722 1646 .
766 1635 776 1645 .
818 1638 826 1645 .
870 1598 999 1646 Aaa
1040 1605 1181 1646 erant
1221 1598 1313 1646 hec
1355 1598 1485 1646 infra
1525 1599 1735 1662 burgum
1771 1600 1830 1647 de
1868 1600 2135 1649 Abberden
2175 1602 2226 1648 in

191 1693 336 1741 domo
363 1691 557 1739 Thome
594 1691 655 1739 de
693 1690 777 1738 Fif
809 1698 947 1738 tenta
970 1690 1020 1737 in
1046 1691 1305 1754 regalitate
1342 1690 1402 1737 de
1446 1728 1455 1736 .
1500 1727 1513 1738 .
1559 1727 1569 1738 .
1613 1691 1786 1739 abbate
1836 1726 1845 1737 .
1892 1731 1900 1739 .
1950 1731 1958 1739 .
1998 1692 2118 1739 hora
2146 1694 2232 1740 xiia

189 1786 240 1833 in
273 1784 490 1833 meredic
535 1821 545 1831 .
584 1823 593 1832 .
636 1823 643 1831 .
683 1783 990 1847 presentibus
1033 1822 1042 1830 .
1082 1822 1089 1830 .
1128 1822 1136 1831 .
1181 1783 1380 1830 domino
1406 1782 1696 1831 Alexandro
1734 1782 1939 1832 Masoun
1977 1785 2139 1848 priore
2171 1786 2230 1832 de

190 1877 345 1943 way
382 1906 391 1916 ·
430 1877 599 1925 Dauid
639 1875 1013 1941 Strathaquhyn
1038 1876 1259 1924 feodario
1286 1876 1346 1923 de
1373 1875 1671 1923 Thorntoun
1697 1893 1754 1924 ac
1780 1875 1956 1924 clerico
1980 1876 2231 1925 iusticiarii

241 2009 251 2018 .
293 2008 303 2018 .
341 1970 474 2034 regis
514 1998 523 2007 ·
565 1969 765 2017 domino
791 1969 1080 2016 Alexandro
1109 1967 1348 2033 Symsoun
1376 1969 1616 2016 canonico
1643 1968 1982 2016 Aberdonenfi
2020 1995 2028 2004 ·
2067 1968 2231 2016 Dauid

191 2062 338 2128 Ross'y
364 2089 374 2099 ·
399 2069 447 2110 et
471 2061 505 2109 J
509 2062 702 2110 ohanne
731 2060 895 2110 Skene
921 2089 930 2098 ·
959 2078 1068 2109 cum
1095 2061 1261 2109 multis
1288 2059 1395 2108 aliis
1429 2101 1436 2108 .
1476 2099 1483 2108 .
1519 2100 1527 2108 .

255 2156 503 2204 Robertus
527 2154 641 2202 Leis
685 2194 692 2202 .
738 2194 745 2202 .
792 2194 799 2201 .
847 2153 1070 2202 notarius
1121 2192 1130 2201 .

195 2406 480 2478 Sentencia
520 2422 816 2489 pofl'effionis
861 2431 1106 2472 terrarum
1155 2422 1354 2470 ecclesie
1403 2422 1463 2469 de
1507 2420 1734 2469 Rothven
1781 2426 1953 2467 contra
1995 2419 2229 2465 vicarium

193 2519 405 2568 eiusdem
433 2534 600 2566 coram
627 2516 855 2581 episcopo
880 2513 1242 2563 Dunkeldenfi.

55 2704 143 2750 338
192 2680 470 2754 Uniuerfis
515 2739 524 2749 .
572 2738 581 2749 .
627 2739 637 2749 .
683 2700 883 2749 ecclefie
925 2700 1039 2747 filiis
1080 2736 1089 2746 .
1124 2739 1132 2747 .
1175 2735 1184 2746 .
1228 2698 1474 2747 Walterus
1507 2698 1675 2745 Broun
1712 2703 1973 2760 precentor
2011 2710 2069 2741 ac
2107 2709 2232 2740 com-

196 2795 434 2844 miffarius
478 2832 488 2841 .
531 2835 539 2842 .
584 2793 847 2858 .'Georgii
891 2830 900 2839 .
945 2831 954 2839 .
1000 2829 1010 2839 .
1054 2790 1268 2854 episcopi
1316 2788 1681 2838 Dunkeldenfis
1722 2827 1730 2835 .
1770 2826 1777 2835 .
1817 2826 1824 2834 .
1867 2786 2069 2833 salutem
2111 2822 2121 2831 .
2169 2821 2179 2831 .
2222 2823 2230 2830 .

200 2888 455 2937 Noueritis
497 2904 586 2935 nos
627 2886 706 2934 die
749 2886 862 2933 date
909 2883 1215 2948 presencium
1264 2882 1358 2930 rite
1404 2881 1729 2946 procedentes
1776 2879 1828 2926 in
1879 2877 2021 2925 causa
2068 2892 2230 2923 coram

198 2980 337 3028 nobis
376 2980 560 3027 dudum
599 2978 848 3042 pendente
885 2975 1102 3024 indecisa
1138 2975 1271 3022 inter
1309 3011 1318 3021 .
1359 3012 1367 3021 .
1406 3011 1416 3021 .
1454 2971 1738 3036 magistrum
1780 2969 2053 3017 Henricum
2091 2967 2231 3014 Halis

200 3072 436 3120 vicarium
470 3069 671 3119 ecclesie
704 3067 1002 3133 parochialis
1028 3067 1088 3114 de
1114 3065 1356 3113 Rothwen
1382 3060 1747 3111 Dunkeldenfis
1780 3058 1982 3108 diocefis
2018 3059 2229 3106 actorem

202 3202 212 3210 .
305 3202 314 3212 .
358 3163 589 3211 aduersus
632 3199 641 3208 .
688 3199 698 3209 .
744 3200 752 3208 .
789 3161 1015 3208 abbatem
1051 3158 1110 3205 de
1136 3155 1474 3204 Abirbrothoc
1509 3162 1556 3202 et
1603 3194 1610 3201 .
1658 3190 1668 3199 .
1712 3192 1720 3201 .
1771 3157 2063 3199 conuentum
2108 3187 2117 3196 .
2163 3186 2172 3195 .
2218 3186 2228 3195 .

197 3271 308 3303 vreos
356 3294 364 3302 .
415 3294 423 3302 .
473 3291 484 3303 .
531 3253 823 3302 sententiam
883 3248 1192 3298 diffinitiuam
1240 3284 1251 3295 .
1301 3287 1309 3295 .
1360 3287 1368 3295 .
1418 3244 1596 3294 dedifl'e
1646 3281 1656 3291 .
1707 3280 1718 3290 .
1770 3279 1779 3289 .
1825 3242 1908 3290 sub
1954 3241 2045 3288 hac
2095 3278 2105 3287 .
2156 3278 2165 3286 .
2217 3277 2226 3286 .

1155 3342 1184 3384 2
1210 3355 1247 3385 M
