2586 3834
220 1877 315 1923 5013
369 1917 379 1926 .
426 1917 435 1925 .

368 387 467 430 400
817 374 1240 428 REGISTRUM
1274 372 1370 422 DE
1407 367 1965 419 ABERBROTHOC.

369 513 598 577 quatinus
634 553 642 560 .
682 553 689 560 .
728 552 736 560 .
774 511 965 575 prefato
1003 548 1010 556 .
1051 548 1058 555 .
1097 547 1105 555 .
1147 505 1338 555 Jacobo
1386 543 1394 550 .
1447 540 1457 550 .
1510 539 1520 549 .
1571 501 1649 549 vel
1698 501 1782 548 suo
1831 538 1843 547 .
1890 538 1900 548 .
1951 539 1961 548 .
2010 504 2263 550 a&ornato
2300 538 2309 548 .
2350 537 2359 546 .
2398 537 2408 546 .

367 604 565 653 iafinam
616 641 626 651 .
672 640 682 650 .
728 639 737 649 .
786 608 1029 650 terrarum
1075 596 1406 661 predi&arum
1447 609 1560 641 cum
1601 592 1887 641 molendino
1937 631 1946 640 .
2001 631 2011 640 .
2067 630 2078 640 .
2127 592 2410 641 tenentibus

368 693 636 743 tenendi-iis
660 700 709 741 et
732 688 1171 739 liberetenencium
1195 685 1415 734 seruiciis
1460 722 1470 731 .
1516 721 1527 731 .
1574 722 1584 731 .
1629 683 1762 732 saluo
1786 684 1896 732 iure
1921 683 2178 733 cuiussibet
2202 683 2410 732 tradatis

369 826 377 834 .
405 826 413 834 .
440 825 448 834 .
476 784 721 833 reseruato
746 790 911 830 tamen
935 780 1093 828 libero
1110 784 1393 827 tenemento
1422 814 1432 824 .
1462 813 1471 824 .
1503 813 1514 824 .
1540 776 1602 824 dc
1622 774 1864 828 Balfeitht
1887 784 1937 824 et
1962 777 2170 825 duarum
2186 775 2409 840 parcium

370 914 379 923 .
419 914 428 923 .
470 914 479 923 .
518 876 580 923 de
616 872 1018 937 Pettyngardnar
1058 907 1068 918 .
1112 907 1122 917 .
1165 907 1176 917 .
1216 869 1251 917 J
1255 867 1439 917 ohanni
1463 866 1754 917 Wifl'cheart
1788 884 1879 933 pro
1915 875 2019 918 toto
2054 876 2276 933 tempore
2315 867 2411 915 vite

367 969 446 1014 sue
479 974 527 1014 et
557 964 824 1013 earundem
867 999 877 1009 .
920 999 930 1008 .
974 999 984 1008 .
1023 960 1206 1008 Jonete
1238 958 1473 1024 Lyndsay
1504 958 1587 1007 sue
1624 957 1794 1023 sponse
1829 958 2073 1023 legittima
2107 959 2265 1008 tercia
2300 976 2410 1008 cum

367 1056 629 1122 contigerit
676 1095 685 1103 .
730 1094 739 1102 .
788 1094 796 1102 .
846 1053 906 1101 In
945 1053 1136 1118 fignum
1179 1068 1298 1100 vero
1340 1089 1350 1098 .
1397 1088 1407 1099 .
1454 1088 1464 1098 .
1507 1048 1658 1099 safine
1701 1051 1765 1099 fic
1802 1068 1893 1115 per
1935 1051 2148 1100 vestrum
2197 1051 2411 1115 aliquem

366 1151 530 1196 datum
557 1147 767 1211 sigillum
805 1183 815 1193 .
856 1183 866 1193 .
910 1182 921 1192 .
958 1142 1110 1192 safine
1135 1143 1322 1192 datoris
1346 1142 1399 1190 in
1424 1142 1639 1191 secunda
1669 1143 1829 1191 cauda
1861 1143 1970 1207 post
2004 1143 2223 1191 nostrum
2259 1159 2412 1207 penes

365 1241 543 1288 dictum
580 1237 790 1287 saisitum
827 1244 1067 1302 perpetuo
1102 1234 1400 1283 remansuris
1435 1234 1744 1299 presentibus
1768 1235 2064 1300 appendatis
2105 1273 2116 1282 .
2157 1273 2167 1282 .
2210 1273 2220 1282 .
2260 1234 2409 1298 Apud

494 1369 502 1378 .
551 1329 899 1378 monasterium
940 1327 1168 1376 vicesimo
1211 1330 1383 1375 οᾶὶειιιο
1425 1326 1506 1374 die
1547 1326 1723 1375 menfis
1767 1325 1997 1375 O&obris
2036 1343 2166 1375 anno
2205 1325 2411 1375 Domini

365 1421 615 1470 millesimo
640 1417 1027 1486 quingentesimo
1050 1417 1258 1465 decimo.

365 1676 537 1746 Carta
559 1695 829 1743 molendini
854 1695 915 1742 de
943 1692 1173 1743 Conueth
1198 1692 1358 1740 eidem
1383 1691 1418 1740 J
1421 1693 1592 1741 acob0.

483 1915 492 1924 .
537 1879 710 1927 Pateat
748 1917 755 1924 .
790 1917 797 1924 .
836 1917 845 1925 .
884 1893 974 1924 nos
1015 1875 1291 1940 Georgium
1333 1914 1340 1922 .
1381 1914 1389 1922 .
1428 1914 1437 1923 .
1480 1874 1708 1923 abbatem
1753 1910 1762 1921 .
1810 1911 1820 1920 .
1867 1911 1877 1921 .
1922 1875 1983 1922 de
2023 1874 2247 1923 Arbroth
2292 1913 2302 1923 .
2345 1914 2354 1923 .
2400 1913 2409 1922 .

368 1968 638 2018 conceffifl'e
681 2008 691 2017 .
731 2007 742 2017 .
781 2007 791 2017 .
838 1966 1113 2034 [magistro]
1152 1966 1186 2016 J
1190 1967 1343 2016 acobo
1380 1965 1662 2015 Wischeart
1697 1965 2034 2014 molendinum
2078 1966 2139 2015 de
2180 1965 2411 2016 Conueth

367 2062 532 2109 iacens
569 2061 620 2108 in
659 2059 866 2108 baronia
897 2060 958 2108 de
999 2058 1252 2108 Conuetht
1288 2066 1337 2107 et
1364 2057 1709 2107 vicecomitatu
1745 2057 1807 2106 de
1844 2057 2159 2123 Kyncardyn
2201 2087 2212 2096 ·
2255 2059 2408 2122 quod-

367 2153 563 2215 quidem
619 2189 628 2197 .
686 2188 695 2197 .
752 2189 761 2197 .
814 2150 1112 2199 hereditarie
1164 2188 1174 2197 .
1226 2188 1236 2197 .
1290 2188 1299 2197 .
1350 2150 1510 2197 fuerat
1568 2186 1578 2196 .
1636 2187 1646 2196 .
1709 2185 1718 2195 .
1775 2147 2024 2197 Johannis
2062 2149 2308 2197 Wiscbert
2349 2150 2411 2197 de

366 2242 599 2307 Pyttarro
622 2250 670 2289 et
691 2242 1022 2306 quodquidem
1063 2280 1072 2289 .
1113 2278 1122 2288 .
1164 2279 1175 2289 .
1210 2242 1342 2290 idem
1385 2279 1395 2289 .
1435 2279 1444 2289 .
1486 2278 1496 2288 .
1533 2240 1792 2289 «Iohannes
1810 2257 1900 2305 per
1935 2278 1944 2288 .
1981 2278 1992 2288 .
2027 2279 2035 2288 .
2069 2240 2411 2289 Alexandrum

368 2333 594 2381 Auchlek
634 2370 644 2379 .
685 2370 695 2379 .
736 2334 835 2381 .·in
860 2333 1086 2381 manibus
1110 2333 1288 2381 nostris
1330 2372 1339 2381 .
1386 2371 1396 2380 .
1442 2371 1451 2380 .
1493 2331 1762 2397 refignauit
1805 2371 1813 2379 .
1859 2371 1866 2379 .
1913 2371 1920 2379 .
1966 2331 2262 2380 Tenendum
2301 2370 2311 2379 .
2349 2370 2359 2379 .
2398 2370 2408 2379 .

368 2424 597 2487 magistro
622 2423 657 2471 J
660 2424 813 2472 acobo
838 2424 933 2472 suis
955 2424 1220 2473 heredibus
1239 2432 1288 2473 et
1308 2423 1555 2490 affignatis
1586 2464 1594 2472 .
1629 2462 1639 2472 .
1672 2464 1681 2472 .
1711 2425 2075 2488 imperpetuum
2100 2453 2110 2461 ·
2136 2425 2409 2473 Reddendo

373 2554 381 2562 .
422 2555 430 2562 .
472 2554 479 2562 .
515 2516 595 2563 sex
619 2515 769 2563 libras
793 2517 1049 2564 tresdecim
1075 2517 1253 2565 solidos
1281 2516 1354 2582 [et
1377 2523 1588 2579 quatuor
1612 2515 1863 2581 denarios]
1908 2553 1918 2563 .
1962 2553 1972 2563 .
2017 2530 2027 2564 .’
2067 2524 2264 2565 monete
2303 2555 2312 2564 .
2351 2555 2360 2564 .
2399 2555 2408 2564 .

378 2606 545 2652 Scocie
587 2606 650 2652 ad
694 2642 703 2651 .
751 2643 761 2653 .
802 2643 812 2653 .
856 2606 979 2655 festa
1021 2647 1029 2654 .
1071 2647 1079 2655 .
1119 2646 1128 2656 .
1171 2606 1487 2656 Pentecostes
1521 2614 1572 2655 et
1609 2605 1776 2657 Sanffl
1812 2606 2021 2656 Martini
2059 2645 2069 2655 .
2110 2644 2121 2654 .
2162 2645 2173 2655 .
2209 2608 2409 2655 nomine

374 2695 642 2743 feodifirme
689 2703 879 2745 tantum
936 2735 946 2744 .
1002 2735 1012 2744 .
1068 2735 1078 2745 .
1132 2699 1381 2747 reseruato
1415 2705 1580 2747 tamen
1628 2698 1759 2746 dicto
1805 2697 2027 2746 Johanni
2071 2698 2302 2747 Vischert
2347 2699 2409 2746 de

374 2785 591 2834 Pittarro
627 2784 782 2832 libero
823 2795 1102 2835 tenemento
1144 2824 1154 2835 .
1197 2825 1206 2835 .
1254 2826 1264 2835 .
1308 2806 1397 2852 pro
1436 2796 1541 2837 toto
1579 2797 1800 2854 tempore
1843 2789 1943 2838 vite
1985 2791 2066 2837 sue
2104 2829 2112 2837 .
2154 2828 2163 2837 .
2203 2828 2213 2837 .
2255 2790 2410 2853 Apud

427 2913 436 2922 .
478 2912 487 2921 .
524 2873 867 2923 monasterium
891 2876 1117 2925 vicesimo
1143 2880 1314 2926 o&auo
1339 2879 1419 2927 die
1454 2880 1630 2929 menfis
1669 2880 1901 2930 octobris
1937 2898 2067 2929 anno
2102 2881 2309 2929 Domini
2344 2888 2411 2929 m⁰

375 2966 760 3032 quingentesimo
807 2966 998 3015 decimo
1046 2984 1209 3016 coram
1261 3006 1271 3015 .
1325 3007 1334 3016 .
1386 3008 1397 3018 .
1440 2971 1694 3020 Willelmo
1739 2971 2024 3036 Abirnethy
2067 2972 2300 3036 magistro
2347 2974 2410 3021 de

378 3059 583 3108 Saltoun
620 3087 629 3097 ·
664 3057 950 3106 Alexandro
975 3057 1291 3122 Levynstoun
1316 3061 1547 3125 magistro
1572 3063 1633 3110 de
1659 3062 1915 3110 Kalendar
1951 3089 1962 3099 ·
1997 3061 2166 3110 Dauid
2191 3061 2409 3127 Berklay

377 3151 435 3199 de
478 3149 716 3213 Cullerny
760 3188 768 3195 .
814 3187 821 3195 .
868 3188 875 3194 .
918 3148 1158 3212 magistris
1198 3157 1247 3198 et
1284 3150 1493 3199 dominis
1531 3152 1818 3200 Alexandro
1854 3151 2084 3200 Auchlek
2123 3155 2312 3199 rectore
2348 3152 2408 3199 de
