2762 3834
454 1514 513 1564 27

565 371 630 420 26
1010 360 1437 415 REGISTRUM
1470 358 1568 409 DE
1603 351 2167 407 ABERBROTHOC.

569 540 579 550 .
622 538 634 550 .
677 538 689 550 .
726 499 957 565 quatinus
991 498 1129 545 nullo
1161 496 1307 544 modo
1331 491 1551 558 grauetis
1595 526 1607 538 .
1652 526 1663 537 .
1709 526 1720 537 .
1759 488 1914 537 dictos
1945 488 2200 553 religiosos
2244 525 2255 535 .
2302 525 2313 536 .
2357 525 2368 536 .
2409 488 2560 536 immo
2587 488 2621 535 fi

566 593 792 659 poteritis
817 590 1079 656 agnoscere
1102 588 1292 651 aliquos
1313 590 1603 649 granatores
1626 580 1907 630 huiusmodi
1941 619 1952 629 .
1989 620 2000 630 .
2038 619 2048 629 .
2081 598 2165 630 eos
2188 598 2220 630 a
2241 581 2422 630 talibus
2445 597 2622 646 graua-

567 687 779 735 minibus
805 721 816 732 .
854 721 866 732 .
901 720 911 731 .
942 699 1031 747 per
1053 681 1268 729 nostram
1293 675 1575 742 potenciam
1597 673 1918 739 compescatis
1943 702 1953 713 ·
1983 672 2085 723 Sub
2106 691 2238 738 pena
2258 691 2377 723 vero
2400 673 2620 722 omnium

567 795 661 843 que
685 794 806 841 erga
826 791 918 823 nos
943 773 1101 823 amitti
1127 777 1362 837 poterunt
1387 784 1489 817 non
1514 767 1727 816 veniatis
1761 804 1772 815 .
1809 804 1821 815 .
1858 804 1870 815 .
1901 774 2078 815 contra
2101 773 2327 816 tenorem
2361 803 2373 814 .
2414 802 2425 814 .
2466 802 2478 814 .
2513 781 2621 829 pre-

566 870 780 919 sencium
825 868 1083 916 literarum
1130 881 1250 929 quas
1298 862 1437 911 vobis
1486 859 1817 909 ostendendas
1864 867 1914 909 et
1959 876 2113 924 penes
2160 859 2316 907 ἃὶἃοε
2370 857 2626 922 religiosos

565 961 870 1011 remansuras
893 966 1120 1023 patentes
1143 955 1251 1004 fieri
1277 954 1483 1003 fecimus
1509 953 1642 1018 apud
1665 952 1929 1018 Edinburg
1954 951 2309 1002 terciodecimo
2337 951 2418 999 die
2443 950 2626 1000 Marcii

567 1071 696 1104 anno
720 1053 864 1118 regni
887 1050 1040 1100 nostri
1065 1048 1294 1099 vicesimo
1320 1047 1494 1096 tercio.

565 1313 779 1386 Culbak
814 1362 826 1373 ·
867 1332 1051 1391 Quieta
1075 1330 1315 1380 clamacio
1340 1329 1554 1379 eiusdem
1582 1345 1672 1393 per
1695 1327 1731 1377 J
1734 1327 1979 1376 ohannem
2007 1328 2068 1376 de
2094 1326 2247 1377 Keth.

571 1495 833 1570 Omnibus
877 1554 888 1565 .
936 1552 948 1564 .
995 1552 1006 1563 .
1050 1513 1084 1563 J
1088 1513 1308 1561 ohannes
1341 1511 1403 1560 de
1445 1509 1581 1559 Ketb
1614 1509 1745 1559 filius
1779 1509 2031 1574 quondam
2067 1509 2257 1558 domini
2298 1509 2534 1559 Edwardi
2571 1511 2632 1559 de

570 1608 705 1658 Keth
730 1607 900 1656 militis
924 1606 1127 1655 salutem
1167 1642 1178 1653 .
1214 1642 1225 1652 .
1260 1641 1271 1653 .
1310 1603 1438 1653 Cum
1464 1619 1558 1668 ego
1581 1619 1672 1667 per
1696 1602 2061 1667 suggestionem
2084 1603 2401 1674 quorundam
2427 1611 2633 1652 conatus

570 1700 748 1749 fuerim
772 1700 933 1748 facere
960 1698 1200 1747 clameum
1241 1695 1387 1745 causa
1425 1695 1715 1760 Margarete
1740 1696 1910 1762 sponse
1941 1713 2050 1745 mee
2081 1696 2134 1744 in
2160 1704 2321 1746 terras
2347 1696 2409 1745 de
2437 1694 2635 1746 Culbak

576 1832 586 1841 .
616 1831 626 1842 .
655 1831 666 1841 .
692 1810 787 1858 que
809 1792 906 1841 alio
931 1791 1130 1840 nomine
1154 1797 1395 1839 vocantur
1418 1788 1709 1838 Newlandis
1734 1788 1866 1837 infra
1884 1787 2286 1838 vicecomitatum
2305 1788 2367 1837 de
2389 1787 2599 1853 Mernys
2623 1817 2633 1826 ·

535 1898 540 1904 '
574 1903 670 1949 que
695 1886 893 1950 quidem
931 1892 1062 1934 terre
1107 1921 1119 1932 .
1163 1921 1175 1932 .
1221 1921 1232 1931 .
1268 1884 1381 1931 sunt
1405 1881 1654 1931 veraciter
1677 1879 1966 1929 monasterii
2004 1878 2174 1930 San8ei
2199 1879 2394 1928 Thome
2418 1879 2637 1928 martiris

576 1977 637 2025 de
661 1976 998 2026 Abirbrothoc
1031 1983 1182 2040 prout
1214 1976 1406 2024 constat
1442 1974 1710 2034 euidenter¹
1736 1990 1827 2038 per
1853 1973 2066 2038 quedam
2100 1973 2411 2022 munimenta
2435 1971 2636 2021 domino

576 2077 625 2118 et
661 2070 803 2119 fratri
842 2087 954 2118 meo
995 2069 1247 2117 Willelmo
1287 2069 1348 2117 de
1394 2067 1529 2116 Keth
1570 2064 1859 2115 marescallo
1905 2063 2080 2114 Scocie
2122 2065 2256 2130 apud
2296 2064 2637 2114 Abirbrothoe

577 2179 742 2210 coram
779 2161 1052 2210 venerabili
1088 2168 1228 2223 patre
1255 2160 1458 2209 domino
1483 2158 1740 2208 Willelmo
1782 2195 1793 2207 .
1836 2195 1847 2206 .
1893 2195 1903 2206 .
1944 2157 2173 2222 episcopo
2207 2156 2563 2207 Sanffiandree
2589 2164 2638 2204 et

578 2255 686 2302 aliis
724 2255 973 2303 nobilibus
1014 2271 1071 2303 ac
1106 2254 1233 2318 juris
1268 2253 1442 2318 peritis
1485 2268 1646 2314 nuper
1682 2250 1872 2314 liquide
1897 2249 2233 2298 demonstrata
2267 2277 2277 2287 ·
2318 2249 2520 2298 tandem
2546 2265 2639 2313 ego

583 2384 593 2394 .
622 2384 633 2395 .
659 2384 670 2394 .
697 2347 897 2396 consilio
922 2354 1023 2395 tam
1047 2347 1319 2395 amicorum
1344 2362 1567 2393 meorum
1593 2360 1740 2408 quam
1768 2379 1779 2391 .
1816 2379 1827 2390 .
1860 2379 1872 2390 .
1902 2341 2073 2406 sponse
2094 2359 2203 2390 mee
2228 2340 2501 2406 recognoui
2533 2377 2545 2388 .
2581 2377 2592 2387 .
2626 2376 2636 2386 .

582 2439 769 2487 nullum
795 2439 995 2487 omnino
1019 2439 1096 2487 ius
1131 2439 1184 2487 in
1214 2438 1451 2503 predictis
1487 2436 1634 2486 terris
1670 2442 1754 2484 aut
1792 2451 1962 2483 earum
1998 2434 2323 2499 pertinenciis
2353 2433 2639 2496 cuicunque

585 2537 862 2593 competere
887 2529 977 2577 nifi
999 2531 1339 2579 tantummodo
1363 2528 1664 2577 monasterio
1687 2532 1952 2591 prenotato
1975 2553 1985 2562 ·
2002 2524 2154 2573 Vnde
2173 2542 2393 2574 errorem
2420 2524 2471 2572 in
2492 2540 2637 2588 quem

583 2621 736 2668 incidi
771 2621 952 2668 di&um
989 2621 1229 2669 clameum
1266 2621 1496 2669 faciendo
1539 2618 1774 2667 revocaui
1820 2655 1831 2666 .
1881 2655 1892 2666 .
1941 2654 1952 2665 .
1999 2625 2048 2665 et
2082 2634 2175 2682 pro
2210 2616 2504 2681 grauamine
2549 2633 2640 2680 per

585 2728 663 2759 me
686 2710 825 2759 illato
847 2711 976 2759 dieto
1000 2712 1298 2760 monasterio
1321 2712 1375 2760 in
1395 2712 1491 2760 hoc
1516 2711 1628 2759 casu
1650 2709 1852 2759 confilio
1878 2708 1995 2758 dieti
2033 2746 2044 2756 .
2087 2745 2098 2756 .
2137 2745 2148 2756 .
2183 2708 2373 2756 domini
2398 2715 2447 2756 et
2471 2707 2640 2756 fratris

585 2803 682 2851 mei
704 2803 936 2851 emendas
957 2804 1251 2868 manucapio
1272 2804 1438 2852 facere
1459 2809 1795 2868 competentes
1818 2800 2137 2849 absolutionis
2156 2800 2453 2849 beneficium
2474 2806 2638 2864 petam

586 2894 840 2942 humiliter
888 2903 936 2942 et
983 2895 1162 2943 deuote
1219 2924 1230 2934 ·
1286 2905 1517 2959 preterea
1557 2895 1592 2943 fi
1638 2910 1933 2959 quecunque
1978 2893 2163 2957 scripta
2207 2891 2373 2956 aliquo
2417 2899 2639 2955 tempore

586 2993 821 3051 poterunt
861 2986 1077 3034 inueniri
1113 3004 1207 3050 que
1247 2987 1369 3035 mihi
1407 2995 1491 3036 aut
1529 2988 1660 3036 dicte
1697 2985 1865 3050 sponse
1903 3002 2011 3033 mee
2051 2984 2313 3033 materiam
2347 2983 2428 3031 uel
2464 2981 2640 3031 occafi-
2721 3032 2727 3037 ,

589 3095 733 3126 onem
767 3078 886 3126 dare
923 3078 1142 3142 poterint
1174 3078 1226 3125 in
1252 3079 1406 3127 dffias
1443 3087 1602 3128 terras
1635 3086 1721 3127 aut
1744 3095 1914 3127 earum
1946 3075 2283 3142 pertinencias
2309 3075 2641 3139 quodcunque

589 3170 827 3219 clameum
861 3170 1075 3219 faciendi
1110 3187 1167 3218 ea
1192 3170 1373 3235 scripta
1396 3172 1523 3219 dabo
1548 3170 1762 3220 fideliter
1787 3169 1954 3219 abbati
1980 3169 2101 3218 disti
2141 3166 2427 3216 monasterii
2463 3174 2512 3215 et
2548 3183 2639 3231 pro
