2762 3834
614 383 709 427 234
1059 367 1475 423 REGISTRUM
1507 365 1604 414 DE
1640 360 2200 413 ABERBROTHOC.

617 510 826 559 termino
850 506 1079 556 introitus
1104 543 1113 553 .
1141 543 1149 551 .
1176 542 1185 552 .
1213 500 1478 565 incipiente
1514 497 1576 545 ad
1612 494 1783 544 festum
1810 493 2125 543 Pentecostes
2161 493 2326 541 datam
2350 495 2654 558 presencium

618 601 897 651 immediate
922 598 1123 661 sequens
1149 624 1159 634 ·
1188 591 1435 642 Soluendo
1464 629 1473 638 .
1508 627 1516 636 .
1551 628 1560 636 .
1593 594 1804 651 quatuor
1828 585 1981 633 libras
2012 624 2021 633 .
2059 624 2069 633 .
2105 624 2114 633 .
2149 591 2344 634 monete
2370 625 2379 634 .
2404 624 2413 634 .
2444 622 2454 633 .
2483 585 2656 635 Scocie

619 693 682 741 ad
708 729 719 739 .
747 727 759 739 .
786 726 796 737 .
822 688 1055 737 terminos
1092 684 1344 733 consuetos
1369 721 1378 730 .
1405 720 1415 729 .
1443 720 1451 728 .
1476 696 1587 728 cum
1616 678 1662 726 le
1686 684 1912 743 r-ynmart
1937 683 1986 725 et
2011 676 2185 726 wethir
2209 694 2267 725 ac
2292 676 2400 726 aliis
2426 678 2657 726 oneribus

619 780 979 831 husbandorum
1024 814 1035 824 .
1075 815 1083 824 .
1121 812 1132 823 .
1176 774 1325 839 Apud
1372 810 1383 820 .
1429 809 1439 819 .
1485 809 1496 820 .
1543 770 1813 835 capitulum
1847 769 1987 818 xxiiii
2023 769 2104 818 die
2142 767 2315 818 mensis
2358 768 2658 819 Nouembris

619 888 747 921 anno
772 867 975 918 Domini
1007 870 1147 915 1485.

622 1119 902 1190 Affedacio
927 1134 1127 1185 ecclesie
1152 1135 1213 1183 de
1234 1133 1474 1199 Lungley.

623 1297 898 1372 Uniuerfis
943 1324 1111 1382 pateat
1150 1354 1161 1364 .
1205 1354 1215 1364 .
1258 1353 1269 1364 .
1308 1332 1398 1363 nos
1445 1313 1614 1362 Dauid
1652 1350 1664 1361 .
1703 1350 1715 1362 .
1760 1350 1772 1362 .
1812 1314 2038 1363 abbatem
2080 1351 2091 1362 .
2128 1351 2139 1362 .
2163 1351 2192 1374 ¹.
2229 1317 2288 1363 de
2331 1316 2666 1366 Abirbrothoc

677 1449 687 1459 .
728 1447 739 1457 .
777 1410 839 1458 ad
873 1409 1063 1457 firmam
1100 1406 1321 1456 dimisisse
1361 1443 1372 1454 .
1411 1443 1421 1454 .
1461 1445 1469 1454 .
1510 1404 1755 1470 Gylberto
1780 1405 1945 1456 Kethe
1982 1406 2043 1455 de
2081 1405 2335 1473 Innervgy
2359 1408 2504 1458 militi
2530 1409 2668 1458 here-

624 1503 766 1551 dibus
791 1501 886 1549 suis
921 1508 969 1549 et
1005 1499 1253 1564 assignatis
1288 1498 1359 1546 ita
1394 1497 1526 1561 quod
1564 1534 1574 1545 .
1616 1535 1627 1545 .
1657 1537 1673 1551 ,.
1711 1498 1935 1563 assignati
1961 1496 2051 1547 sint
2077 1498 2240 1563 proles
2265 1500 2325 1548 de
2351 1517 2558 1566 corpore
2584 1503 2667 1551 suo

624 1595 788 1660 genite
820 1593 917 1642 siue
952 1594 1020 1642 sui
1058 1593 1234 1641 fratres
1269 1591 1493 1657 germani
1530 1630 1538 1639 .
1576 1630 1585 1639 .
1625 1628 1637 1639 .
1674 1591 1890 1640 decimas
1924 1591 2151 1656 garbales
2187 1593 2388 1642 ecclesie
2418 1593 2582 1643 nostre
2607 1595 2668 1644 de

627 1687 853 1753 Lungley
878 1724 888 1734 .
911 1724 921 1734 .
948 1724 958 1734 .
982 1703 1074 1750 pro
1100 1685 1323 1734 terminis
1346 1683 1680 1749 septendecim
1697 1699 1940 1731 annorum
1962 1720 1973 1732 .
1996 1720 2008 1731 .
2031 1720 2042 1732 .
2063 1683 2276 1733 termino
2295 1702 2413 1733 vero
2438 1685 2669 1735 introitus

683 1817 693 1827 .
731 1818 741 1827 .
777 1778 1043 1843 incipiente
1079 1777 1129 1825 in
1154 1776 1274 1825 festo
1300 1776 1441 1825 Beati
1467 1775 1606 1824 Petri
1631 1775 1764 1839 quod
1788 1774 1973 1823 dicitur
1997 1775 2264 1824 aduincula
2288 1777 2453 1825 datam
2477 1778 2667 1842 presen-

633 1871 762 1919 cium
784 1870 1062 1918 immediate
1082 1870 1312 1934 sequente
1338 1875 1387 1918 et
1410 1867 1475 1917 sic
1498 1866 1832 1916 continuando
1871 1903 1882 1914 .
1923 1903 1935 1914 .
1972 1903 1984 1915 .
2020 1867 2081 1915 de
2106 1884 2236 1916 anno
2260 1867 2313 1916 in
2337 1885 2521 1917 annum
2555 1906 2566 1918 .
2610 1907 2621 1918 .
2659 1908 2670 1918 .

635 1961 881 2011 Soluendo
909 1999 919 2009 .
949 1999 959 2010 .
998 1998 1008 2009 .
1035 1961 1241 2025 triginta
1270 1960 1424 2008 libras
1455 1998 1465 2008 .
1495 1997 1506 2008 .
1535 1996 1546 2008 .
1571 1965 1768 2007 monete
1795 1995 1807 2006 .
1835 1995 1847 2006 .
1876 1994 1888 2006 .
1917 1956 2090 2007 Scocie
2115 1959 2178 2007 ad
2205 1997 2216 2007 .
2245 1995 2256 2007 .
2285 1996 2296 2007 .
2322 1960 2560 2009 terminos
2586 2002 2594 2011 .
2623 2001 2632 2010 .
2658 2001 2668 2010 .

633 2052 946 2102 Pentecostes
971 2060 1019 2101 et
1046 2051 1213 2101 Sanssffl
1238 2051 1445 2100 Martini
1484 2089 1494 2098 .
1535 2089 1545 2099 .
1587 2089 1597 2099 .
1635 2050 1715 2099 vel
1742 2050 1874 2098 infra
1899 2049 2075 2115 viginti
2100 2050 2204 2099 dies
2244 2089 2255 2099 .
2295 2089 2307 2100 .
2344 2091 2354 2101 .
2389 2052 2522 2101 infra
2558 2091 2569 2101 .
2607 2091 2619 2102 .
2658 2091 2670 2102 .

634 2144 976 2193 monasterium
1014 2144 1074 2192 de
1097 2143 1432 2192 Abirbrothoc
1460 2182 1470 2192 .
1499 2181 1510 2192 .
1539 2181 1550 2192 .
1577 2142 1642 2191 Et
1675 2144 1708 2191 si
1746 2143 2001 2209 contingat
2028 2181 2038 2192 .
2067 2182 2077 2192 .
2106 2182 2115 2192 .
2141 2144 2436 2209 prescriptos
2470 2146 2521 2194 in
2552 2146 2672 2195 solu-

636 2238 776 2286 cione
814 2274 825 2284 .
860 2274 868 2284 .
908 2274 918 2284 .
956 2236 1018 2283 ad
1038 2235 1274 2283 terminos
1309 2274 1319 2284 .
1354 2275 1363 2284 .
1398 2275 1407 2284 .
1446 2236 1657 2284 deficere
1693 2274 1702 2284 .
1741 2273 1750 2283 .
1788 2274 1798 2283 .
1834 2235 2026 2283 licitum
2051 2236 2146 2284 erit
2170 2236 2311 2285 nobis
2336 2277 2345 2286 .
2372 2276 2381 2286 .
2408 2277 2417 2286 .
2445 2238 2505 2286 de
2531 2238 2674 2287 dietis

639 2366 650 2377 .
675 2368 686 2378 .
715 2367 725 2378 .
751 2328 952 2377 decimis
980 2365 991 2376 .
1020 2365 1030 2375 .
1060 2364 1070 2375 .
1097 2328 1159 2376 ad
1186 2364 1197 2375 .
1226 2365 1237 2375 .
1267 2365 1277 2375 .
1302 2327 1494 2375 libitum
1524 2362 1534 2374 .
1564 2365 1574 2376 .
1604 2365 1615 2375 .
1641 2327 1897 2390 disponere
1922 2366 1932 2375 .
1961 2364 1972 2376 .
2001 2365 2011 2375 .
2038 2328 2192 2393 Apud
2215 2368 2225 2377 .
2256 2368 2265 2377 .
2292 2368 2301 2378 .
2328 2329 2673 2380 monasterium

638 2439 731 2469 xxv
758 2421 837 2469 die
861 2418 1035 2469 mensis
1061 2418 1361 2468 Nouembris
1385 2436 1515 2467 anno
1540 2418 1746 2468 Domini
1775 2423 1919 2468 1485.

646 2673 926 2743 Affedacio
952 2689 1262 2739 ecclesiarum
1288 2690 1348 2737 de
1371 2689 1522 2738 Banff
1540 2699 1588 2740 et
1613 2691 1946 2741 Innerbunde.

496 2886 592 2929 230
645 2851 922 2923 Uniuersis
945 2878 1110 2934 pateat
1142 2909 1151 2917 .
1189 2909 1197 2917 .
1233 2909 1242 2917 .
1278 2886 1367 2916 nos
1391 2869 1560 2918 Dauid
1592 2910 1601 2919 .
1634 2911 1642 2919 .
1682 2911 1691 2920 .
1724 2874 1948 2922 abbatem
1983 2914 1992 2923 .
2031 2915 2039 2923 .
2078 2915 2086 2923 .
2121 2876 2182 2924 de
2207 2876 2541 2928 Abirbrothoc
2578 2919 2586 2927 .
2621 2919 2630 2929 .
2666 2919 2675 2928 .

647 2964 709 3011 ad
743 2962 931 3010 firmam
968 2959 1188 3008 dimisisse
1223 3000 1232 3008 .
1271 3000 1279 3008 .
1318 3000 1326 3008 .
1363 2960 1554 3008 Jacobo
1595 2961 1779 3029 Ogilvy
1815 2966 1876 3013 de
1912 2965 2190 3016 Deskfurde
2231 2969 2377 3018 militi
2418 2970 2676 3020 heredibus

647 3055 741 3104 suis
763 3062 809 3103 et
835 3053 1079 3117 assignatis
1114 3052 1184 3100 ita
1207 3053 1339 3116 quod
1377 3092 1384 3100 .
1425 3093 1433 3100 .
1472 3092 1481 3101 .
1518 3052 1740 3118 affignati
1773 3054 1865 3105 sint
1900 3058 2063 3121 proles
2088 3060 2149 3108 de
2174 3077 2380 3125 corpore
2407 3062 2488 3110 suo
2512 3062 2675 3127 genite

647 3146 745 3196 siue
787 3146 963 3193 fratres
1003 3144 1225 3208 germani
1261 3183 1270 3192 .
1314 3184 1322 3192 .
1369 3182 1379 3191 .
1423 3145 1635 3193 decimas
1682 3148 1911 3215 garbales·
1949 3150 2261 3200 ecclesiarum
2304 3152 2577 3202 nostrarum
2617 3154 2676 3202 de
