2762 3834
518 411 582 465 96
969 406 1396 461 REGISTRUM
1434 405 1527 454 DE
1564 402 2127 455 ABERBROTHOC.

520 544 582 592 de
624 542 721 592 Cas
747 572 756 582 ·
786 551 834 592 et
872 543 1099 591 dominus
1137 541 1356 590 Jacobus
1396 537 1672 603 Dekysoun
1712 537 2000 601 capellanus
2036 565 2046 574 ·
2083 538 2394 588 commissarii
2432 540 2578 606 burgi

516 636 723 700 prediffi
759 675 767 683 .
804 674 811 683 .
843 675 851 683 .
888 634 1112 699 partibus
1149 634 1210 681 ab
1246 632 1404 679 altera
1428 656 1438 667 ·
1463 629 1530 677 Et
1565 629 1788 694 prefatus
1821 628 1992 677 Dauid
2031 628 2353 679 commissario
2378 631 2579 680 nomine

518 745 618 792 quo*
651 729 796 791 supra
829 726 1047 791 preleeta
1086 724 1313 789 primitus
1345 722 1587 787 potestate
1627 721 1775 770 officii
1807 721 1962 770 nostri
1996 723 2234 771 antedi&i
2258 725 2401 772 nobis
2425 726 2579 774 breue

514 817 961 883 perambulacionis
1001 818 1062 864 de
1097 815 1289 880 capella
1322 854 1330 863 .
1363 854 1371 863 .
1408 855 1417 863 .
1455 814 1588 879 regis
1628 824 1912 865 emanatum
1955 816 2101 881 super
2141 818 2578 881 perambulacione

512 910 676 958 fienda
710 909 841 957 inter
891 948 899 957 .
949 948 957 957 .
1005 907 1249 956 ..diuisas
1293 914 1538 955 terrarum
1574 907 1635 955 de
1668 906 2053 973 Ouchtirlowny
2078 916 2128 956 et
2154 908 2396 975 Craquhy
2444 950 2452 958 .
2506 950 2514 958 .
2568 951 2576 959 .

510 1001 814 1066 presentauit
838 1017 928 1049 nos
952 1000 1195 1049 inst-anter
1220 998 1523 1063 requirendo
1548 1006 1603 1048 ut
1627 998 1776 1064 ipsius
1801 1000 1970 1049 breuis
1995 1000 2127 1048 (11ἃο
2153 1001 2233 1050 (116
2283 1042 2292 1050 .
2331 1042 2339 1050 .
2381 1042 2393 1051 ..
2443 1003 2577 1051 (16111-

513 1105 611 1143 tam
633 1095 953 1158 dignaremur
970 1094 1134 1142 facere
1151 1092 1501 1142 execucionem
1528 1100 1677 1157 prout
1701 1092 1754 1140 in
1778 1092 1960 1141 itinere
1980 1093 2250 1142 iusticiarie
2292 1134 2300 1142 .
2345 1134 2353 1143 .
2398 1135 2406 1143 .
2445 1095 2576 1160 regis

510 1188 679 1236 vltimo
710 1205 876 1235 coram
920 1227 928 1236 .
970 1227 978 1236 .
1028 1225 1038 1235 .
1082 1186 1316 1235 Johanne
1356 1186 1558 1234 domino
1593 1186 1841 1252 Lindesay
1874 1187 1937 1235 de
1967 1186 2099 1236 Biris
2138 1187 2411 1236 iusticiario
2462 1227 2473 1237 .
2511 1228 2521 1237 .
2563 1227 2573 1237 .

507 1280 638 1344 regis
675 1297 734 1328 ex
775 1287 917 1344 parte
959 1279 1137 1328 boriali
1180 1296 1307 1343 aque
1347 1279 1408 1327 de
1449 1278 1605 1327 Forth
1644 1278 1950 1344 generaliter
1987 1278 2252 1328 constituto
2279 1288 2416 1329 tento
2443 1283 2574 1346 apud

506 1374 715 1437 burgum
734 1372 795 1420 de
812 1371 998 1420 Dunde
1013 1388 1104 1436 per
1138 1411 1146 1420 .
1185 1411 1194 1420 .
1228 1411 1237 1420 .
1272 1370 1626 1419 cancellarium
1662 1411 1671 1420 .
1710 1412 1719 1420 .
1759 1411 1768 1421 .
1797 1371 1931 1436 regis
1963 1411 1972 1420 .
2005 1412 2013 1420 .
2046 1411 2054 1420 .
2090 1372 2264 1421 extetit
2290 1374 2573 1422 ordinatum

506 1505 514 1512 .
547 1505 555 1512 .
593 1504 601 1512 .
638 1464 744 1512 Nos
769 1464 922 1529 igitur
956 1505 964 1513 .
1000 1505 1008 1513 .
1046 1505 1054 1513 .
1088 1464 1310 1529 predfflno
1335 1463 1479 1513 breui
1515 1464 1576 1512 de
1613 1464 1849 1513 mandato
1885 1463 2053 1512 nostro
2088 1464 2140 1512 in
2179 1465 2436 1529 presencia
2463 1483 2573 1531 pre-

507 1557 745 1605 di&arum
786 1558 1002 1622 partium
1049 1558 1270 1622 prole-sto
1318 1557 1456 1606 nullo
1503 1556 1872 1605 interueniente
1919 1556 2167 1619 legittimo
2214 1557 2572 1621 impedimento

506 1691 513 1698 .
549 1691 556 1698 .
590 1691 598 1699 .
633 1659 902 1716 propterea
933 1653 996 1700 ad
1021 1651 1169 1716 ipsius
1196 1651 1549 1700 cxecucionem
1582 1650 1857 1714 procedere
1889 1650 2172 1698 curauimus
2198 1679 2208 1689 ·
2238 1649 2409 1708 Quare
2436 1651 2571 1700 affisa

503 1744 745 1792 baronum
782 1753 831 1793 et
855 1745 1298 1794 liberetenencium
1325 1745 1457 1793 infra
1478 1743 1773 1808 scriptorum
1811 1743 1968 1792 ele&a
1994 1744 2058 1792 ad
2081 1744 2234 1809 ipsam
2260 1745 2570 1809 perambula-

505 1836 698 1884 cionem
725 1854 812 1902 per
838 1845 1060 1887 tenorem
1085 1839 1203 1887 (11611
1227 1838 1394 1886 breuis
1419 1837 1702 1886 faciendam
1729 1844 1778 1885 et
1802 1836 1968 1885 iurata
2000 1837 2286 1886 racionibus
2317 1878 2324 1886 .
2363 1877 2371 1886 .
2411 1878 2419 1886 .
2449 1839 2566 1886 vtri-

505 1931 655 1993 usque
693 1931 848 1994 partis
885 1972 892 1979 .
929 1972 937 1980 .
980 1972 987 1980 .
1027 1932 1209 1981 auditis
1249 1932 1310 1980 de
1352 1931 1589 1980 mandato
1629 1930 1797 1978 nostro
1826 1928 2056 1994 proceffit
2081 1957 2090 1967 ·
2116 1947 2325 1994 quorum
2366 1932 2570 1981 nomina

503 2020 635 2071 affise
674 2024 942 2087 sequuntur
1002 2065 1010 2074 .
1070 2065 1077 2074 .
1133 2065 1142 2074 .
1195 2025 1450 2074 VValterus
1508 2023 1697 2088 Ogilvy
1757 2023 1818 2071 dc
1878 2022 2085 2072 Bevfort
2123 2054 2133 2063 ·
2174 2023 2457 2072 Willelmus
2506 2025 2568 2073 de

505 2113 870 2182 Ouchtirlovny
913 2118 973 2166 dc
1012 2117 1164 2184 Kelly
1205 2145 1215 2156 ·
1253 2117 1510 2166 Walterus
1555 2116 1742 2182 Ogilvy
1785 2116 1847 2164 de
1889 2115 2306 2182 Innerquharady
2344 2148 2353 2158 ·
2397 2117 2567 2166 Dauid

503 2206 733 2257 Demstar
755 2211 816 2258 de
846 2209 1175 2259 Caraldstoun
1201 2240 1211 2249 ·
1238 2210 1408 2259 Dauid
1434 2209 1587 2276 Roffy
1612 2211 1674 2258 de
1709 2210 1882 2258 eodem
1909 2238 1919 2248 ·
1947 2209 2237 2258 Alexander
2277 2209 2564 2259 Cravmund

501 2301 561 2347 de
596 2302 836 2367 Melgond
861 2292 871 2340 ἔ
895 2302 1116 2353 Jacobus
1155 2303 1491 2370 Scrymgeour
1524 2303 1657 2351 filius
1693 2311 1742 2352 et
1779 2320 2024 2367 apparens
2065 2303 2211 2351 heres
2250 2303 2348 2351 11161
2384 2303 2566 2368 prefati

500 2394 535 2441 J
538 2394 745 2443 ohannis
775 2394 1108 2462 Scrymgeour
1133 2424 1143 2435 ·
1168 2398 1399 2446 Andreas
1436 2396 1654 2445 Moncur
1685 2396 1747 2444 de
1784 2396 1956 2445 eodem
1983 2423 1994 2433 ·
2020 2395 2240 2444 Michael
2273 2395 2467 2445 Durem
2505 2397 2566 2444 de

500 2487 546 2534 lc
594 2487 798 2552 Grange
842 2490 902 2537 de
945 2489 1209 2538 Monefuth
1254 2518 1264 2527 ·
1315 2490 1568 2538 Henricus
1617 2489 1830 2554 Ramsay
1873 2489 1935 2538 de
1978 2488 2226 2537 Newtibir
2267 2516 2277 2525 ·
2317 2489 2566 2538 Robertus

502 2579 816 2629 Fowlartoun
843 2582 904 2630 de
931 2582 1152 2630 Dunovn
1180 2612 1190 2622 ·
1216 2582 1555 2631 Archibaldus
1575 2582 1791 2648 Ramsay
1816 2583 1877 2630 de
1904 2581 2137 2630 Dunown
2163 2609 2173 2620 ·
2198 2581 2369 2630 Dauid
2388 2581 2566 2631 Oliuer

504 2673 564 2720 de
615 2671 762 2738 Gagy
801 2703 810 2712 ·
854 2673 1112 2722 Johannes
1160 2674 1402 2741 Malveyn
1450 2676 1511 2724 de
1559 2674 1733 2724 Disart
1773 2702 1783 2712 ·
1822 2682 1872 2724 et
1919 2674 2177 2723 Johannes
2228 2674 2464 2740 Carnegy
2503 2676 2564 2724 de

503 2765 674 2812 eodem
697 2793 706 2802 ·
731 2763 841 2822 Que
861 2783 979 2813 vero
1005 2765 1142 2814 affisa
1179 2807 1187 2815 .
1226 2807 1234 2815 .
1267 2807 1276 2816 .
1308 2768 1556 2831 predi&as
1592 2808 1601 2817 .
1641 2808 1650 2816 .
1689 2808 1698 2817 .
1737 2767 1918 2816 diuisas
1934 2768 1986 2816 in
2002 2767 2137 2816 hunc
2155 2768 2356 2815 modum
2372 2785 2564 2832 peram-

464 2837 467 2839 ·
500 2856 691 2905 bulauit
715 2884 725 2894 ·
750 2856 1044 2921 Incipiendo
1084 2858 1319 2908 videlicet
1357 2859 1524 2908 versus
1565 2860 1784 2909 austrum
1824 2861 1886 2909 ad
1924 2878 2159 2926 magnum
2207 2860 2426 2925 lapidem
2472 2878 2563 2925 pro

499 2957 632 2998 meta
678 2947 886 3014 pofitum
931 2967 990 2997 ex
1030 2959 1172 3014 parte
1212 2951 1510 3001 occidentali
1549 2953 1716 3017 magni
1761 2953 1877 3002 vadi
1918 2953 2171 3018 wlgariter
2204 2953 2479 3017 nuncupati
2517 2953 2564 3002 le
2626 2956 2631 2959 ’

502 3042 769 3092 Cowfurde
813 3042 894 3090 vbi
936 3059 1077 3090 mora
1111 3042 1249 3108 regia
1291 3051 1340 3092 et
1382 3051 1517 3093 terra
1549 3084 1558 3092 .
1595 3084 1604 3093 .
1643 3085 1652 3094 .
1691 3046 1884 3094 abbatis
1916 3086 1924 3095 .
1960 3087 1969 3095 .
2004 3086 2013 3095 .
2052 3054 2101 3095 et
2142 3053 2278 3095 terra
2314 3046 2375 3093 de
2417 3045 2564 3094 Lowr

499 3135 780 3184 adinuicem
821 3134 1191 3199 coniunguntur
1217 3162 1226 3171 ·
1252 3144 1302 3184 et
1335 3135 1398 3184 fic
1442 3139 1752 3201 ascendendo
1791 3142 1956 3190 versus
1991 3142 2194 3191 boream
2231 3158 2321 3206 per
2346 3141 2563 3190 diuersas

503 3236 656 3277 metas
694 3245 785 3292 per
827 3226 977 3292 ipsam
1029 3225 1210 3276 affisam
1249 3229 1425 3292 pofitas
1471 3248 1530 3279 ex
1570 3239 1713 3296 parte
1753 3235 2059 3284 'occidentali
2107 3242 2239 3283 terre
2288 3234 2419 3284 culte
2467 3251 2563 3298 que
