2762 3834
554 360 646 404 128
993 354 1415 408 REGISTRUM
1449 353 1547 402 DE
1583 350 2146 401 ABERBROTHOC.

549 569 888 641 Presentacio
914 586 1097 633 vicarie
1121 580 1427 647 penfionarie
1454 576 1656 626 ecclesie
1682 577 1744 624 de
1770 575 1945 641 Barry.

403 766 492 816 147
548 750 867 820 Reuerendo
893 805 901 813 .
929 804 937 812 .
966 802 975 811 .
1002 763 1200 811 domino
1225 761 1259 809 J
1263 761 1417 809 acobo
1445 797 1455 807 .
1485 797 1496 807 .
1524 799 1532 808 .
1560 758 1786 823 episcopo
1832 757 2188 808 Sanaiandree
2209 797 2219 808 .
2250 798 2260 807 .
2288 759 2597 811 ‚Malcomus

391 1879 483 1921 148

549 900 558 909 .
582 903 589 909 .
619 901 625 908 .
653 860 801 908 abbas
826 898 834 906 .
862 897 870 905 .
899 896 909 905 .
936 857 997 904 de
1023 853 1361 903 Abirbrothoc
1386 891 1394 900 .
1424 890 1434 900 .
1463 891 1472 899 .
1498 851 1815 900 reuerencias
1854 889 1864 899 .
1904 889 1914 899 .
1957 889 1967 899 .
2003 859 2052 900 et
2087 851 2301 901 honores
2325 880 2335 890 ·
2360 853 2443 902 Ad
2470 854 2595 903 vica-

545 954 666 1000 riam
707 948 1065 1015 pensionariam
1109 944 1311 995 ecclesie
1351 942 1678 1009 parrochialis
1719 943 1781 991 de
1820 942 1983 1008 Barry
2022 943 2182 993 vestre
2221 944 2424 994 diocesis
2469 984 2480 994 .
2525 984 2535 994 .
2583 985 2593 994 .

543 1051 797 1093 vacantem
822 1058 910 1107 per
933 1047 1141 1088 mortem
1170 1076 1180 1086 .
1204 1076 1213 1086 .
1242 1076 1253 1086 .
1280 1036 1502 1102 magistri
1528 1034 1807 1101 Mychaelis
1832 1035 2162 1101 Monypenny
2190 1074 2200 1084 .
2229 1074 2239 1084 .
2270 1074 2280 1084 .
2308 1037 2595 1102 magistrum

542 1136 880 1185 Alexandrum
908 1132 1206 1181 Thorntoun
1249 1168 1258 1179 .
1288 1168 1298 1178 .
1329 1168 1338 1178 .
1378 1128 1666 1194 paternitati
1704 1128 1863 1176 vestre
1889 1167 1899 1177 .
1928 1166 1938 1176 .
1969 1167 1979 1177 .
2005 1128 2343 1194 presentamus
2371 1169 2380 1178 .
2409 1169 2418 1177 .
2448 1171 2455 1179 .
2484 1150 2596 1180 exo-

540 1236 704 1277 rantes
729 1227 959 1291 quatinus
984 1225 1229 1290 prefatum
1264 1261 1273 1270 .
1303 1260 1313 1270 .
1342 1260 1351 1270 .
1384 1221 1547 1271 velitis
1584 1259 1593 1269 .
1634 1258 1644 1269 .
1685 1259 1695 1268 .
1732 1221 1784 1268 in
1825 1222 1998 1270 eadem
2035 1221 2292 1272 instituere
2321 1261 2331 1271 .
2362 1262 2371 1271 .
2402 1262 2411 1272 .
2442 1225 2594 1289 Apud

538 1319 882 1369 monasterium
910 1317 1129 1366 nostrum
1157 1353 1168 1364 .
1196 1353 1206 1363 .
1233 1354 1241 1363 .
1269 1314 1596 1363 decimonono
1622 1313 1703 1362 die
1735 1312 1911 1362 mensis
1935 1314 1971 1363 J
1974 1314 2062 1362 ulii
2098 1332 2229 1363 anno
2254 1315 2461 1364 Domini
2486 1318 2592 1365 mil-

538 1413 701 1461 lesimo
727 1409 1209 1476 quadringentesimo
1233 1406 1529 1472 sexagesimo
1554 1406 1728 1456 terci0.

536 1667 637 1738 De
662 1688 819 1736 officio
844 1687 1052 1752 derethy
1076 1687 1137 1735 de
1163 1685 1381 1735 TerweS.

536 1848 607 1919 In
634 1870 832 1918 nomine
857 1869 1062 1918 Domini
1088 1886 1231 1917 amen
1267 1898 1276 1908 ·
1315 1868 1412 1916 Per
1437 1868 1532 1916 hoc
1568 1904 1578 1915 .
1615 1905 1626 1916 .
1664 1905 1675 1916 .
1711 1876 1879 1933 pateat
1911 1905 1922 1916 .
1958 1905 1970 1916 .
2006 1906 2017 1916 .
2052 1869 2185 1932 quod
2206 1885 2337 1917 anno
2361 1868 2589 1918 incarna-

537 1963 691 2010 cionis
715 1962 959 2011 dominice
982 1961 1236 2010 millesimo
1262 1959 1747 2026 quadringentesimo
1772 1960 2070 2026 sexagesimo
2095 1961 2252 2010 tercio
2277 1960 2452 2010 mensis
2470 1978 2587 2009 vero

535 2054 826 2123 Decembris
863 2055 943 2102 die
971 2054 1181 2118 septima
1205 2082 1216 2093 ·
1248 2053 1518 2101 indiffione
1556 2053 1852 2102 duodecima
1879 2082 1889 2092 ·
1926 2053 2244 2117 pontificatus
2270 2091 2281 2102 .
2312 2091 2322 2101 .
2350 2091 2361 2101 .
2388 2053 2467 2102 Pii
2493 2091 2502 2101 .
2533 2089 2546 2101 .
2575 2091 2585 2100 .

535 2164 659 2211 pape
717 2147 917 2196 secundi
975 2163 1104 2195 anno
1161 2147 1295 2195 sexto
1331 2184 1342 2194 .
1376 2186 1384 2194 .
1421 2183 1431 2193 .
1468 2145 1689 2194 Thomas
1743 2145 2011 2211 Ranysoun
2062 2146 2220 2195 laicus
2276 2162 2585 2195 commorans

534 2241 583 2287 in
605 2240 723 2288 villa
747 2240 807 2288 de
828 2238 1088 2304 Bogfochil
1111 2239 1243 2287 infra
1265 2237 1580 2303 parrochiam
1605 2239 1667 2286 de
1689 2237 1892 2287 Terwas
1912 2277 1921 2287 .
1944 2276 1955 2287 .
1984 2276 1995 2287 .
2017 2247 2204 2288 cartam
2224 2276 2235 2287 .
2266 2277 2277 2288 .
2303 2277 2313 2287 .
2335 2239 2584 2303 quondam

534 2331 568 2378 J
572 2331 777 2379 ohannis
816 2368 826 2378 .
864 2369 873 2378 .
914 2368 924 2378 .
962 2330 1151 2379 abbatis
1183 2367 1194 2378 .
1223 2367 1234 2377 .
1264 2366 1274 2378 .
1309 2330 1370 2377 de
1395 2329 1734 2380 Abirbrothoc
1763 2369 1773 2379 .
1803 2369 1813 2379 .
1841 2368 1852 2379 .
1880 2330 2038 2397 sigillo
2065 2362 2075 2371 -
2103 2369 2114 2380 .
2144 2369 2155 2380 .
2182 2331 2387 2396 capituli
2414 2368 2425 2379 .
2454 2368 2466 2379 .
2495 2368 2506 2378 .
2531 2331 2583 2378 in

536 2423 647 2471 alba
687 2439 802 2471 cera
838 2440 898 2471 ex
934 2430 1140 2487 vtraque
1179 2431 1323 2486 parte
1359 2421 1584 2486 impresso
1612 2459 1623 2467 .
1653 2461 1663 2471 .
1693 2460 1704 2471 .
1731 2423 1851 2471 mihi
1879 2461 1889 2471 .
1919 2461 1930 2472 .
1958 2463 1969 2473 .
1994 2423 2235 2472 tradidit.
2273 2463 2281 2472 .
2320 2463 2329 2471 .
2366 2423 2418 2471 in
2454 2423 2582 2471 hanc

536 2514 783 2577 publicam
811 2514 1018 2562 formam
1055 2514 1346 2578 copiandam
1387 2551 1397 2561 .
1437 2551 1448 2561 .
1484 2551 1495 2561 .
1534 2514 1867 2579 cuiusquidem
1908 2524 2045 2565 carte
2080 2522 2225 2564 tenor
2248 2514 2466 2579 sequitur
2489 2552 2500 2562 .
2530 2553 2539 2563 .
2571 2552 2581 2562 .

540 2604 782 2652 Omnibus
807 2641 815 2651 .
845 2642 856 2652 .
886 2605 947 2653 .J
950 2605 1169 2653 ohannes
1196 2642 1207 2652 .
1235 2642 1246 2652 .
1276 2642 1287 2652 .
1315 2606 1492 2654 abbas.
1516 2644 1526 2653 .
1550 2643 1561 2654 .
1583 2608 1644 2655 de
1662 2608 2000 2656 Abirbrothoc
2020 2645 2031 2655 .
2054 2645 2064 2655 .
2083 2643 2095 2655 .
2112 2608 2316 2657 salutem
2336 2637 2346 2647 ·
2368 2607 2582 2656 Nouerit

537 2695 824 2745 vniuersitas
848 2696 1010 2744 vestra
1031 2714 1121 2744 nos
1145 2696 1325 2745 dedisse
1351 2734 1361 2744 .
1389 2735 1400 2746 .
1430 2735 1441 2745 .
1469 2697 1662 2747 Thome
1687 2701 1749 2748 de
1773 2699 2009 2749 Lochane
2035 2708 2084 2749 et
2107 2699 2373 2749 heredibus
2397 2699 2493 2748 suis
2518 2701 2580 2748 de

537 2805 743 2853 corpore
768 2788 851 2836 suo
875 2788 1147 2852 procreatis
1175 2825 1185 2836 .
1214 2825 1225 2836 .
1254 2825 1265 2836 .
1292 2789 1502 2837 officium
1528 2789 1738 2856 derethy
1761 2791 1916 2839 nostri
1940 2791 2002 2839 de
2030 2770 2232 2840 Terwas
2250 2820 2261 2830 ·
2283 2791 2578 2840 Tenendum

538 2919 547 2927 .
580 2919 589 2928 .
616 2919 625 2928 .
652 2881 1014 2944 imperpetuum
1039 2908 1049 2918 ·
1075 2879 1136 2927 In
1162 2880 1300 2928 cuius
1324 2880 1396 2928 rei
1421 2881 1752 2930 testimonium
1787 2882 1877 2931 has
1910 2883 2100 2931 litteras
2127 2920 2138 2931 .
2163 2920 2173 2930 .
2205 2920 2215 2931 .
2241 2883 2350 2931 fieri
2374 2883 2580 2932 fecimus

538 3011 546 3019 .
592 3011 600 3019 .
646 3012 655 3020 .
697 2972 831 3020 sexto
873 2972 953 3020 die
999 2970 1174 3020 mensis
1219 2971 1519 3036 Septembris
1563 2990 1694 3021 anno
1737 2975 1905 3038 gracie
1952 2974 2207 3023 millesimo
2249 2975 2578 3025 tricentefimo

534 3063 856 3129 octuagesimo
881 3070 1057 3127 quarto
1083 3092 1092 3102 ·
1119 3063 1306 3112 scilicet
1341 3080 1451 3112 cum
1488 3063 1638 3112 blado
1679 3064 1868 3114 farrina
1903 3075 1952 3115 et
1987 3066 2143 3115 caffiis
2168 3095 2179 3105 ·
2209 3065 2368 3131 Super
2400 3067 2577 3130 quibus

538 3195 548 3204 .
577 3195 587 3204 .
616 3193 627 3204 .
654 3156 810 3204 dietus
836 3154 1054 3203 Thomas
1091 3192 1102 3203 .
1140 3191 1151 3202 .
1191 3192 1202 3202 .
1238 3154 1386 3218 peciit
1424 3191 1435 3202 .
1474 3190 1485 3201 .
1524 3192 1535 3202 .
1574 3155 1901 3206 instrumenta
1933 3184 1943 3194 ·
1968 3159 2096 3207 Acta
2136 3166 2279 3207 erant
2319 3159 2412 3208 hec
2446 3159 2578 3207 infra
