2762 3834
543 404 608 448 20
994 390 1422 446 REGISTRUM
1457 388 1554 439 DE
1591 384 2156 437 ABERBROTHOC.

542 532 787 599 persecuti
827 533 1078 596 quousque
1115 544 1223 577 eam
1268 563 1280 574 .
1330 561 1342 572 .
1395 560 1408 572 .
1450 530 1504 572 vt
1539 538 1600 569 ex
1635 520 1864 570 eschaeta
1899 521 1962 570 de
1997 521 2107 570 iure
2148 521 2557 586 recuperauimus
2600 551 2609 561 ·

546 625 860 690 Quaquidem
888 630 1023 671 terra
1065 657 1077 668 .
1119 656 1130 668 .
1174 654 1186 667 .
1228 621 1526 680 recuperata
1548 630 1639 679 per
1662 614 1849 663 bonum
1875 613 2133 663 confilium
2154 614 2377 664 nostrum
2402 631 2612 680 perpen-

545 721 717 769 dentes
741 734 832 766 nos
866 733 967 764 non
1003 713 1133 779 pofl‘e
1166 710 1329 759 statim
1366 713 1594 758 tenentes
1626 713 1676 755 et
1700 706 1959 756 dominum
1995 706 2137 758 fimul
2172 708 2235 757 de
2271 709 2443 758 eadem
2477 715 2613 757 terra

543 827 719 876 gerere
743 809 795 857 in
819 809 913 856 hoc
940 806 1052 855 casu
1075 803 1377 870 pensataque
1413 838 1425 849 .
1465 837 1477 849 .
1517 837 1529 849 .
1563 799 1778 850 vtilitate
1802 800 2091 850 monasterii
2115 801 2271 851 nostri
2291 801 2614 851 consideratis

544 904 699 953 eciam
724 901 856 950 fideli
882 899 1092 949 seruicio
1137 934 1148 946 .
1194 934 1205 945 .
1251 934 1262 945 .
1306 901 1355 944 et
1380 894 1566 943 auxilio
1592 892 1821 943 Villelmi
1856 895 1918 943 de
1955 894 2210 944 Meldrum
2245 895 2337 944 filii
2362 895 2613 961 quondam

542 994 577 1043 J
580 992 787 1042 ohannis
812 993 873 1040 de
898 990 1149 1039 Meldrum
1189 987 1379 1037 domini
1413 986 1631 1035 eiusdem
1662 987 1807 1036 nobis
1847 1025 1858 1036 .
1900 1025 1912 1038 .
1952 1025 1963 1036 .
2001 987 2347 1054 multipliciter
2383 986 2615 1053 impensis

544 1095 592 1135 et
628 1084 972 1151 impendendis
1010 1120 1022 1132 .
1061 1120 1073 1132 .
1115 1121 1125 1131 .
1163 1081 1390 1131 dedimus
1429 1118 1441 1128 .
1483 1118 1494 1129 .
1534 1117 1546 1129 .
1584 1079 1842 1129 Willelmo
1881 1080 1943 1128 de
1983 1079 2237 1129 Meldrum
2276 1117 2287 1129 .
2328 1118 2339 1129 .
2381 1119 2391 1129 .
2430 1088 2615 1130 terram

541 1180 757 1230 nostram
804 1178 1077 1243 predictam
1126 1176 1187 1225 de
1236 1174 1531 1241 Banquhori
1586 1172 1815 1240 Dcweny
1877 1210 1889 1222 .
1955 1209 1967 1222 .
2030 1210 2042 1222 .
2100 1172 2397 1222 Tenendam
2462 1211 2473 1222 .
2535 1211 2545 1222 .
2604 1212 2614 1221 .

543 1272 797 1322 W'illelmo
823 1280 873 1320 et
909 1269 1177 1318 heredibus
1208 1268 1305 1318 suis
1343 1305 1355 1318 .
1394 1305 1406 1317 .
1445 1305 1457 1316 .
1493 1267 1566 1317 ita
1587 1265 1746 1317 libere
1785 1305 1796 1315 .
1834 1305 1845 1316 .
1884 1304 1895 1315 .
1930 1266 2052 1315 ficut
2076 1267 2330 1331 predictus
2364 1266 2615 1331 quondam

543 1365 770 1414 dominus
801 1363 996 1412 Alanus
1033 1361 1215 1411 dictam
1251 1368 1438 1411 terram
1483 1397 1496 1410 .
1541 1397 1553 1409 .
1599 1399 1611 1410 .
1653 1360 1815 1410 tenuit
1860 1397 1871 1408 .
1918 1397 1930 1408 .
1976 1397 1988 1408 .
2029 1359 2285 1409 Faciendo
2323 1360 2443 1409 inde
2488 1397 2500 1408 .
2546 1396 2557 1407 .
2604 1397 2615 1408 .

544 1458 743 1507 domino
770 1455 936 1505 nostro
962 1454 1072 1521 regi
1105 1453 1369 1503 seruicium
1404 1454 1467 1504 de
1503 1461 1644 1504 tanta
1676 1460 1814 1503 terra
1848 1453 2071 1502 debitum
2106 1492 2119 1504 .
2166 1492 2177 1502 .
2223 1490 2236 1503 .
2270 1461 2320 1503 et
2355 1453 2613 1503 reddendo

542 1552 659 1600 inde
684 1550 941 1600 annuatim
966 1548 1169 1597 domino
1205 1546 1315 1614 regi
1353 1555 1554 1597 centum
1588 1546 1770 1594 solidos
1806 1545 2147 1610 stirlingorum
2173 1555 2222 1595 et
2253 1546 2397 1595 nobis
2431 1555 2481 1595 et
2513 1546 2615 1595 suc·

545 1645 805 1696 cefforibus
836 1642 1018 1691 nostris
1041 1641 1245 1690 nominc
1270 1640 1558 1689 feodefirme
1585 1638 1767 1705 vigInti
1802 1639 1983 1688 solidos
2022 1639 2379 1705 styrlingorum
2419 1639 2483 1688 ad
2520 1647 2618 1688 ter-

543 1737 703 1786 minos
745 1735 933 1784 vsuales
970 1742 1020 1784 et
1056 1734 1199 1782 nobis
1239 1740 1288 1782 et
1328 1731 1682 1782 succefforibus
1718 1731 1900 1781 nostris
1938 1731 2225 1796 homagium
2267 1739 2316 1781 et
2353 1731 2617 1782 seruicium

545 1829 896 1879 nichilominus
920 1828 1151 1877 faciendo
1184 1854 1195 1866 ·
1231 1826 1411 1876 Dictus
1435 1842 1558 1875 uero
1583 1823 1869 1873 Willelmus
1894 1831 1943 1873 et
1966 1823 2181 1874 heredes
2209 1824 2281 1873 sui
2306 1824 2444 1873 nullo
2470 1825 2618 1875 modo

546 1923 723 1971 dietam
762 1930 945 1971 terram
994 1958 1005 1970 .
1055 1959 1066 1970 .
1115 1960 1126 1971 .
1174 1920 1465 1970 alienabunt
1507 1918 1607 1967 fine
1648 1918 1819 1967 nostra
1853 1917 1934 1968 vel
1971 1917 2297 1969 successorum
2336 1918 2617 1969 nostrorum

543 2016 755 2065 licencia
791 2015 990 2080 speciali
1035 2044 1046 2054 ·
1088 2014 1148 2063 In
1188 2031 1401 2080 quorum
1442 2011 1665 2061 omnium
1707 2011 2043 2062 testimonium
2080 2012 2169 2062 vvni
2206 2013 2339 2078 parti
2376 2013 2619 2078 presentis

544 2108 713 2174 scripti
736 2108 982 2158 indentati
1014 2125 1168 2174 penes
1190 2107 1378 2156 dictum
1403 2104 1714 2155 Willelmum
1740 2112 1790 2154 et
1812 2104 2024 2155 heredes
2049 2105 2158 2155 suos
2183 2106 2462 2155 remanenti
2488 2123 2617 2155 com-

545 2218 692 2250 mune
719 2200 929 2267 sigillum
956 2200 1163 2266 capituli
1194 2198 1349 2248 nostri
1381 2206 1614 2265 patenter
1645 2198 1829 2264 apponi
1866 2199 2074 2248 fecimus
2113 2228 2124 2238 ·
2164 2199 2324 2249 altera
2348 2216 2466 2248 vero
2502 2216 2618 2264 pars

544 2311 697 2358 penes
721 2311 812 2342 nos
845 2331 857 2343 .
896 2330 906 2341 .
941 2331 950 2342 .
990 2293 1147 2359 figillo
1169 2293 1287 2343 dicti
1307 2291 1551 2342 Willelmi
1577 2299 1804 2342 remanet
1823 2292 2112 2357 contignata
2135 2320 2146 2332 ·
2171 2292 2354 2341 Actum
2379 2299 2429 2341 et
2448 2292 2617 2341 datum

544 2385 595 2432 in
620 2386 748 2434 dieto
768 2385 986 2450 capitulo
1007 2385 1214 2452 septimo
1234 2385 1428 2434 decimo
1448 2385 1530 2434 die
1554 2384 1731 2434 mensis
1753 2384 1986 2436 octobris
2011 2402 2143 2434 anno
2165 2385 2336 2452 gracie
2359 2384 2617 2435 millesimo

548 2479 890 2528 trecentefimo
916 2478 1290 2544 quadragesimo
1315 2479 1453 2528 sexto
1478 2508 1489 2518 ·
1516 2479 1637 2528 teste
1662 2466 1836 2528 eodem
1862 2478 2097 2544 capitulo.

548 2733 758 2805 Contra
780 2757 1046 2822 burgenses
1072 2759 1133 2808 de
1160 2759 1346 2810 Dunde
1371 2760 1433 2810 de
1459 2762 1718 2811 exactione
1744 2760 1932 2810 tolonei
1958 2767 2008 2810 et
2032 2759 2418 2809 consuetudinis.

548 2915 752 2987 Pateat
780 2938 1020 2987 vniuerfis
1059 2957 1148 3005 pcr
1185 2943 1438 3006 presentes
1477 2945 1611 3009 quod
1650 2961 1817 2994 coram
1856 2960 1936 2992 me
1967 2943 2224 2994 Willelmo
2260 2944 2322 2992 de
2360 2942 2613 2992 Meldrum

550 3028 870 3077 commissario
898 3030 1195 3080 coniunctim
1236 3042 1285 3083 et
1320 3035 1512 3085 diuifim
1545 3054 1657 3086 cum
1697 3074 1708 3086 .
1750 3073 1761 3085 .
1801 3074 1814 3086 .
1847 3035 2050 3085 domino
2077 3035 2249 3085 Dauid
2275 3036 2337 3084 de
2362 3034 2614 3100 Berkelay

549 3121 705 3170 milite
745 3122 982 3186 deputato
1030 3123 1080 3171 in
1129 3123 1222 3173 hac
1269 3135 1411 3190 parte
1458 3146 1550 3193 per
1586 3166 1599 3179 .
1645 3166 1657 3178 .
1703 3167 1715 3179 .
1757 3128 2072 3179 Willelmum
2113 3128 2344 3177 comitem
2385 3127 2447 3176 de
2489 3128 2613 3175 Ross

548 3213 900 3278 dominumque
937 3215 997 3262 de
1027 3214 1131 3281 Sky
1157 3234 1215 3265 ac
1242 3217 1570 3281 justiciarium
1607 3238 1665 3270 ex
1705 3229 1846 3286 parte
1877 3221 2154 3286 aquilonali
2187 3238 2314 3285 aque
2354 3220 2416 3269 de
2455 3219 2496 3268 F
2499 3220 2612 3268 orth
