2742 3848
552 355 649 398 510
1002 347 1429 399 REGISTRUM
1463 346 1561 395 DE
1596 343 2157 396 ABERBROTHOC.

553 483 859 532 Willelmum
885 483 1139 532 dominum
1167 481 1402 529 Ruthuen
1428 479 1659 528 concedit
1683 477 1718 527 J
1721 479 1876 527 acobo
1902 478 2066 529 Wode
2097 480 2181 528 suo
2215 479 2318 528 filio
2356 490 2403 529 et
2443 480 2610 529 heredi

552 576 813 640 apparenti
839 583 887 624 et
911 575 1015 623 eius
1040 573 1209 638 sponse
1233 571 1497 621 Elizabeth
1523 571 1761 621 Ruthuen
1785 571 1886 620 filie
1911 571 2031 620 dieti
2061 572 2251 621 domini
2276 581 2326 622 et
2347 573 2612 623 heredibus

553 668 683 716 inter
702 668 830 732 ipsos
850 666 1069 730 legitime
1088 664 1363 730 procreatis
1385 693 1395 703 ·
1419 663 1598 728 quibus
1616 664 1961 714 deficientibus
1979 665 2245 714 heredibus
2264 666 2345 714 seu
2366 666 2613 731 affignatis

551 761 729 809 Jacobi
766 759 1137 824 quibuscunque
1175 789 1185 798 ·
1222 765 1380 806 terras
1422 757 1484 805 de
1528 756 1821 823 Newbegyn
1858 774 1970 807 cum
2013 758 2299 807 molendino
2342 758 2611 806 earundem

552 852 911 918 Kyrktonmyll
951 858 1239 915 nuncupato
1280 867 1339 898 ac
1382 848 1599 898 eiusdem
1644 850 1921 899 molendini
1963 850 2160 899 astricta
2201 850 2419 899 multura
2459 850 2611 898 ordeo

553 945 810 994 custumali
834 961 966 1009 ryng
997 944 1110 1008 beyr
1141 949 1430 1007 nuncupato
1467 949 1516 991 et
1552 941 1663 990 aliis
1699 942 1918 992 deuoriis
1955 942 2199 991 consuetis
2233 942 2286 990 in
2321 942 2530 992 baronia
2563 951 2611 990 et

549 1037 809 1103 regalitate
850 1037 913 1085 de
953 1035 1213 1102 Arbroyth
1254 1034 1475 1083 dominio
1518 1035 1580 1084 de
1621 1034 1762 1101 Athy
1804 1043 1853 1084 et
1895 1035 2245 1084 vicecomitatu
2284 1036 2345 1084 de
2387 1035 2565 1083 Forfar
2602 1062 2611 1071 ·

551 1131 824 1179 Reddendo
850 1128 1085 1178 victualia
1110 1127 1437 1193 pecuniarum
1462 1127 1670 1177 summas
1695 1136 1745 1177 et
1769 1128 1869 1176 alia
1903 1128 2112 1177 deuoria
2135 1145 2194 1177 ac
2218 1127 2428 1176 seruicia
2462 1135 2610 1192 prout

546 1224 601 1271 in
627 1230 765 1270 carta
788 1221 876 1285 ipfi
902 1220 1157 1269 Willelmo
1181 1237 1271 1285 per
1295 1221 1525 1269 abbatem
1550 1222 1774 1270 confefflza
1810 1221 2094 1270 continetur
2120 1252 2130 1262 ·
2159 1220 2315 1271 Carta
2338 1221 2454 1269 data
2479 1221 2610 1285 apud

547 1315 837 1364 Edinburch
887 1319 917 1369 9
967 1313 1182 1378 Augusti
1232 1317 1361 1362 1532
1409 1312 1613 1362 testibus
1666 1313 1904 1379 magistro
1950 1313 2172 1363 Roberto
2220 1313 2501 1378 Galbrayth
2548 1314 2609 1361 de

550 1407 596 1454 V
598 1407 845 1473 ynschalis
891 1438 900 1448 -
947 1407 1148 1455 domino
1193 1406 1416 1472 Georgio
1457 1405 1691 1455 Wawane
1738 1409 1931 1455 rectore
1979 1407 2041 1455 de
2089 1405 2273 1455 Monze
2322 1436 2331 1445 ·
2377 1405 2610 1454 Johanne

548 1500 851 1548 Haliburton
894 1526 905 1538 ·
956 1499 1179 1565 Georgio
1221 1498 1530 1549 Haliburton
1578 1526 1588 1536 ·
1633 1498 1860 1548 Waltero
1906 1497 2199 1565 Somyrwell
2244 1498 2296 1546 in
2349 1497 2551 1563 Humby
2600 1528 2608 1535 ·

547 1593 746 1641 domino
789 1593 907 1641 Ada
954 1592 1205 1642 Turnbull
1240 1592 1500 1657 capellano
1536 1599 1586 1641 et
1622 1591 1936 1640 Allexandro
1962 1590 2157 1656 Yowng
2195 1591 2402 1640 notariis
2445 1619 2454 1628 ·
2498 1608 2606 1639 cum

546 1685 749 1734 diuersis
775 1685 883 1734 aliis
907 1712 918 1722 ·
946 1684 1282 1735 Confirmacio
1309 1684 1426 1734 data
1450 1685 1583 1749 apud
1607 1684 1961 1734 monasterium
1990 1688 2051 1732 15
2077 1682 2291 1749 Augusti
2320 1687 2465 1732 1532.

394 1955 487 2007 4731)
547 1939 700 2011 Idem
734 1960 985 2011 constituit
1015 1962 1151 2010 suum
1188 1962 1480 2011 seruitorem
1513 1961 1877 2011 Archibaldum
1914 1961 2097 2012 Heriot
2131 1970 2507 2028 procuratorem
2544 1964 2607 2012 ad

545 2055 875 2104 intimandum
901 2056 1150 2119 quandam
1175 2056 1569 2122 appellacionem
1607 2054 1728 2103 alias
1762 2072 1854 2120 per
1889 2054 2047 2119 ipsum
2082 2055 2396 2105 introie&am
2433 2042 2607 2105 contra

545 2148 579 2195 J
583 2148 790 2195 acobum
818 2146 1173 2197 Sancti-andree
1199 2148 1623 2214 archiepiscopum
1645 2156 1694 2197 et
1715 2146 1991 2213 Georgium
2010 2147 2418 2198 Dunkeldensem
2436 2149 2605 2198 Allex-

546 2240 754 2287 andrum
795 2239 1158 2289 Morauiensem
1199 2240 1485 2290 Johannem
1524 2240 1911 2289 Brechinensem
1951 2248 2000 2289 et
2036 2240 2345 2290 Willelmum
2379 2241 2604 2291 Dunbla-

545 2332 742 2380 nensem
780 2332 1030 2397 episcopos
1056 2350 1113 2381 ac
1138 2333 1363 2382 dominos
1398 2333 1434 2382 J
1437 2333 1647 2383 acobum
1682 2333 1960 2399 Kyncragy
1987 2342 2036 2382 et
2064 2333 2348 2383 Gilbertum
2383 2333 2604 2383 Stratha-

547 2425 716 2490 quhyn
743 2426 985 2474 decanum
1011 2434 1060 2474 et
1086 2426 1380 2474 canonicum
1405 2426 1802 2474 Abirdonensem
1827 2432 1877 2474 et
1902 2425 2025 2474 alios
2057 2442 2267 2490 quorum
2302 2425 2507 2475 interest
2542 2427 2604 2474 ob

548 2517 840 2580 grauamina
862 2517 1160 2565 monasterio
1185 2517 1400 2566 ecclefiis
1425 2526 1475 2567 et
1500 2518 1646 2566 terris
1672 2518 1887 2567 eiusdem
1916 2518 2058 2567 illata
2091 2519 2152 2567 ad
2189 2518 2353 2567 sedem
2377 2519 2602 2583 apostoli-

551 2626 656 2656 cam
682 2637 692 2646 ·
716 2610 778 2656 ad
802 2610 1071 2673 petendum
1097 2610 1341 2674 apostolos
1367 2641 1376 2650 -
1405 2619 1455 2660 et
1479 2610 1646 2660 omnia
1671 2610 1769 2659 alia
1794 2610 2077 2660 faciendum
2102 2611 2153 2659 in
2178 2611 2417 2675 premiffis
2442 2613 2604 2661 neces-

551 2700 678 2747 saria
704 2727 713 2735 ·
742 2704 803 2747 14
832 2699 1134 2765 Septembris
1164 2707 1307 2751 1532.

405 2985 499 3036 770
554 2960 706 3032 Idem
733 2982 985 3032 constituit
1008 2982 1264 3047 magistros
1290 2990 1338 3031 et
1363 2983 1587 3032 dominos
1611 2983 1646 3032 J
1650 2986 1858 3033 acobum
1886 2983 2162 3035 Cartefium
2189 3013 2199 3023 ·
2226 2984 2601 3050 Barringarium

555 3075 773 3141 Saganta
806 3101 815 3110 ·
849 3073 1148 3122 Michaelem
1173 3074 1234 3122 de
1262 3073 1409 3123 Toda
1441 3107 1451 3116 ·
1486 3075 1521 3124 J
1524 3076 1770 3125 ohannem
1798 3077 2062 3126 Thornton
2090 3108 2100 3118 ·
2127 3077 2296 3127 Dauid
2324 3078 2567 3129 Cristeson
2593 3100 2602 3109 ·

552 3168 796 3215 Thomam
824 3165 1001 3231 Trayll
1026 3192 1036 3202 ·
1062 3174 1111 3214 et
1136 3165 1257 3214 alios
1283 3195 1293 3205 ·
1318 3165 1426 3215 suos
1451 3178 1800 3231 procuratores
1820 3171 1884 3219 ad
1904 3171 2288 3235 comparendum
2309 3171 2360 3220 in
2381 3172 2603 3220 Romana
