2762 3834
620 374 1051 426 REGISTRUM
1085 374 1183 425 DE
1220 371 1786 425 ABERBROTHOC.
2168 375 2232 425 65

164 546 176 561 .
216 545 227 556 .
267 546 278 556 .
304 507 581 574 penultimo
607 510 688 559 die
713 509 891 559 menfis
913 509 952 559 J
953 509 1043 558 ulii
1068 526 1200 559 anno
1226 508 1431 558 Domini
1453 507 1713 558 millesimo
1738 505 2229 574 quadringentesimo

162 599 406 650 trieefimo
432 608 626 666 quarto.

162 856 452 931 Affedacio
482 877 555 945 [in
580 877 893 944 feodofirma]
922 877 1064 943 pecie
1089 884 1222 927 terre
1246 877 1309 927 de
1333 875 1531 927 Forsar.

45 1064 105 1118 71
162 1040 428 1114 Omnibus
469 1098 480 1112 .
526 1099 538 1112 .
585 1100 596 1111 .
641 1062 896 1112 Walterus
923 1098 935 1110 .
973 1098 985 1110 .
1021 1099 1033 1111 .
1058 1062 1211 1111 abbas
1248 1099 1259 1111 .
1300 1100 1311 1111 .
1352 1100 1363 1111 .
1400 1062 1461 1111 de
1486 1060 1827 1111 Abirbrothoe
1866 1098 1876 1109 .
1917 1094 1929 1109 .
1969 1097 1980 1109 .
2017 1058 2224 1108 salut-em

162 1194 173 1204 .
210 1194 221 1204 .
261 1194 272 1205 .
314 1155 495 1206 Sciatis
541 1172 633 1204 nos
669 1193 680 1205 .
720 1192 731 1203 .
773 1193 784 1204 .
822 1156 886 1204 ad
932 1154 1296 1209 feodofirmam,
1323 1154 1549 1203 dimisisse
1587 1192 1599 1203 .
1639 1190 1651 1203 .
1692 1191 1704 1203 .
1742 1153 1950 1203 Andree
1999 1151 2223 1219 Tryppis

162 1287 172 1297 .
210 1286 221 1298 .
260 1287 271 1298 .
301 1250 497 1314 peciam
538 1257 673 1298 terre
712 1286 723 1296 .
765 1286 776 1297 .
817 1285 828 1296 .
860 1248 1117 1312 jacentem
1149 1247 1202 1295 in
1244 1247 1404 1313 burgo
1446 1248 1509 1296 de
1547 1247 1758 1296 Forfare
1797 1246 1849 1295 in
1883 1246 1992 1295 vieo
2025 1245 2123 1296 fori
2162 1261 2223 1294 ex

157 1349 301 1407 parte
325 1342 515 1391 boreali
542 1341 758 1390 eiusdem
786 1340 884 1389 vici
907 1341 1041 1389 inter
1077 1347 1260 1389 terram
1285 1337 1460 1388 Dauid
1494 1339 1711 1405 Ramsay
1737 1356 1798 1388 ex
1823 1338 2223 1404 parteoeciden·

157 1435 247 1484 tali
296 1472 307 1483 .
360 1472 371 1483 .
423 1471 434 1483 .
472 1441 523 1483 et
569 1441 756 1483 terram
804 1432 1014 1482 Patrieii
1063 1430 1503 1496 Schoreesehaugh
1550 1448 1610 1479 ex
1653 1439 1798 1495 parte
1846 1430 2079 1480 orientali
2117 1467 2129 1480 .
2166 1466 2177 1479 .
2213 1468 2223 1478 .

156 1526 460 1591 quequidem
497 1525 643 1590 peeia
686 1563 696 1574 .
741 1562 752 1573 .
795 1563 806 1574 .
850 1525 944 1574 fuit
991 1524 1198 1573 Ricardi
1244 1523 1495 1572 Johannis
1542 1523 1633 1571 filii
1674 1524 1925 1588 quondam
1973 1523 2222 1573 Johannis

158 1618 354 1668 Thome
376 1626 426 1668 et
451 1636 599 1683 quam
623 1618 756 1666 idem
783 1617 1032 1666 Ricardus
1061 1654 1072 1665 .
1099 1654 1110 1665 .
1141 1655 1152 1666 .
1176 1617 1239 1665 ad
1263 1616 1414 1664 finem
1438 1616 1679 1664 borialem
1715 1616 1881 1681 pontis
1905 1617 1967 1665 de
1991 1615 2146 1665 Perth
2171 1616 2224 1664 in

155 1711 415 1778 presencia
453 1750 463 1760 .
501 1749 512 1760 .
546 1749 557 1760 .
589 1710 834 1760 Willelmi
861 1712 923 1759 de
952 1710 1155 1776 Guthry
1182 1738 1192 1748 -
1219 1708 1392 1757 Dauid
1426 1708 1634 1758 Paniter
1659 1736 1669 1747 ·
1693 1709 1917 1774 magistri
1943 1709 2225 1759 Alexandri

157 1805 219 1853 de
256 1804 459 1870 Guthry
485 1831 495 1841 ·
524 1803 743 1853 Gilberti
778 1803 961 1852 Brown
987 1831 997 1841 ·
1017 1802 1233 1852 Walteri
1259 1801 1443 1850 Brown
1468 1828 1478 1839 ·
1502 1801 1822 1865 burgensium
1858 1802 1919 1850 de
1956 1801 2113 1852 Perth
2138 1830 2148 1841 ·
2176 1810 2225 1851 et

156 1897 404 1946 Johannis
437 1895 678 1961 Stephani
701 1895 958 1962 burgensis
984 1897 1046 1946 de
1070 1894 1251 1944 Forfar
1285 1932 1297 1944 .
1339 1933 1350 1944 .
1390 1932 1401 1943 .
1435 1895 1488 1943 in
1523 1911 1700 1943 manus
1724 1894 1917 1944 nostras
1954 1873 2225 1960 refignauit

161 2029 174 2039 .
213 2028 224 2039 .
267 2027 278 2038 .
317 2007 409 2055 pro
437 1991 484 2038 se
503 1998 553 2039 et
576 1989 843 2039 heredibus
868 1989 966 2039 suis
1001 2027 1013 2039 .
1049 2026 1061 2038 .
1097 2026 1108 2038 .
1145 1988 1443 2038 Tenendam
1477 2025 1488 2037 .
1525 2026 1536 2037 .
1574 2026 1585 2037 .
1621 1988 1676 2037 in
1699 1988 1847 2038 feodo
1873 1994 1922 2038 et
1944 1988 2224 2039 hereditate

157 2083 522 2148 imperpetuum
545 2100 657 2132 eum
677 2082 905 2131 omnibus
927 2120 937 2131 .
967 2120 979 2131 .
1008 2120 1019 2131 .
1043 2082 1371 2148 pertinenciis
1398 2120 1409 2131 .
1439 2119 1451 2131 .
1477 2120 1488 2131 .
1514 2082 1794 2131 Reddendo
1820 2119 1832 2131 .
1861 2119 1872 2131 .
1901 2120 1912 2131 .
1939 2082 2225 2148 quindecim

158 2175 392 2225 denarios
430 2175 609 2224 vsualis
648 2184 848 2224 monete
883 2175 1029 2241 regni
1068 2174 1244 2225 Scoeie
1282 2211 1294 2225 .
1331 2213 1342 2225 .
1380 2213 1391 2224 .
1429 2175 1494 2225 ad
1529 2176 1653 2224 duos
1689 2173 1809 2224 anni
1841 2176 2081 2224 terminos
2119 2214 2130 2225 .
2168 2212 2179 2225 .
2215 2214 2224 2224 .

158 2277 272 2318 eum
302 2267 493 2317 stabulo
529 2267 833 2332 competenti
866 2274 1058 2316 tantum
1100 2285 1193 2334 pro
1236 2269 1371 2318 omni
1413 2269 1512 2318 alio
1551 2285 1703 2318 onere
1740 2306 1751 2317 .
1781 2305 1793 2317 .
1826 2305 1837 2318 .
1872 2267 1935 2318 In
1972 2268 2111 2317 cuius
2152 2269 2224 2318 rei

158 2358 496 2410 testimonium
535 2359 748 2425 figillum
783 2395 795 2408 .
834 2397 846 2409 .
887 2396 898 2409 .
933 2360 1140 2425 capituli
1175 2398 1187 2410 .
1228 2399 1239 2410 .
1277 2401 1288 2412 .
1325 2362 1396 2413 est
1441 2363 1714 2430 appensum
1750 2399 1762 2412 .
1796 2399 1808 2412 .
1843 2400 1854 2411 .
1892 2361 2107 2412 secundo
2143 2362 2224 2411 die

158 2452 335 2502 mensis
359 2450 574 2518 Augusti
599 2469 732 2501 anno
758 2459 853 2502 ete.
879 2452 1126 2502 tricesimo
1150 2453 1270 2504 iiiiw.

160 2706 446 2779 Affedacio
471 2733 722 2776 terrarum
746 2728 809 2777 de
834 2726 1102 2778 Murdrum
1127 2735 1178 2777 et
1205 2727 1523 2795 Cranegedy.

45 2913 106 2966 72
159 2890 437 2964 Uniuerfis
472 2920 641 2978 pateat
679 2951 691 2963 .
728 2942 742 2962 .-
770 2950 782 2963 .
819 2931 909 2963 nos
945 2913 1228 2963 Walterum
1265 2951 1276 2962 .
1310 2951 1321 2963 .
1358 2950 1370 2963 .
1402 2914 1632 2964 abbatem
1661 2953 1673 2964 .
1702 2951 1714 2963 .
1742 2952 1754 2965 .
1781 2915 1843 2965 de
1882 2913 2221 2964 Abirbrotboc

212 3042 223 3053 .
261 3042 272 3054 .
306 3006 371 3055 ad
387 3005 581 3054 firmam
602 3005 826 3055 dimififl'e
858 3042 870 3056 .
898 3044 910 3055 .
940 3043 951 3055 .
980 3006 1205 3056 Johanni
1225 3007 1365 3056 Rede
1401 3045 1412 3056 .
1449 3044 1460 3055 .
1493 3045 1505 3056 .
1539 3016 1700 3058 terras
1730 3044 1742 3057 .
1777 3045 1789 3056 .
1822 3045 1834 3057 .
1869 3008 1930 3057 de
1956 3006 2220 3056 Murdrum

157 3097 218 3146 de
257 3096 559 3166 Carnegedy
585 3106 634 3147 et
671 3106 783 3146 eum
821 3105 958 3148 terra
992 3116 1089 3163 que
1126 3099 1310 3162 dicitur
1346 3099 1570 3150 Forfaris
1594 3099 1753 3150 Banks
1797 3101 2049 3150 reseru'ato
2084 3099 2135 3147 in
2172 3098 2218 3147 le

55 3261 57 3263 Ι
158 3187 302 3238 Bank
327 3189 535 3242 tranfitu
561 3190 624 3239 ad
649 3207 830 3254 aquam
856 3190 1155 3240 animalibus
1178 3191 1549 3241 husbandoruin
1569 3192 1631 3241 de
1656 3192 1950 3258 Aehmuthy'
1968 3191 2003 3240 fi
2029 3187 2216 3240 neeefl'e

1178 3291 1194 3322 Ι
