2762 3834
608 364 706 413 360
1057 358 1481 413 REGISTRUM
1514 357 1611 407 DE
1646 355 2205 409 ABERBROTHOC.

606 497 668 545 ad
693 496 881 545 boriam
906 503 957 544 et
980 502 1162 543 terram
1179 491 1391 541 Walteri
1416 489 1533 539 Scot
1552 489 1615 537 ad
1634 489 1853 538 austrum
1871 490 1977 539 xiiii
2000 508 2022 539 s
2043 490 2285 540 monacho
2310 490 2373 539 de
2397 491 2649 539 communi

605 588 667 636 de
703 586 927 636 Arbroth
968 612 978 622 ·
1020 593 1068 633 et
1110 584 1266 633 eciam
1304 581 1559 630 reddendo
1601 580 1724 629 duos
1761 581 1940 631 solidos
1981 583 2043 631 de
2085 599 2182 632 vno
2221 589 2329 631 orto
2366 582 2557 631 iacente
2596 582 2646 630 in

603 678 832 726 Lorburn
870 677 1001 724 inter
1038 683 1222 724 terram
1261 672 1440 722 Jacobi
1482 672 1692 739 Galway
1727 674 1790 722 ad
1828 674 2138 724 occidentem
2165 682 2215 723 et
2243 682 2427 724 terram
2454 674 2646 723 Thome

604 770 730 835 Tyri
755 770 816 818 ad
843 769 1081 817 orientem
1108 767 1269 815 eidem
1292 766 1403 814 loco
1429 765 1510 814 seu
1535 764 1779 815 monacho
1801 766 2167 815 communitatis
2191 766 2405 816 eiusdem
2428 766 2526 815 loci
2557 794 2567 804 ·
2597 774 2646 814 et

601 862 756 910 eciam
781 861 1033 909 reddendo
1058 860 1277 923 quinque
1302 858 1481 906 solidos
1506 858 1568 907 de
1593 875 1690 907 vno
1716 865 1825 907 orto
1857 858 2052 907 iacente
2083 858 2137 906 in
2171 857 2401 906 Lorburn
2434 857 2563 906 dieto
2594 857 2644 922 ly

598 954 762 1002 Grene
805 952 974 1001 Yarde
1021 952 1152 1000 inter
1195 958 1379 1000 terram
1425 950 1633 999 Patricii
1675 948 1820 998 Seras
1861 950 1924 998 ad
1965 949 2206 998 orientem
2249 957 2298 998 et
2336 965 2644 998 communem

598 1043 839 1092 venellam
887 1044 949 1092 ad
997 1042 1306 1092 occidentem
1349 1042 1413 1090 ad
1455 1041 1610 1091 altare
1653 1040 1819 1092 saneti
1868 1041 2103 1091 Nicholai
2144 1041 2197 1089 in
2238 1040 2534 1090 monasterio
2581 1042 2643 1090 de

594 1136 815 1186 Arbroth
858 1164 868 1175 ·
907 1135 1038 1184 Volo
1075 1136 1233 1184 eciam
1264 1142 1313 1184 et
1344 1135 1522 1183 ordino
1547 1132 1920 1199 disposicionem
1945 1133 2073 1182 diae
2099 1133 2372 1198 capellanie
2396 1133 2519 1181 mihi
2553 1133 2642 1198 ipfi

592 1228 826 1292 quamdiu
850 1228 901 1276 in
926 1227 1155 1277 humanis
1180 1227 1352 1276 vixero
1378 1256 1388 1266 ·
1415 1235 1464 1277 et
1489 1227 1885 1291 quandocunque
1908 1226 2018 1291 post
2041 1232 2251 1274 mortem
2275 1241 2435 1273 meam
2460 1225 2640 1274 didam

590 1319 914 1383 capellaniam
949 1336 1039 1383 per
1075 1325 1283 1367 mortem
1331 1319 1719 1384 refignacionem
1760 1317 1842 1366 uel
1880 1334 2226 1382 quamcunque
2261 1317 2409 1366 aliam
2447 1317 2640 1366 causam

589 1429 766 1461 vacare
807 1411 1073 1476 contigerit
1114 1420 1296 1461 extunc
1339 1411 1584 1476 capellani
1627 1409 1932 1459 succedentis
1972 1408 2280 1474 presentacio
2325 1410 2388 1458 ad
2430 1408 2639 1458 balliuos

589 1515 637 1554 et
662 1504 1038 1569 comburgenses
1061 1503 1208 1568 burgi
1233 1504 1295 1552 de
1319 1503 1543 1552 Arbroth
1572 1503 1753 1567 spe&et
1777 1509 1826 1550 et
1849 1501 2098 1566 pertineat
2129 1501 2276 1566 pleno
2311 1501 2419 1550 iure
2455 1530 2466 1541 ·
2506 1500 2572 1550 Et
2602 1500 2637 1549 fi

587 1596 706 1644 dieti
730 1595 926 1660 patroni
949 1595 1013 1644 fic
1037 1594 1291 1644 constituti
1317 1603 1366 1644 et
1390 1595 1606 1644 ordinati
1630 1595 1762 1644 infra
1782 1611 1931 1643 vnum
1957 1594 2172 1643 mensem
2196 1611 2227 1642 a
2250 1601 2472 1659 tempore
2496 1611 2636 1642 vaca-

587 1688 733 1736 tionis
758 1688 885 1737 diae
911 1687 1184 1752 capellanie
1210 1705 1361 1737 vnum
1384 1688 1635 1754 ydoneum
1664 1687 1976 1752 capellanum
2009 1703 2111 1735 non
2145 1686 2540 1751 presentauerint
2571 1688 2633 1736 ad

587 1780 793 1828 eandem
819 1780 1142 1844 capellaniam
1167 1788 1287 1830 tunc
1310 1780 1460 1830 liceat
1480 1779 1704 1844 proximo
1737 1780 1798 1828 de
1833 1796 1943 1827 meo
1976 1778 2212 1843 sanguine
2246 1787 2296 1827 et
2331 1778 2633 1844 cognacione

584 1871 670 1919 illa
687 1871 794 1919 vice
813 1879 1002 1920 tantum
1019 1872 1198 1921 dietam
1215 1871 1541 1937 capellaniam
1562 1871 1821 1936 capellano
1840 1871 2037 1937 ydoneo
2054 1871 2280 1919 conferre
2296 1871 2410 1920 etin
2426 1872 2632 1920 eandem

582 1964 738 2028 ipsum
763 1963 1020 2013 instituere
1046 1993 1057 2003 ·
1085 1963 1278 2023 Quibus
1300 1964 1643 2014 deficientibus
1666 1963 1837 2012 licebit
1861 1960 2003 2012 diais
2028 1963 2229 2011 domino
2254 1963 2420 2012 abbati
2444 1971 2493 2012 et
2519 1980 2631 2012 con-

583 2056 754 2104 uentui
780 2057 840 2105 de
864 2056 1083 2105 Arbroth
1111 2058 1171 2105 de
1198 2056 1432 2105 consensu
1462 2055 1664 2105 maioris
1696 2055 1853 2120 partis
1889 2054 2202 2120 burgenfium
2239 2055 2355 2104 dieti
2387 2055 2535 2122 burgi
2570 2056 2630 2104 de

583 2148 802 2196 Arbroth
826 2134 1013 2196 tociens
1030 2148 1265 2212 quociens
1285 2165 1462 2197 vacare
1475 2133 1750 2213 contigerit
1772 2147 2022 2213 ydoneum
2049 2147 2357 2211 capellanum
2380 2148 2432 2196 in
2459 2148 2629 2197 eadem

581 2240 856 2303 capellania
894 2241 1149 2289 instituere
1177 2240 1247 2289 ita
1271 2239 1458 2289 scilicet
1482 2241 1612 2304 quod
1649 2257 1750 2289 non
1784 2240 1981 2289 vacabit
2014 2239 2144 2289 vltra
2175 2240 2383 2305 triginta
2417 2247 2627 2304 quatuor

579 2332 683 2379 dies
723 2359 734 2369 ·
770 2331 896 2380 Item
936 2332 1047 2381 volo
1073 2340 1122 2381 et
1147 2332 1323 2381 ordino
1347 2340 1397 2381 et
1422 2339 1657 2396 tanquam
1693 2332 1743 2380 in
1782 2349 1892 2380 mea
1922 2331 2097 2380 ultima
2133 2331 2388 2381 uoluntate
2423 2332 2625 2396 dispono

579 2423 710 2485 quod
735 2423 851 2472 dieti
877 2424 1072 2488 patroni
1097 2442 1197 2472 non
1223 2425 1286 2473 ad
1310 2423 1589 2489 requestum
1623 2423 1831 2473 alicuius
1855 2422 2042 2471 domini
2067 2439 2160 2471 nec
2185 2422 2387 2471 alterius
2419 2422 2624 2487 persone

581 2514 909 2578 cuiuscunque
935 2515 1246 2580 capellanum
1272 2525 1441 2580 preter
1465 2517 1716 2582 ydoneum
1741 2532 1799 2564 ac
1824 2515 1924 2564 vite
1949 2515 2344 2564 conversacionis
2367 2514 2622 2563 honestum

578 2613 668 2652 etc.
739 2604 804 2652 Et
841 2622 932 2670 ego
969 2624 1087 2655 vero
1126 2607 1342 2655 Karolus
1382 2607 1551 2656 Brovn
1589 2607 1841 2672 prediEtus
1878 2607 2085 2656 heredes
2116 2607 2214 2655 mei
2250 2606 2622 2682 etlsuhccefl'ores

578 2695 859 2759 quicunque
900 2712 1067 2744 omnes
1103 2705 1151 2745 et
1186 2696 1399 2763 singulos
1440 2716 1630 2748 annuos
1665 2700 1888 2748 redditus
1925 2707 1974 2748 et
2009 2706 2168 2748 terras
2207 2716 2339 2748 meas
2376 2699 2620 2764 predictas

578 2803 689 2834 cum
712 2786 1034 2850 pertinenciis
1058 2795 1106 2835 et
1130 2787 1342 2851 ipsorum
1369 2791 1695 2840 donacionem
1721 2798 1770 2840 et
1795 2789 2151 2840 conceffionem
2185 2807 2296 2839 cum
2321 2790 2547 2839 omnibus
2570 2798 2619 2839 et

576 2893 665 2942 per
700 2877 867 2925 omnia
900 2877 1059 2925 forma
1087 2879 1274 2942 pariter
1307 2887 1357 2928 et
1390 2881 1560 2930 effectu
1600 2891 1655 2932 ut
1686 2883 1967 2948 premissum
2005 2882 2076 2932 est
2114 2882 2370 2947 capellano
2409 2882 2493 2946 qui
2527 2899 2616 2947 pro

576 2979 797 3034 tempore
840 2968 989 3017 fuerit
1033 2970 1447 3021 varantizabimus
1490 2981 1540 3021 et
1582 2974 1795 3023 fideliter
1839 2974 2161 3023 defendemus
2202 3002 2212 3011 ·
2257 2973 2317 3022 In
2362 2974 2500 3023 cuius
2543 2973 2613 3022 rei

575 3060 905 3110 testimonium
946 3077 1107 3108 meum
1144 3061 1398 3125 proprium
1437 3063 1644 3128 figillum
1686 3066 1804 3115 huic
1841 3066 2055 3131 presenti
2093 3073 2228 3115 carte
2263 3083 2371 3115 mee
2407 3082 2612 3116 vnacum

577 3151 734 3218 figulo
759 3151 1006 3201 communi
1030 3152 1240 3216 predicti
1273 3152 1417 3218 burgi
1442 3154 1512 3202 est
1535 3157 1801 3220 appensum
1826 3158 1958 3222 apud
1982 3157 2202 3207 Arbroth
2224 3158 2416 3208 decimo
2440 3164 2612 3223 quarto
