2762 3834
464 730 560 774 282

609 410 707 458 236
1056 401 1475 456 REGISTRUM
1509 401 1605 450 DE
1641 398 2202 451 ABERBROTHOC.

593 546 891 619 ,Affedacio
916 565 977 613 de
1002 562 1277 612 Pondirlaw
1304 589 1314 600 ·
1340 557 1607 625 Dychland
1632 584 1643 595 ·
1670 564 1719 605 et
1745 555 2060 621 Spetalfelde.

614 702 886 775 Uniuerfis
932 728 1095 784 pateat
1132 754 1142 765 .
1180 756 1190 766 .
1220 756 1240 784 l.
1284 734 1372 765 nos
1419 716 1588 764 Dauid
1629 753 1638 763 .
1682 751 1693 763 .
1737 753 1746 763 .
1790 715 2015 764 abbatem
2057 754 2066 763 .
2109 754 2118 763 .
2159 755 2167 763 .
2211 716 2273 763 dc
2315 716 2650 765 Abirbrothoc

662 854 671 864 .
713 851 724 862 .
760 812 983 862 afl'edafl‘e
1027 849 1037 860 .
1074 849 1084 860 .
1123 850 1133 859 .
1172 810 1423 859 Willelmo
1474 808 1591 858 Scot
1638 806 1865 872 burgenfi
1914 806 1976 855 de
2022 805 2358 855 Abirbrothoc
2406 835 2417 845 ·
2462 807 2649 873 Agneti

612 907 776 970 sponse
802 904 882 952 sue
920 930 930 940 ·
966 911 1014 951 et
1037 902 1072 950 J
1075 902 1258 950 ohanni
1287 900 1403 950 Scot
1427 900 1528 948 filio
1554 898 1672 948 diai
1699 897 1940 946 Willelmi
1963 906 2012 948 et
2035 898 2248 961 Agnetis
2280 937 2289 947 .
2330 937 2340 947 .
2375 937 2384 947 .
2421 917 2511 964 pro
2547 908 2650 948 toto

611 1006 828 1059 tempore
854 994 952 1042 vite
987 994 1068 1042 sue
1103 1032 1112 1042 .
1150 1032 1158 1041 .
1196 1032 1205 1041 .
1245 1002 1400 1040 terras
1437 991 1625 1040 nostras
1661 992 1723 1041 de
1761 990 2061 1057 Spetalfelde
2097 992 2323 1059 Dyssand
2359 1001 2408 1042 et
2443 993 2651 1042 Pondir-

610 1072 699 1136 lav&
726 1104 822 1135 vna
845 1103 953 1134 cum
980 1085 1182 1134 decimis
1206 1084 1489 1148 garbalibus
1524 1122 1533 1132 .
1567 1122 1577 1132 .
1608 1123 1617 1133 .
1648 1101 1759 1132 cum
1782 1084 2021 1149 potestate
2057 1124 2067 1134 .
2095 1121 2107 1133 .
2133 1124 2143 1134 .
2178 1093 2337 1134 terras
2362 1092 2410 1133 et
2435 1085 2650 1134 decimas

610 1178 972 1243 quibuscunque
997 1176 1218 1241 personis
1242 1175 1507 1223 dummodo
1531 1191 1632 1223 non
1658 1175 1749 1225 fint
1774 1177 1974 1225 maioris
2004 1176 2257 1242 potestatis
2290 1178 2371 1225 seu
2396 1177 2650 1242 dignitatis

611 1288 754 1334 quam
793 1269 880 1334 ipsi
924 1309 932 1330 ‚
981 1307 991 1317 .
1038 1307 1048 1317 .
1095 1266 1483 1317 subarrendandi
1532 1306 1541 1315 .
1592 1305 1600 1315 .
1653 1304 1664 1315 .
1712 1275 1762 1317 et
1802 1267 1981 1316 iterum
2024 1269 2087 1317 ad
2129 1285 2299 1317 eorum
2341 1269 2650 1318 commodum

611 1364 877 1413 reducendi
915 1404 923 1412 .
964 1401 974 1412 .
1011 1402 1021 1411 .
1061 1361 1311 1412 Soluendo
1348 1401 1356 1410 .
1395 1400 1404 1409 .
1442 1399 1451 1409 .
1489 1360 1707 1424 quinque
1730 1359 1882 1408 libras
1906 1360 1987 1409 sex
2011 1360 2188 1409 solidos
2214 1367 2263 1409 et
2287 1362 2396 1408 0800
2421 1360 2650 1409 denarios

612 1464 912 1504 ...monete
950 1495 958 1503 .
996 1495 1005 1503 .
1043 1495 1052 1503 .
1093 1453 1266 1504 Scocie
1291 1454 1354 1502 ad
1390 1491 1400 1502 .
1439 1491 1449 1502 .
1487 1491 1496 1501 .
1534 1452 1656 1500 festa
1690 1490 1700 1502 .
1738 1491 1748 1500 .
1785 1491 1795 1501 .
1832 1451 2148 1519 Pentecostes
2172 1459 2222 1501 et
2248 1450 2415 1502 Sancti
2443 1451 2652 1501 Martini
2722 1487 2726 1490 .

734 1585 744 1595 .
796 1564 988 1595 necnon
1046 1546 1097 1593 in
1147 1544 1435 1594 victualibus
1493 1583 1502 1592 .
1552 1583 1560 1592 .
1612 1583 1621 1593 .
1672 1543 1934 1592 duodecim
1989 1543 2147 1592 bollas
2191 1544 2427 1592 frumenti
2475 1543 2651 1609 viginti

613 1648 822 1704 quatuor
845 1639 1000 1689 bollas
1025 1639 1152 1687 ordii
1176 1646 1225 1687 et
1249 1640 1356 1686 octo
1384 1637 1541 1686 bollas
1575 1635 1761 1684 farrine
1796 1635 2022 1684 mensure
2050 1635 2146 1684 fori
2170 1636 2415 1685 currentis
2446 1637 2509 1685 ad
2545 1676 2555 1685 .
2592 1676 2602 1685 .
2640 1676 2649 1685 .

613 1732 734 1780 festa
771 1769 781 1780 .
818 1770 828 1780 .
863 1770 873 1780 .
908 1731 1279 1780 Purificacionis
1321 1731 1474 1779 Beate
1515 1729 1676 1777 Marie
1719 1728 1924 1793 virginis
1965 1736 2014 1777 et
2055 1728 2240 1778 Pasche
2280 1767 2290 1777 .
2331 1767 2341 1777 .
2382 1767 2393 1778 .
2431 1729 2496 1778 Et
2538 1730 2654 1794 quia

615 1841 819 1872 onerare
855 1823 1199 1889 [in]tendimus
1236 1824 1419 1872 dictum
1445 1821 1752 1870 Willelmum
1779 1827 1827 1868 et
1856 1819 1891 1867 J
1894 1819 2139 1868 ohannem
2164 1821 2227 1868 ad
2252 1820 2573 1869 laborandum
2605 1830 2654 1870 et

615 1916 931 1979 equitandum
967 1915 1216 1963 nobiscum
1259 1914 1527 1979 sumptibus
1569 1912 1746 1962 nostris
1786 1912 1899 1960 ideo
1936 1912 2130 1960 eosdem
2169 1950 2180 1960 .
2220 1949 2231 1961 .
2271 1950 2282 1961 .
2320 1920 2369 1961 et
2402 1913 2652 1977 Agnetam

614 2008 674 2055 ab
700 2007 923 2054 omnibus
960 2006 1189 2054 oneribus
1212 2005 1574 2054 husbandorum
1616 2042 1626 2053 .
1668 2042 1678 2053 .
1719 2041 1730 2052 .
1768 2020 2094 2052 exoneramus
2119 2032 2128 2042 ·
2156 2004 2301 2053 saluis
2326 2012 2490 2054 tamen
2515 2005 2653 2054 sectis

614 2099 675 2147 ad
721 2098 882 2146 curias
928 2098 1118 2146 nostras
1158 2135 1169 2146 .
1215 2136 1225 2146 .
1272 2136 1283 2146 .
1327 2098 1555 2146 consuete
1597 2076 1836 2146 faciendis
1883 2104 2075 2146 tantum
2120 2134 2131 2145 .
2176 2134 2186 2145 .
2231 2135 2242 2145 .
2289 2098 2499 2146 termino
2536 2115 2652 2146 vero

614 2191 843 2238 introitus
880 2227 890 2237 .
932 2226 943 2238 .
983 2227 993 2237 .
1030 2190 1082 2237 in
1107 2190 1230 2238 festo
1254 2190 1570 2239 Pentecostes
1595 2189 1761 2238 datam
1783 2187 2086 2253 presencium
2112 2187 2395 2237 immediate
2423 2188 2651 2252 sequente

613 2282 890 2330 inchoando
925 2318 935 2328 .
973 2318 984 2330 .
1022 2319 1032 2329 .
1068 2281 1220 2346 Apud
1255 2318 1266 2329 .
1303 2320 1314 2331 .
1351 2319 1362 2330 .
1397 2279 1744 2330 monasterium
1769 2279 1884 2327 xxvi
1909 2278 1990 2328 die
2009 2279 2183 2328 menfis
2203 2278 2503 2328 Nouembris
2522 2296 2651 2328 anno

613 2373 817 2421 Domini
845 2376 988 2420 1485.

619 2622 898 2692 Affedacio
922 2647 1164 2689 terrarum
1189 2640 1249 2688 de
1274 2640 1451 2689 Peblis.

471 2828 566 2869 *283
620 2802 894 2875 Uniuersis
938 2830 1104 2886 pateat
1141 2858 1152 2869 .
1191 2858 1202 2869 .
1242 2859 1252 2869 .
1286 2839 1375 2869 nos
1416 2821 1585 2870 Dauid
1626 2860 1636 2870 .
1679 2860 1689 2871 .
1730 2859 1741 2870 .
1778 2823 2005 2872 abbatem
2042 2859 2058 2870 .
2105 2859 2116 2870 .
2161 2859 2174 2870 .
2216 2823 2277 2871 de
2318 2818 2650 2873 Abirbrothoc

671 2953 681 2963 .
719 2952 730 2963 .
768 2912 988 2962 affedaffe
1026 2950 1037 2961 .
1066 2949 1077 2960 .
1107 2950 1117 2960 .
1158 2911 1349 2960 Thome
1394 2912 1669 2970 Quhitsoun
1712 2921 1760 2962 et
1800 2913 1975 2963 Effane
2016 2914 2182 2978 sponse
2224 2915 2305 2963 sue
2343 2952 2354 2963 .
2394 2953 2405 2964 .
2448 2952 2459 2963 .
2496 2925 2650 2965 terras

622 3006 809 3055 nostras
834 3005 893 3053 de
917 3004 963 3052 le
987 3004 1151 3052 Peblis
1187 3021 1297 3052 cum
1322 3004 1523 3052 decimis
1547 3005 1828 3069 garbalibus
1870 3043 1881 3054 .
1921 3043 1933 3054 .
1969 3043 1981 3055 .
2010 3023 2102 3071 pro
2127 3013 2230 3055 toto
2255 3015 2475 3070 tempore
2506 3006 2646 3073 [vite]

623 3137 633 3147 .
676 3135 687 3146 .
720 3135 731 3145 .
766 3096 974 3145 termino
1001 3112 1116 3143 vero
1141 3095 1372 3144 introitus
1407 3132 1418 3143 .
1458 3133 1468 3143 .
1506 3132 1517 3143 .
1554 3096 1822 3160 incipiente
1855 3097 1917 3145 ad
1952 3096 2126 3145 festum
2150 3097 2463 3146 Pentecostes
2486 3099 2649 3147 datam

619 3188 923 3255 presencium
957 3187 1236 3236 immediate
1273 3188 1476 3251 sequens
1514 3216 1524 3225 ·
1567 3187 1815 3237 Soluendo
1852 3226 1863 3236 .
1907 3227 1917 3237 .
1966 3227 1977 3238 .
2012 3206 2103 3255 pro
2138 3190 2281 3239 firma
2322 3229 2332 3238 .
2371 3228 2380 3238 .
2421 3227 2432 3237 .
2476 3191 2648 3256 viginti
