2762 3834
649 343 1075 394 REGISTRUM
1108 344 1205 392 DE
1242 345 1793 399 ABERBROTHOC.
2140 360 2231 408 391

204 547 374 620 Noua
417 568 642 632 Grangia
688 567 932 616 affedatur
975 568 1264 617 Alexandro
1309 570 1574 635 Quhytlaw
1616 581 1664 620 et
1712 573 1908 638 Agnete
1949 574 2116 638 sponse
2158 576 2235 623 sue

204 662 453 710 moderne.

35 843 153 908 {493
205 821 480 893 Uniuerfis
512 882 521 890 .
547 881 555 890 .
582 882 589 889 .
621 850 788 906 pateat
827 879 838 890 .
878 880 888 889 .
929 880 939 890 .
979 860 1066 890 nos
1095 842 1366 906 Georgium
1403 882 1411 890 .
1451 882 1459 890 .
1498 883 1506 891 .
1546 844 1768 892 abbatem
1801 882 1809 891 .
1837 883 1847 893 .
1875 882 1884 892 .
1910 847 1972 894 de
1998 846 2236 894 Arbroith

37 920 39 945 ⁵
253 973 263 982 .
302 974 310 982 .
349 933 573 983 assedass'e
617 973 626 983 .
663 973 672 982 .
709 973 718 982 .
755 934 1043 982 Alexandro
1079 933 1345 999 Quhytlaw
1371 945 1419 983 et
1455 936 1651 1000 Agnete
1687 937 1854 1000 sponse
1890 939 1970 986 sue
2003 938 2235 986 moderne

203 1035 253 1075 et
277 1043 447 1074 eorum
483 1025 851 1073 subtenentibus
876 1041 967 1088 pro
994 1026 1077 1072 suo
1098 1025 1231 1074 fideli
1255 1027 1463 1075 seruicio
1498 1066 1508 1074 .
1546 1067 1554 1075 .
1594 1066 1602 1074 .
1639 1045 1697 1076 ac
1723 1045 1811 1092 pro
1832 1030 2016 1077 summa
2040 1008 2235 1077 centum

203 1118 436 1166 librarum
475 1155 485 1165 .
525 1155 534 1165 .
571 1157 579 1165 .
619 1124 814 1166 monete
852 1155 860 1162 .
901 1155 910 1165 .
950 1155 958 1162 .
998 1116 1166 1166 Scocie
1192 1119 1331 1167 nobis
1367 1158 1375 1165 .
1414 1158 1422 1165 .
1460 1157 1468 1166 .
1511 1121 1754 1183 persoluta
1777 1138 1866 1185 pro
1891 1129 1994 1170 toto
2019 1129 2236 1185 tempore

203 1211 300 1259 vite
326 1211 592 1258 eorundem
638 1248 648 1258 .
687 1250 696 1259 .
736 1249 745 1258 .
797 1218 954 1258 terras
978 1209 1169 1258 nostras
1194 1211 1255 1258 de
1281 1210 1430 1258 Noua
1452 1210 1674 1275 Grangia
1696 1211 1911 1260 iacentes
1933 1212 2063 1260 infra
2086 1214 2237 1260 domi-

201 1302 335 1349 nium
372 1301 587 1349 nostrum
625 1302 685 1349 de
723 1301 1052 1349 Abbirbroith
1090 1318 1300 1349 vnacum
1348 1302 1551 1349 decimis
1597 1303 1878 1366 garbalibus
1926 1344 1934 1352 .
1985 1343 1993 1351 .
2043 1343 2051 1352 .
2101 1304 2236 1367 quas-

203 1394 400 1456 quidem
444 1432 452 1441 .
498 1430 509 1441 .
552 1431 561 1440 .
607 1392 766 1441 dictus
810 1429 820 1438 .
866 1432 875 1440 .
916 1431 925 1440 .
975 1400 1196 1457 tempore
1246 1431 1253 1440 .
1306 1432 1314 1440 .
1368 1431 1377 1440 .
1429 1393 1746 1441 confectionis
1786 1395 2088 1458 presencium
2128 1432 2137 1442 .
2178 1433 2187 1441 .
2225 1433 2233 1441 .

201 1484 441 1548 ocupabat
479 1514 488 1522 ·
525 1466 738 1532 termino
775 1500 892 1531 vero
933 1483 1168 1533 introitus
1206 1521 1217 1532 .
1258 1522 1268 1531 .
1307 1521 1317 1531 .
1353 1484 1622 1548 incipiente
1665 1485 1744 1533 die
1781 1486 1893 1534 date
1932 1485 2234 1550 presencium

203 1613 213 1623 .
250 1613 260 1624 .
298 1613 308 1623 .
346 1576 618 1624 Reddendo
655 1613 666 1624 .
702 1613 713 1624 .
749 1613 760 1624 .
797 1592 888 1639 pro
924 1576 1066 1623 firma
1106 1615 1114 1622 .
1159 1615 1166 1623 .
1208 1615 1216 1623 .
1267 1575 1526 1624 tresdecim
1561 1576 1711 1624 libras
1746 1578 1825 1624 sex
1857 1577 2033 1625 solidos
2058 1585 2106 1625 et
2131 1580 2235 1624 octo

199 1667 427 1715 denarios
469 1706 478 1715 .
523 1707 531 1715 .
575 1707 584 1715 .
626 1674 823 1714 monete
861 1706 868 1715 .
915 1706 922 1714 .
967 1706 975 1714 .
1024 1665 1196 1715 Scoeie
1233 1668 1295 1715 ad
1338 1707 1345 1715 .
1391 1707 1399 1715 .
1443 1707 1451 1715 .
1488 1667 1610 1715 festa
1651 1707 1660 1715 .
1703 1708 1712 1716 .
1756 1708 1764 1716 .
1812 1668 2154 1717 Penthecostes
2190 1678 2238 1716 et

202 1758 366 1808 Saneti
393 1758 599 1808 Martini
642 1798 651 1806 .
692 1798 701 1806 .
745 1797 754 1807 .
804 1766 853 1807 et
884 1774 974 1823 pro
1011 1758 1214 1807 decimis
1252 1798 1261 1806 .
1299 1797 1309 1807 .
1345 1798 1354 1807 .
1393 1761 1513 1808 duas
1550 1760 1740 1808 celdras
1765 1760 1891 1808 ordii
1917 1768 1966 1808 et
1997 1760 2154 1807 farine
2191 1768 2238 1807 et

203 1859 412 1915 quatuor
436 1851 590 1900 bollas
614 1850 850 1900 frumenti
873 1867 984 1898 cum
1008 1851 1238 1899 mensura
1255 1851 1351 1899 fori
1371 1851 1615 1900 currentis
1642 1852 1705 1899 ad
1729 1851 1963 1899 terminos
1988 1851 2237 1900 consuetos

203 1984 212 1992 .
252 1983 260 1992 .
300 1984 308 1992 .
348 1944 585 1993 Preterea
620 1983 628 1991 .
670 1983 679 1991 .
721 1982 729 1991 .
768 1944 951 1992 ducent
986 1982 994 1991 .
1038 1981 1047 1990 .
1092 1982 1101 1991 .
1148 1944 1319 1991 decem
1355 1943 1651 2006 plaustratus
1689 1943 1788 1991 feni
1823 1951 1872 1991 et
1907 1943 2110 1991 totidem
2139 1943 2236 2007 gle-

200 2037 401 2086 barum.
432 2075 441 2083 .
474 2075 481 2083 .
520 2037 582 2084 ad
616 2075 625 2085 .
660 2073 670 2084 .
705 2074 714 2084 .
755 2035 1105 2084 monasterium
1131 2052 1189 2083 ac
1230 2072 1239 2081 .
1281 2073 1289 2080 .
1333 2074 1341 2081 .
1380 2034 1570 2098 tegulas
1607 2034 1727 2083 ficut
1763 2034 1914 2083 ceteri
1949 2033 2099 2081 nostri
2134 2034 2236 2081 hus-

201 2129 348 2177 bandi
373 2136 561 2177 tantum
595 2167 603 2175 .
643 2167 652 2176 .
689 2165 697 2173 .
737 2127 802 2175 Et
827 2128 860 2174 fi
900 2164 910 2173 .
943 2167 951 2174 .
987 2165 997 2176 .
1032 2126 1215 2174 fuerint
1253 2163 1263 2173 .
1305 2164 1315 2174 .
1356 2163 1366 2173 .
1404 2125 1531 2173 male
1554 2125 1886 2189 persoluentes
1910 2125 2075 2173 licebit
2099 2125 2236 2172 nobis

204 2257 215 2267 .
245 2257 254 2267 .
283 2257 293 2268 .
320 2221 380 2268 de
419 2257 429 2268 .
469 2258 480 2268 .
520 2258 530 2267 .
568 2220 687 2268 villa
711 2237 820 2268 cum
848 2219 1049 2267 decimis
1083 2255 1093 2266 .
1126 2255 1138 2267 .
1168 2256 1178 2265 .
1211 2218 1469 2282 disponere
1507 2257 1515 2265 .
1555 2256 1563 2264 .
1601 2254 1611 2264 .
1644 2217 1794 2280 Apud
1829 2253 1838 2262 .
1876 2255 1884 2263 .
1924 2255 1930 2262 .
1970 2215 2234 2278 capitulum

201 2312 278 2358 xvi
306 2311 384 2359 die
410 2311 590 2360 Marcii
616 2328 745 2359 anno
771 2310 976 2358 Domini
1000 2310 1253 2358 millesimo
1278 2307 1665 2373 quingentesimo
1690 2323 1832 2353 nono.

203 2563 537 2651 Neubyggyn
575 2602 686 2634 cum
717 2586 1002 2633 molendino
1039 2586 1099 2633 de
1136 2585 1371 2650 Kyrkton
1408 2583 1649 2632 afledatur
1683 2581 1874 2630 Jacobo
1903 2579 2141 2644 Gyffarde
2173 2579 2231 2625 de

208 2675 528 2742 Schyrefhall.

73 2854 157 2902 494
207 2834 476 2907 Uniuerfis
525 2895 534 2905 .
579 2894 588 2903 .
634 2894 643 2903 .
696 2855 942 2919 Georgius
985 2892 994 2901 .
1033 2893 1042 2902 .
1080 2894 1088 2902 .
1132 2855 1281 2903 abbas
1318 2893 1327 2909 ,
1364 2893 1373 2901 .
1412 2893 1420 2902 .
1460 2855 1520 2902 de
1563 2851 1785 2901 Arbroth
1832 2887 1842 2897 .
1883 2886 1892 2895 .
1934 2887 1945 2896 .
1991 2849 2187 2896 salutem
2223 2875 2232 2883 ·

207 2946 458 2996 Noueritis
482 2965 570 2996 nos
614 2987 623 2995 .
657 2986 666 2995 .
702 2986 711 2995 .
744 2964 836 3011 pro
861 2947 1046 2994 summa
1070 2947 1402 3010 quadraginta¹
1420 2946 1657 2994 librarum
1686 2950 1880 2991 monete
1918 2979 1928 2988 .
1966 2978 1975 2988 .
2014 2977 2023 2987 .
2064 2939 2231 2989 Scocie

206 3040 342 3087 nobis
392 3078 402 3087 .
447 3079 456 3088 .
501 3077 512 3087 .
556 3040 804 3104 persoluta
840 3038 1063 3087 affedafl'e
1106 3076 1116 3086 .
1162 3075 1171 3085 .
1216 3075 1226 3085 .
1268 3037 1458 3086 Jacobo
1503 3035 1694 3084 Giffard
1738 3035 1798 3081 de
1846 3030 2138 3096 Schyrefhal
2185 3038 2230 3076 et

207 3129 298 3177 suis
339 3131 581 3195 affignatis
618 3160 627 3169 ·
666 3130 898 3179 videlicet
935 3158 944 3167 ·
984 3128 1163 3192 Egidie
1205 3128 1316 3176 Tod
1352 3128 1518 3190 sponse
1554 3127 1634 3174 sue
1670 3125 1904 3172 moderne
1935 3151 1945 3160 ·
1984 3120 2229 3168 Willelmo
