<?xml version="1.0" encoding="UTF-8"?>
<!DOCTYPE html PUBLIC "-//W3C//DTD XHTML 1.0 Transitional//EN"
    "http://www.w3.org/TR/xhtml1/DTD/xhtml1-transitional.dtd">
<html xmlns="http://www.w3.org/1999/xhtml" xml:lang="en" lang="en">
 <head>
  <title>
</title>
<meta http-equiv="Content-Type" content="text/html;charset=utf-8" />
  <meta name='ocr-system' content='tesseract 3.04.00' />
  <meta name='ocr-capabilities' content='ocr_page ocr_carea ocr_par ocr_line ocrx_word'/>
</head>
<body>
  <div class='ocr_page' id='page_1' title='image "./libersthomedea8602arbruoft_0547.png"; bbox 0 0 2742 3848; ppageno 0'>
   <div class='ocr_carea' id='block_1_1' title="bbox 38 1009 127 1066">
    <p class='ocr_par' dir='ltr' id='par_1_1' title="bbox 38 1009 127 1066">
     <span class='ocr_line' id='line_1_1' title="bbox 38 1009 127 1066; baseline 0.045 -5"><span class='ocrx_word' id='word_1_1' title='bbox 38 1009 127 1066; x_wconf 81' lang='lat'>597</span> 
     </span>
    </p>
   </div>
   <div class='ocr_carea' id='block_1_2' title="bbox 0 1263 160 3128">
    <p class='ocr_par' dir='ltr' id='par_1_2' title="bbox 0 1263 160 3128">
     <span class='ocr_line' id='line_1_2' title="bbox 0 1263 160 3128; baseline 0 0"><span class='ocrx_word' id='word_1_2' title='bbox 0 1263 160 3128; x_wconf 95' lang='lat' dir='ltr'> </span> 
     </span>
    </p>
   </div>
   <div class='ocr_carea' id='block_1_3' title="bbox 629 407 2249 464">
    <p class='ocr_par' dir='ltr' id='par_1_3' title="bbox 629 407 2249 464">
     <span class='ocr_line' id='line_1_3' title="bbox 629 407 2249 464; baseline 0.002 -4"><span class='ocrx_word' id='word_1_3' title='bbox 629 407 1058 462; x_wconf 84' lang='lat' dir='ltr'><strong>REGISTRUM</strong></span> <span class='ocrx_word' id='word_1_4' title='bbox 1091 408 1191 460; x_wconf 92' lang='lat' dir='ltr'>DE</span> <span class='ocrx_word' id='word_1_5' title='bbox 1227 407 1793 461; x_wconf 87' lang='lat' dir='ltr'>ABERBROTHOC.</span> <span class='ocrx_word' id='word_1_6' title='bbox 2153 410 2249 464; x_wconf 83' lang='lat'>447</span> 
     </span>
    </p>
   </div>
   <div class='ocr_carea' id='block_1_4' title="bbox 183 542 2251 611">
    <p class='ocr_par' dir='ltr' id='par_1_4' title="bbox 183 542 2251 611">
     <span class='ocr_line' id='line_1_4' title="bbox 183 542 2251 611; baseline -0.001 -17"><span class='ocrx_word' id='word_1_7' title='bbox 183 543 360 611; x_wconf 89' lang='lat' dir='ltr'>Smyth</span> <span class='ocrx_word' id='word_1_8' title='bbox 386 561 533 594; x_wconf 87' lang='lat' dir='ltr'>vnam</span> <span class='ocrx_word' id='word_1_9' title='bbox 576 573 586 584; x_wconf 92' lang='lat'><strong>·</strong></span> <span class='ocrx_word' id='word_1_10' title='bbox 625 543 909 594; x_wconf 90' lang='lat' dir='ltr'>Willelmus</span> <span class='ocrx_word' id='word_1_11' title='bbox 935 544 1097 611; x_wconf 83' lang='lat' dir='ltr'>Steyll</span> <span class='ocrx_word' id='word_1_12' title='bbox 1118 561 1267 594; x_wconf 86' lang='lat' dir='ltr'>vnam</span> <span class='ocrx_word' id='word_1_13' title='bbox 1309 570 1319 581; x_wconf 89' lang='lat'><strong>·</strong></span> <span class='ocrx_word' id='word_1_14' title='bbox 1358 543 1623 593; x_wconf 86' lang='lat' dir='ltr'>reseruatis</span> <span class='ocrx_word' id='word_1_15' title='bbox 1649 543 1816 593; x_wconf 84' lang='lat' dir='ltr'>abbati</span> <span class='ocrx_word' id='word_1_16' title='bbox 1843 542 2051 592; x_wconf 86' lang='lat' dir='ltr'><strong>decimis</strong></span> <span class='ocrx_word' id='word_1_17' title='bbox 2075 542 2167 592; x_wconf 89' lang='lat' dir='ltr'>lini</span> <span class='ocrx_word' id='word_1_18' title='bbox 2203 552 2251 592; x_wconf 90' lang='lat' dir='ltr'>et</span> 
     </span>
    </p>
   </div>
   <div class='ocr_carea' id='block_1_5' title="bbox 181 635 2250 779">
    <p class='ocr_par' dir='ltr' id='par_1_5' title="bbox 181 635 2250 779">
     <span class='ocr_line' id='line_1_5' title="bbox 181 635 2250 703; baseline 0 -18"><span class='ocrx_word' id='word_1_19' title='bbox 181 636 386 702; x_wconf 88' lang='lat' dir='ltr'>canopis</span> <span class='ocrx_word' id='word_1_20' title='bbox 427 666 438 677; x_wconf 89' lang='lat'><strong>·</strong></span> <span class='ocrx_word' id='word_1_21' title='bbox 483 635 736 686; x_wconf 89' lang='lat' dir='ltr'>Soluendo</span> <span class='ocrx_word' id='word_1_22' title='bbox 774 636 953 703; x_wconf 88' lang='lat' dir='ltr'>finguli</span> <span class='ocrx_word' id='word_1_23' title='bbox 989 654 1082 703; x_wconf 91' lang='lat' dir='ltr'>pro</span> <span class='ocrx_word' id='word_1_24' title='bbox 1119 636 1322 702; x_wconf 87' lang='lat' dir='ltr'>fingulis</span> <span class='ocrx_word' id='word_1_25' title='bbox 1358 636 1489 685; x_wconf 88' lang='lat' dir='ltr'>acris</span> <span class='ocrx_word' id='word_1_26' title='bbox 1515 654 1663 687; x_wconf 87' lang='lat' dir='ltr'>vnam</span> <span class='ocrx_word' id='word_1_27' title='bbox 1688 637 1874 686; x_wconf 84' lang='lat' dir='ltr'>hollam</span> <span class='ocrx_word' id='word_1_28' title='bbox 1898 636 2013 703; x_wconf 92' lang='lat' dir='ltr'>puri</span> <span class='ocrx_word' id='word_1_29' title='bbox 2049 636 2165 687; x_wconf 86' lang='lat' dir='ltr'>ficei</span> <span class='ocrx_word' id='word_1_30' title='bbox 2201 645 2250 686; x_wconf 89' lang='lat' dir='ltr'>et</span> 
     </span>
     <span class='ocr_line' id='line_1_6' title="bbox 181 723 1396 779; baseline 0.002 -1"><span class='ocrx_word' id='word_1_31' title='bbox 181 729 298 778; x_wconf 90' lang='lat' dir='ltr'>boni</span> <span class='ocrx_word' id='word_1_32' title='bbox 323 729 463 779; x_wconf 90' lang='lat' dir='ltr'>ordei</span> <span class='ocrx_word' id='word_1_33' title='bbox 489 759 499 771; x_wconf 92' lang='lat'><strong>·</strong></span> <span class='ocrx_word' id='word_1_34' title='bbox 525 733 592 778; x_wconf 85' lang='lat'>23</span> <span class='ocrx_word' id='word_1_35' title='bbox 617 729 746 779; x_wconf 89' lang='lat' dir='ltr'>Maii</span> <span class='ocrx_word' id='word_1_36' title='bbox 773 733 921 779; x_wconf 83' lang='lat'>1525.</span> <span class='ocrx_word' id='word_1_37' title='bbox 1393 723 1396 725; x_wconf 40' lang='grc'><strong><em>’</em></strong></span> 
     </span>
    </p>
   </div>
   <div class='ocr_carea' id='block_1_6' title="bbox 183 992 2253 1452">
    <p class='ocr_par' dir='ltr' id='par_1_6' title="bbox 183 992 2253 1452">
     <span class='ocr_line' id='line_1_7' title="bbox 183 992 2251 1078; baseline -0.002 -14"><span class='ocrx_word' id='word_1_38' title='bbox 183 992 336 1065; x_wconf 82' lang='lat' dir='ltr'>Idem</span> <span class='ocrx_word' id='word_1_39' title='bbox 385 1013 568 1062; x_wconf 81' lang='lat' dir='ltr'>affedat</span> <span class='ocrx_word' id='word_1_40' title='bbox 612 1028 705 1078; x_wconf 91' lang='lat' dir='ltr'>pro</span> <span class='ocrx_word' id='word_1_41' title='bbox 751 1011 1099 1061; x_wconf 87' lang='lat' dir='ltr'>nouemdeoim</span> <span class='ocrx_word' id='word_1_42' title='bbox 1148 1010 1293 1060; x_wconf 87' lang='lat' dir='ltr'>annis</span> <span class='ocrx_word' id='word_1_43' title='bbox 1338 1010 1594 1060; x_wconf 90' lang='lat' dir='ltr'>Willelmo</span> <span class='ocrx_word' id='word_1_44' title='bbox 1642 1010 1867 1077; x_wconf 85' lang='lat' dir='ltr'>Grayme</span> <span class='ocrx_word' id='word_1_45' title='bbox 1916 1011 1978 1060; x_wconf 90' lang='lat' dir='ltr'>de</span> <span class='ocrx_word' id='word_1_46' title='bbox 2021 1009 2198 1061; x_wconf 87' lang='lat' dir='ltr'>Fintre</span> <span class='ocrx_word' id='word_1_47' title='bbox 2243 1038 2251 1050; x_wconf 91' lang='lat'><strong>·</strong></span> 
     </span>
     <span class='ocr_line' id='line_1_8' title="bbox 183 1087 2253 1171; baseline -0.001 -15"><span class='ocrx_word' id='word_1_48' title='bbox 183 1107 398 1157; x_wconf 88' lang='lat' dir='ltr'>Katrine</span> <span class='ocrx_word' id='word_1_49' title='bbox 424 1106 620 1156; x_wconf 88' lang='lat' dir='ltr'>Betoun</span> <span class='ocrx_word' id='word_1_50' title='bbox 647 1106 752 1155; x_wconf 92' lang='lat' dir='ltr'>eius</span> <span class='ocrx_word' id='word_1_51' title='bbox 775 1104 947 1170; x_wconf 88' lang='lat' dir='ltr'>sponse</span> <span class='ocrx_word' id='word_1_52' title='bbox 977 1131 987 1142; x_wconf 93' lang='lat'><strong>·</strong></span> <span class='ocrx_word' id='word_1_53' title='bbox 1016 1104 1284 1154; x_wconf 83' lang='lat' dir='ltr'><strong>heredibus</strong></span> <span class='ocrx_word' id='word_1_54' title='bbox 1307 1105 1441 1154; x_wconf 85' lang='lat' dir='ltr'>inter</span> <span class='ocrx_word' id='word_1_55' title='bbox 1465 1087 1549 1154; x_wconf 85' lang='lat' dir='ltr'>eos</span> <span class='ocrx_word' id='word_1_56' title='bbox 1572 1104 1850 1170; x_wconf 83' lang='lat' dir='ltr'>procreatis</span> <span class='ocrx_word' id='word_1_57' title='bbox 1883 1134 1894 1146; x_wconf 91' lang='lat'><strong>·</strong></span> <span class='ocrx_word' id='word_1_58' title='bbox 1929 1112 1978 1154; x_wconf 92' lang='lat' dir='ltr'>et</span> <span class='ocrx_word' id='word_1_59' title='bbox 2002 1104 2253 1171; x_wconf 84' lang='lat' dir='ltr'>affignatis</span> 
     </span>
     <span class='ocr_line' id='line_1_9' title="bbox 185 1197 2251 1266; baseline -0.002 -16"><span class='ocrx_word' id='word_1_60' title='bbox 185 1202 281 1251; x_wconf 88' lang='lat' dir='ltr'>suis</span> <span class='ocrx_word' id='word_1_61' title='bbox 328 1228 338 1238; x_wconf 92' lang='lat'><strong>·</strong></span> <span class='ocrx_word' id='word_1_62' title='bbox 386 1201 605 1250; x_wconf 83' lang='lat' dir='ltr'>decimas</span> <span class='ocrx_word' id='word_1_63' title='bbox 651 1199 882 1266; x_wconf 86' lang='lat' dir='ltr'>garbales</span> <span class='ocrx_word' id='word_1_64' title='bbox 929 1197 1135 1248; x_wconf 75' lang='lat' dir='ltr'>ecclesie</span> <span class='ocrx_word' id='word_1_65' title='bbox 1182 1199 1245 1247; x_wconf 89' lang='lat' dir='ltr'>de</span> <span class='ocrx_word' id='word_1_66' title='bbox 1292 1197 1541 1247; x_wconf 90' lang='lat' dir='ltr'>Keremor</span> <span class='ocrx_word' id='word_1_67' title='bbox 1590 1197 1948 1248; x_wconf 65' lang='lat' dir='ltr'>Sanctiandree</span> <span class='ocrx_word' id='word_1_68' title='bbox 1996 1197 2201 1248; x_wconf 89' lang='lat' dir='ltr'>diocefis</span> <span class='ocrx_word' id='word_1_69' title='bbox 2241 1228 2251 1237; x_wconf 92' lang='lat'><strong>·</strong></span> 
     </span>
     <span class='ocr_line' id='line_1_10' title="bbox 184 1289 2253 1356; baseline -0.001 -13"><span class='ocrx_word' id='word_1_70' title='bbox 184 1294 462 1343; x_wconf 87' lang='lat' dir='ltr'>Reddendo</span> <span class='ocrx_word' id='word_1_71' title='bbox 504 1293 741 1341; x_wconf 85' lang='lat' dir='ltr'>summam</span> <span class='ocrx_word' id='word_1_72' title='bbox 783 1291 1265 1356; x_wconf 84' lang='lat' dir='ltr'>quadringentarum</span> <span class='ocrx_word' id='word_1_73' title='bbox 1303 1307 1586 1340; x_wconf 86' lang='lat' dir='ltr'>marcarum</span> <span class='ocrx_word' id='word_1_74' title='bbox 1621 1297 1819 1340; x_wconf 89' lang='lat' dir='ltr'>monete</span> <span class='ocrx_word' id='word_1_75' title='bbox 1859 1289 2035 1342; x_wconf 89' lang='lat' dir='ltr'>Scocie</span> <span class='ocrx_word' id='word_1_76' title='bbox 2070 1291 2253 1341; x_wconf 86' lang='lat' dir='ltr'>facien-</span> 
     </span>
     <span class='ocr_line' id='line_1_11' title="bbox 184 1383 1565 1452; baseline -0.003 -16"><span class='ocrx_word' id='word_1_77' title='bbox 184 1389 347 1452; x_wconf 89' lang='lat' dir='ltr'>doque</span> <span class='ocrx_word' id='word_1_78' title='bbox 372 1403 544 1436; x_wconf 87' lang='lat' dir='ltr'>omnes</span> <span class='ocrx_word' id='word_1_79' title='bbox 568 1385 849 1435; x_wconf 82' lang='lat' dir='ltr'>ordinarias</span> <span class='ocrx_word' id='word_1_80' title='bbox 873 1384 1111 1449; x_wconf 82' lang='lat' dir='ltr'>expensas</span> <span class='ocrx_word' id='word_1_81' title='bbox 1135 1410 1146 1421; x_wconf 92' lang='lat'><strong>·</strong></span> <span class='ocrx_word' id='word_1_82' title='bbox 1171 1387 1237 1432; x_wconf 88' lang='lat'>24</span> <span class='ocrx_word' id='word_1_83' title='bbox 1263 1383 1392 1433; x_wconf 83' lang='lat' dir='ltr'>Maii</span> <span class='ocrx_word' id='word_1_84' title='bbox 1418 1387 1565 1432; x_wconf 82' lang='lat'>1525.</span> 
     </span>
    </p>
   </div>
   <div class='ocr_carea' id='block_1_7' title="bbox 186 1647 2264 2573">
    <p class='ocr_par' dir='ltr' id='par_1_7' title="bbox 186 1647 2264 2573">
     <span class='ocr_line' id='line_1_12' title="bbox 188 1647 2258 1737; baseline 0 -19"><span class='ocrx_word' id='word_1_85' title='bbox 188 1647 342 1720; x_wconf 85' lang='lat' dir='ltr'>Idem</span> <span class='ocrx_word' id='word_1_86' title='bbox 360 1668 543 1717; x_wconf 82' lang='lat' dir='ltr'>affedat</span> <span class='ocrx_word' id='word_1_87' title='bbox 560 1683 653 1732; x_wconf 88' lang='lat' dir='ltr'>pro</span> <span class='ocrx_word' id='word_1_88' title='bbox 671 1665 1019 1715; x_wconf 88' lang='lat' dir='ltr'>nouemdecim</span> <span class='ocrx_word' id='word_1_89' title='bbox 1042 1664 1187 1714; x_wconf 88' lang='lat' dir='ltr'>annis</span> <span class='ocrx_word' id='word_1_90' title='bbox 1208 1666 1441 1717; x_wconf 87' lang='lat' dir='ltr'>Gilberto</span> <span class='ocrx_word' id='word_1_91' title='bbox 1461 1666 1667 1717; x_wconf 86' lang='lat' dir='ltr'>Menzes</span> <span class='ocrx_word' id='word_1_92' title='bbox 1687 1677 1736 1718; x_wconf 90' lang='lat' dir='ltr'>et</span> <span class='ocrx_word' id='word_1_93' title='bbox 1755 1667 1998 1718; x_wconf 84' lang='lat' dir='ltr'>Mariorie</span> <span class='ocrx_word' id='word_1_94' title='bbox 2017 1669 2258 1737; x_wconf 87' lang='lat' dir='ltr'>Chalmyr</span> 
     </span>
     <span class='ocr_line' id='line_1_13' title="bbox 186 1758 2258 1828; baseline 0 -17"><span class='ocrx_word' id='word_1_95' title='bbox 186 1763 356 1828; x_wconf 88' lang='lat' dir='ltr'>sponse</span> <span class='ocrx_word' id='word_1_96' title='bbox 381 1762 463 1810; x_wconf 92' lang='lat' dir='ltr'>sue</span> <span class='ocrx_word' id='word_1_97' title='bbox 490 1768 539 1810; x_wconf 91' lang='lat' dir='ltr'>et</span> <span class='ocrx_word' id='word_1_98' title='bbox 563 1777 735 1810; x_wconf 84' lang='lat' dir='ltr'>eorum</span> <span class='ocrx_word' id='word_1_99' title='bbox 761 1758 1012 1825; x_wconf 85' lang='lat' dir='ltr'>affignatis</span> <span class='ocrx_word' id='word_1_100' title='bbox 1038 1758 1411 1808; x_wconf 88' lang='lat' dir='ltr'>coadiutoribus</span> <span class='ocrx_word' id='word_1_101' title='bbox 1437 1767 1486 1809; x_wconf 89' lang='lat' dir='ltr'>et</span> <span class='ocrx_word' id='word_1_102' title='bbox 1509 1761 1884 1811; x_wconf 85' lang='lat' dir='ltr'>subtenentibus</span> <span class='ocrx_word' id='word_1_103' title='bbox 1918 1779 2022 1811; x_wconf 94' lang='lat' dir='ltr'>non</span> <span class='ocrx_word' id='word_1_104' title='bbox 2057 1763 2258 1812; x_wconf 87' lang='lat' dir='ltr'>maioris</span> 
     </span>
     <span class='ocr_line' id='line_1_14' title="bbox 187 1850 2259 1919; baseline 0 -14"><span class='ocrx_word' id='word_1_105' title='bbox 187 1856 341 1905; x_wconf 83' lang='lat' dir='ltr'>status</span> <span class='ocrx_word' id='word_1_106' title='bbox 366 1862 525 1904; x_wconf 85' lang='lat' dir='ltr'>terras</span> <span class='ocrx_word' id='word_1_107' title='bbox 561 1861 611 1902; x_wconf 92' lang='lat' dir='ltr'>et</span> <span class='ocrx_word' id='word_1_108' title='bbox 643 1851 813 1902; x_wconf 86' lang='lat' dir='ltr'>villam</span> <span class='ocrx_word' id='word_1_109' title='bbox 850 1852 912 1900; x_wconf 91' lang='lat' dir='ltr'>de</span> <span class='ocrx_word' id='word_1_110' title='bbox 948 1850 1117 1901; x_wconf 87' lang='lat' dir='ltr'>Cowle</span> <span class='ocrx_word' id='word_1_111' title='bbox 1153 1869 1267 1900; x_wconf 89' lang='lat' dir='ltr'>cum</span> <span class='ocrx_word' id='word_1_112' title='bbox 1303 1852 1510 1902; x_wconf 86' lang='lat' dir='ltr'>decimis</span> <span class='ocrx_word' id='word_1_113' title='bbox 1540 1853 1827 1919; x_wconf 84' lang='lat' dir='ltr'>garbalibus</span> <span class='ocrx_word' id='word_1_114' title='bbox 1863 1855 1916 1903; x_wconf 91' lang='lat' dir='ltr'>in</span> <span class='ocrx_word' id='word_1_115' title='bbox 1952 1856 2162 1905; x_wconf 84' lang='lat' dir='ltr'>baronia</span> <span class='ocrx_word' id='word_1_116' title='bbox 2197 1857 2259 1905; x_wconf 92' lang='lat' dir='ltr'>de</span> 
     </span>
     <span class='ocr_line' id='line_1_15' title="bbox 190 1944 2259 2010; baseline 0 -13"><span class='ocrx_word' id='word_1_117' title='bbox 190 1948 383 1997; x_wconf 85' lang='lat' dir='ltr'>Teruas</span> <span class='ocrx_word' id='word_1_118' title='bbox 408 1955 458 1996; x_wconf 91' lang='lat' dir='ltr'>et</span> <span class='ocrx_word' id='word_1_119' title='bbox 483 1945 834 1995; x_wconf 84' lang='lat' dir='ltr'>vicecomitatu</span> <span class='ocrx_word' id='word_1_120' title='bbox 859 1945 921 1993; x_wconf 92' lang='lat' dir='ltr'>de</span> <span class='ocrx_word' id='word_1_121' title='bbox 947 1944 1208 1993; x_wconf 89' lang='lat' dir='ltr'>Abirdene</span> <span class='ocrx_word' id='word_1_122' title='bbox 1238 1962 1331 2010; x_wconf 89' lang='lat' dir='ltr'>pro</span> <span class='ocrx_word' id='word_1_123' title='bbox 1356 1944 1545 1994; x_wconf 85' lang='lat' dir='ltr'>summa</span> <span class='ocrx_word' id='word_1_124' title='bbox 1569 1954 1768 1995; x_wconf 90' lang='lat' dir='ltr'>centum</span> <span class='ocrx_word' id='word_1_125' title='bbox 1793 1947 2036 1997; x_wconf 83' lang='lat' dir='ltr'>librarum</span> <span class='ocrx_word' id='word_1_126' title='bbox 2062 1957 2259 1999; x_wconf 90' lang='lat' dir='ltr'>monete</span> 
     </span>
     <span class='ocr_line' id='line_1_16' title="bbox 192 2037 2260 2104; baseline 0 -13"><span class='ocrx_word' id='word_1_127' title='bbox 192 2040 366 2091; x_wconf 86' lang='lat' dir='ltr'>Scocie</span> <span class='ocrx_word' id='word_1_128' title='bbox 402 2057 601 2089; x_wconf 83' lang='lat' dir='ltr'>necnon</span> <span class='ocrx_word' id='word_1_129' title='bbox 636 2056 729 2104; x_wconf 90' lang='lat' dir='ltr'>pro</span> <span class='ocrx_word' id='word_1_130' title='bbox 766 2037 1131 2103; x_wconf 86' lang='lat' dir='ltr'>complemento</span> <span class='ocrx_word' id='word_1_131' title='bbox 1174 2037 1379 2088; x_wconf 88' lang='lat' dir='ltr'>alterius</span> <span class='ocrx_word' id='word_1_132' title='bbox 1418 2040 1600 2089; x_wconf 85' lang='lat' dir='ltr'>veteris</span> <span class='ocrx_word' id='word_1_133' title='bbox 1642 2038 1965 2090; x_wconf 80' lang='lat' dir='ltr'>affedacionis</span> <span class='ocrx_word' id='word_1_134' title='bbox 2009 2041 2260 2091; x_wconf 89' lang='lat' dir='ltr'>Willelmo</span> 
     </span>
     <span class='ocr_line' id='line_1_17' title="bbox 191 2130 2260 2200; baseline 0 -17"><span class='ocrx_word' id='word_1_135' title='bbox 191 2133 458 2200; x_wconf 84' lang='lat' dir='ltr'>Quhytlaw</span> <span class='ocrx_word' id='word_1_136' title='bbox 484 2149 576 2197; x_wconf 88' lang='lat' dir='ltr'>per</span> <span class='ocrx_word' id='word_1_137' title='bbox 602 2131 880 2198; x_wconf 85' lang='lat' dir='ltr'>Georgium</span> <span class='ocrx_word' id='word_1_138' title='bbox 913 2130 1240 2181; x_wconf 90' lang='lat' dir='ltr'>Sodorensem</span> <span class='ocrx_word' id='word_1_139' title='bbox 1278 2131 1562 2198; x_wconf 89' lang='lat' dir='ltr'>episcopum</span> <span class='ocrx_word' id='word_1_140' title='bbox 1599 2141 1649 2183; x_wconf 92' lang='lat' dir='ltr'>et</span> <span class='ocrx_word' id='word_1_141' title='bbox 1685 2135 2163 2185; x_wconf 85' lang='lat' dir='ltr'>commendatarium</span> <span class='ocrx_word' id='word_1_142' title='bbox 2199 2136 2260 2184; x_wconf 91' lang='lat' dir='ltr'>de</span> 
     </span>
     <span class='ocr_line' id='line_1_18' title="bbox 190 2224 2261 2294; baseline 0 -18"><span class='ocrx_word' id='word_1_143' title='bbox 190 2226 452 2293; x_wconf 90' lang='lat' dir='ltr'>Arbroyth</span> <span class='ocrx_word' id='word_1_144' title='bbox 488 2227 602 2275; x_wconf 87' lang='lat' dir='ltr'>date</span> <span class='ocrx_word' id='word_1_145' title='bbox 632 2229 693 2274; x_wconf 83' lang='lat'>12</span> <span class='ocrx_word' id='word_1_146' title='bbox 727 2224 962 2274; x_wconf 82' lang='lat' dir='ltr'>Januarii</span> <span class='ocrx_word' id='word_1_147' title='bbox 991 2228 1118 2273; x_wconf 89' lang='grc'>1511</span> <span class='ocrx_word' id='word_1_148' title='bbox 1159 2231 1209 2274; x_wconf 91' lang='lat' dir='ltr'>et</span> <span class='ocrx_word' id='word_1_149' title='bbox 1245 2225 1634 2275; x_wconf 87' lang='lat' dir='ltr'>consecrationis</span> <span class='ocrx_word' id='word_1_150' title='bbox 1672 2225 1890 2276; x_wconf 86' lang='lat' dir='ltr'>eiusdem</span> <span class='ocrx_word' id='word_1_151' title='bbox 1929 2244 2061 2276; x_wconf 85' lang='lat' dir='ltr'>anno</span> <span class='ocrx_word' id='word_1_152' title='bbox 2099 2228 2261 2294; x_wconf 89' lang='lat' dir='ltr'>primo</span> 
     </span>
     <span class='ocr_line' id='line_1_19' title="bbox 190 2317 2261 2385; baseline -0.001 -15"><span class='ocrx_word' id='word_1_153' title='bbox 190 2338 282 2385; x_wconf 92' lang='lat' dir='ltr'>pro</span> <span class='ocrx_word' id='word_1_154' title='bbox 307 2321 481 2369; x_wconf 90' lang='lat' dir='ltr'>decem</span> <span class='ocrx_word' id='word_1_155' title='bbox 504 2326 553 2368; x_wconf 89' lang='lat' dir='ltr'>et</span> <span class='ocrx_word' id='word_1_156' title='bbox 576 2335 758 2367; x_wconf 90' lang='lat' dir='ltr'>nouem</span> <span class='ocrx_word' id='word_1_157' title='bbox 778 2317 923 2367; x_wconf 85' lang='lat' dir='ltr'>annis</span> <span class='ocrx_word' id='word_1_158' title='bbox 947 2346 959 2357; x_wconf 89' lang='lat'><strong>·</strong></span> <span class='ocrx_word' id='word_1_159' title='bbox 985 2317 1324 2382; x_wconf 91' lang='lat' dir='ltr'>cuiusquidem</span> <span class='ocrx_word' id='word_1_160' title='bbox 1343 2317 1664 2368; x_wconf 83' lang='lat' dir='ltr'>affedacionis</span> <span class='ocrx_word' id='word_1_161' title='bbox 1683 2318 1866 2385; x_wconf 86' lang='lat' dir='ltr'>septem</span> <span class='ocrx_word' id='word_1_162' title='bbox 1887 2320 2006 2369; x_wconf 86' lang='lat' dir='ltr'>anni</span> <span class='ocrx_word' id='word_1_163' title='bbox 2027 2321 2261 2370; x_wconf 89' lang='lat' dir='ltr'>currendi</span> 
     </span>
     <span class='ocr_line' id='line_1_20' title="bbox 193 2408 2264 2478; baseline -0 -16"><span class='ocrx_word' id='word_1_164' title='bbox 193 2420 337 2462; x_wconf 84' lang='lat' dir='ltr'>erant</span> <span class='ocrx_word' id='word_1_165' title='bbox 376 2441 386 2451; x_wconf 93' lang='lat'><strong>·</strong></span> <span class='ocrx_word' id='word_1_166' title='bbox 426 2420 475 2461; x_wconf 93' lang='lat' dir='ltr'>et</span> <span class='ocrx_word' id='word_1_167' title='bbox 500 2428 596 2476; x_wconf 92' lang='lat' dir='ltr'>que</span> <span class='ocrx_word' id='word_1_168' title='bbox 622 2410 864 2460; x_wconf 83' lang='lat' dir='ltr'>affedacio</span> <span class='ocrx_word' id='word_1_169' title='bbox 886 2409 1082 2476; x_wconf 85' lang='lat' dir='ltr'>prefato</span> <span class='ocrx_word' id='word_1_170' title='bbox 1110 2408 1343 2460; x_wconf 89' lang='lat' dir='ltr'>Gilberto</span> <span class='ocrx_word' id='word_1_171' title='bbox 1371 2427 1463 2476; x_wconf 91' lang='lat' dir='ltr'>per</span> <span class='ocrx_word' id='word_1_172' title='bbox 1487 2411 1672 2460; x_wconf 51' lang='lat' dir='ltr'>dmum</span> <span class='ocrx_word' id='word_1_173' title='bbox 1696 2411 2002 2461; x_wconf 88' lang='lat' dir='ltr'>Willelmum</span> <span class='ocrx_word' id='word_1_174' title='bbox 2026 2411 2264 2478; x_wconf 84' lang='lat' dir='ltr'>affignata</span> 
     </span>
     <span class='ocr_line' id='line_1_21' title="bbox 192 2502 2261 2573; baseline 0 -18"><span class='ocrx_word' id='word_1_175' title='bbox 192 2523 282 2571; x_wconf 90' lang='lat' dir='ltr'>per</span> <span class='ocrx_word' id='word_1_176' title='bbox 314 2505 351 2555; x_wconf 83' lang='lat' dir='ltr'><strong>J</strong></span> <span class='ocrx_word' id='word_1_177' title='bbox 353 2505 562 2554; x_wconf 88' lang='lat' dir='ltr'>acobum</span> <span class='ocrx_word' id='word_1_178' title='bbox 601 2502 960 2554; x_wconf 71' lang='lat' dir='ltr'>Sanffiandree</span> <span class='ocrx_word' id='word_1_179' title='bbox 996 2502 1280 2568; x_wconf 88' lang='lat' dir='ltr'>episcopum</span> <span class='ocrx_word' id='word_1_180' title='bbox 1317 2511 1367 2554; x_wconf 90' lang='lat' dir='ltr'>et</span> <span class='ocrx_word' id='word_1_181' title='bbox 1403 2505 1884 2555; x_wconf 83' lang='lat' dir='ltr'>commendatarium</span> <span class='ocrx_word' id='word_1_182' title='bbox 1913 2506 1975 2555; x_wconf 90' lang='lat' dir='ltr'>de</span> <span class='ocrx_word' id='word_1_183' title='bbox 1999 2505 2261 2573; x_wconf 87' lang='lat' dir='ltr'>Arbroyth</span> 
     </span>
    </p>
   </div>
   <div class='ocr_carea' id='block_1_8' title="bbox 187 2595 2260 2660">
    <p class='ocr_par' dir='ltr' id='par_1_8' title="bbox 187 2595 2260 2660">
     <span class='ocr_line' id='line_1_22' title="bbox 187 2595 2260 2660; baseline 0 -12"><span class='ocrx_word' id='word_1_184' title='bbox 187 2599 356 2648; x_wconf 79' lang='lat' dir='ltr'>suerat</span> <span class='ocrx_word' id='word_1_185' title='bbox 379 2597 581 2647; x_wconf 81' lang='lat' dir='ltr'>admissa</span> <span class='ocrx_word' id='word_1_186' title='bbox 603 2625 615 2636; x_wconf 91' lang='lat'><strong>·</strong></span> <span class='ocrx_word' id='word_1_187' title='bbox 645 2595 897 2646; x_wconf 89' lang='lat' dir='ltr'>Soluendo</span> <span class='ocrx_word' id='word_1_188' title='bbox 921 2612 1014 2660; x_wconf 91' lang='lat' dir='ltr'>pro</span> <span class='ocrx_word' id='word_1_189' title='bbox 1034 2595 1191 2645; x_wconf 88' lang='lat' dir='ltr'>firmis</span> <span class='ocrx_word' id='word_1_190' title='bbox 1208 2604 1456 2647; x_wconf 83' lang='lat' dir='ltr'>terrarum</span> <span class='ocrx_word' id='word_1_191' title='bbox 1477 2597 1651 2648; x_wconf 88' lang='lat' dir='ltr'>decem</span> <span class='ocrx_word' id='word_1_192' title='bbox 1668 2597 1822 2647; x_wconf 86' lang='lat' dir='ltr'>libras</span> <span class='ocrx_word' id='word_1_193' title='bbox 1840 2606 2040 2649; x_wconf 88' lang='lat' dir='ltr'>monete</span> <span class='ocrx_word' id='word_1_194' title='bbox 2058 2597 2260 2649; x_wconf 88' lang='lat' dir='ltr'>Scocie·</span> 
     </span>
    </p>
   </div>
   <div class='ocr_carea' id='block_1_9' title="bbox 194 2690 2259 2836">
    <p class='ocr_par' dir='ltr' id='par_1_9' title="bbox 194 2690 2259 2836">
     <span class='ocr_line' id='line_1_23' title="bbox 194 2690 2259 2758; baseline -0.001 -16"><span class='ocrx_word' id='word_1_195' title='bbox 194 2700 244 2742; x_wconf 90' lang='lat' dir='ltr'>et</span> <span class='ocrx_word' id='word_1_196' title='bbox 265 2709 358 2758; x_wconf 92' lang='lat' dir='ltr'>pro</span> <span class='ocrx_word' id='word_1_197' title='bbox 384 2691 590 2741; x_wconf 87' lang='lat' dir='ltr'>decimis</span> <span class='ocrx_word' id='word_1_198' title='bbox 615 2693 724 2740; x_wconf 73' lang='grc' dir='ltr'>οᾶο</span> <span class='ocrx_word' id='word_1_199' title='bbox 747 2706 942 2739; x_wconf 83' lang='lat' dir='ltr'>marcas</span> <span class='ocrx_word' id='word_1_200' title='bbox 967 2718 979 2729; x_wconf 90' lang='lat'><strong>·</strong></span> <span class='ocrx_word' id='word_1_201' title='bbox 1004 2705 1218 2740; x_wconf 84' lang='lat' dir='ltr'>vnacum</span> <span class='ocrx_word' id='word_1_202' title='bbox 1235 2690 1451 2740; x_wconf 83' lang='lat' dir='ltr'>rinmart</span> <span class='ocrx_word' id='word_1_203' title='bbox 1468 2690 1662 2757; x_wconf 87' lang='lat' dir='ltr'>veddyr</span> <span class='ocrx_word' id='word_1_204' title='bbox 1686 2698 1736 2740; x_wconf 90' lang='lat' dir='ltr'>et</span> <span class='ocrx_word' id='word_1_205' title='bbox 1759 2690 1870 2740; x_wconf 87' lang='lat' dir='ltr'>aliis</span> <span class='ocrx_word' id='word_1_206' title='bbox 1893 2690 2259 2742; x_wconf 79' lang='lat' dir='ltr'>husbandorum</span> 
     </span>
     <span class='ocr_line' id='line_1_24' title="bbox 195 2783 1200 2836; baseline -0.001 -2"><span class='ocrx_word' id='word_1_207' title='bbox 195 2785 428 2836; x_wconf 89' lang='lat' dir='ltr'>oneribus</span> <span class='ocrx_word' id='word_1_208' title='bbox 452 2792 502 2835; x_wconf 88' lang='lat' dir='ltr'>et</span> <span class='ocrx_word' id='word_1_209' title='bbox 524 2783 746 2834; x_wconf 86' lang='lat' dir='ltr'>seruiciis</span> <span class='ocrx_word' id='word_1_210' title='bbox 771 2813 782 2824; x_wconf 92' lang='lat'>-</span> <span class='ocrx_word' id='word_1_211' title='bbox 808 2787 874 2834; x_wconf 83' lang='lat'>25</span> <span class='ocrx_word' id='word_1_212' title='bbox 897 2783 1026 2834; x_wconf 84' lang='lat' dir='ltr'>Maii</span> <span class='ocrx_word' id='word_1_213' title='bbox 1052 2787 1200 2833; x_wconf 84' lang='lat'>1525.</span> 
     </span>
    </p>
   </div>
   <div class='ocr_carea' id='block_1_10' title="bbox 194 3040 2256 3312">
    <p class='ocr_par' dir='ltr' id='par_1_10' title="bbox 194 3040 2256 3312">
     <span class='ocr_line' id='line_1_25' title="bbox 196 3040 2256 3128; baseline -0.001 -16"><span class='ocrx_word' id='word_1_214' title='bbox 196 3040 349 3113; x_wconf 79' lang='lat' dir='ltr'>Idem</span> <span class='ocrx_word' id='word_1_215' title='bbox 403 3063 656 3128; x_wconf 80' lang='lat' dir='ltr'>presentat</span> <span class='ocrx_word' id='word_1_216' title='bbox 706 3061 964 3111; x_wconf 88' lang='lat' dir='ltr'>dominum</span> <span class='ocrx_word' id='word_1_217' title='bbox 1012 3061 1186 3111; x_wconf 88' lang='lat' dir='ltr'>Dauid</span> <span class='ocrx_word' id='word_1_218' title='bbox 1235 3061 1485 3112; x_wconf 88' lang='lat' dir='ltr'>Cristeson</span> <span class='ocrx_word' id='word_1_219' title='bbox 1532 3062 1860 3128; x_wconf 85' lang='lat' dir='ltr'>presbiterum</span> <span class='ocrx_word' id='word_1_220' title='bbox 1907 3064 1972 3112; x_wconf 87' lang='lat' dir='ltr'>ad</span> <span class='ocrx_word' id='word_1_221' title='bbox 2019 3062 2256 3112; x_wconf 83' lang='lat' dir='ltr'>vicariam</span> 
     </span>
     <span class='ocr_line' id='line_1_26' title="bbox 194 3152 2254 3220; baseline -0 -17"><span class='ocrx_word' id='word_1_222' title='bbox 194 3152 555 3218; x_wconf 84' lang='lat' dir='ltr'>penfionariam</span> <span class='ocrx_word' id='word_1_223' title='bbox 593 3153 923 3219; x_wconf 82' lang='lat' dir='ltr'>parrochialis</span> <span class='ocrx_word' id='word_1_224' title='bbox 958 3153 1161 3203; x_wconf 89' lang='lat' dir='ltr'>ecclefie</span> <span class='ocrx_word' id='word_1_225' title='bbox 1197 3154 1259 3203; x_wconf 90' lang='lat' dir='ltr'>de</span> <span class='ocrx_word' id='word_1_226' title='bbox 1296 3153 1615 3220; x_wconf 86' lang='lat' dir='ltr'>Monyfwyth</span> <span class='ocrx_word' id='word_1_227' title='bbox 1653 3153 2009 3218; x_wconf 70' lang='lat' dir='ltr'>Sanffiandree</span> <span class='ocrx_word' id='word_1_228' title='bbox 2050 3154 2254 3203; x_wconf 85' lang='lat' dir='ltr'>diocefis</span> 
     </span>
     <span class='ocr_line' id='line_1_27' title="bbox 198 3245 2194 3312; baseline -0.001 -17"><span class='ocrx_word' id='word_1_229' title='bbox 198 3254 457 3295; x_wconf 85' lang='lat' dir='ltr'>vacantem</span> <span class='ocrx_word' id='word_1_230' title='bbox 480 3263 570 3312; x_wconf 88' lang='lat' dir='ltr'>per</span> <span class='ocrx_word' id='word_1_231' title='bbox 593 3245 986 3312; x_wconf 85' lang='lat' dir='ltr'>refignacionem</span> <span class='ocrx_word' id='word_1_232' title='bbox 1009 3245 1199 3295; x_wconf 84' lang='lat' dir='ltr'>domini</span> <span class='ocrx_word' id='word_1_233' title='bbox 1221 3245 1258 3295; x_wconf 86' lang='lat' dir='ltr'><strong>J</strong></span> <span class='ocrx_word' id='word_1_234' title='bbox 1259 3246 1469 3296; x_wconf 85' lang='lat' dir='ltr'>ohannis</span> <span class='ocrx_word' id='word_1_235' title='bbox 1495 3245 1746 3296; x_wconf 85' lang='lat' dir='ltr'>Yallower</span> <span class='ocrx_word' id='word_1_236' title='bbox 1769 3274 1782 3286; x_wconf 90' lang='lat'><strong>·</strong></span> <span class='ocrx_word' id='word_1_237' title='bbox 1808 3250 1873 3296; x_wconf 88' lang='grc'>28</span> <span class='ocrx_word' id='word_1_238' title='bbox 1897 3246 2019 3295; x_wconf 87' lang='lat' dir='ltr'>Maii</span> <span class='ocrx_word' id='word_1_239' title='bbox 2049 3250 2194 3295; x_wconf 83' lang='lat'>1525.</span> 
     </span>
    </p>
   </div>
  </div>
 </body>
</html>
