2762 3834
410 1893 506 1937 385

552 386 648 430 312
1001 372 1423 427 REGISTRUM
1458 371 1555 421 DE
1590 370 2149 423 ABERBROTHOC.

554 512 873 561 decimalibus
922 548 932 557 .
979 547 990 558 .
1034 547 1042 556 .
1092 524 1236 555 vnam
1281 505 1496 565 ccldram
1539 504 1677 551 ordei
1719 512 1767 551 et
1809 504 1968 552 farine
2008 505 2229 568 predi&e
2270 507 2496 555 mensure
2531 508 2594 556 ad

555 603 789 652 terminos
827 639 837 649 .
876 639 887 649 .
926 638 937 648 .
986 598 1213 647 victualia
1235 593 1549 661 persoluendi
1590 631 1601 641 .
1647 630 1658 641 .
1705 630 1716 641 .
1761 610 1872 642 cum
1899 595 1979 642 sex
2006 596 2276 659 caponibus
2301 604 2350 644 et
2375 597 2483 645 aliis
2514 599 2594 646 sex

556 693 701 759 pullis
725 692 903 741 adultis
928 707 1038 739 cum
1063 695 1288 753 rynmart
1312 694 1362 734 et
1386 685 1572 733 weddir
1596 683 1718 732 ficut
1742 683 1827 732 alii
1854 685 2093 734 husbandi
2130 685 2282 734 nostri
2317 688 2597 752 persoluent

557 803 613 834 ac
651 783 875 832 omnibus
915 780 1023 829 aliis
1068 818 1077 827 .
1123 816 1132 827 .
1179 816 1189 826 .
1232 778 1464 826 oneribus
1504 765 1871 825 husbandoruin
1916 815 1926 825 .
1964 815 1975 826 .
2014 815 2025 825 .
2066 777 2303 827 Preterea
2337 818 2348 829 .
2387 819 2395 828 .
2436 820 2445 828 .
2483 797 2596 829 con·

557 875 774 924 ceffimus
805 872 1038 937 predictis
1074 909 1082 918 .
1124 909 1133 918 .
1174 909 1183 918 .
1232 868 1494 917 licenciam
1538 868 1740 916 arraudi
1782 875 1831 916 et
1870 869 2141 918 seminandi
2174 870 2225 918 in
2258 870 2305 918 le
2337 870 2501 920 Parke
2537 872 2598 920 de

558 967 796 1015 Connane
829 963 1107 1025 vbicunque
1147 998 1158 1009 .
1201 998 1212 1008 .
1255 998 1265 1008 .
1309 959 1419 1008 Nec
1458 959 1625 1009 licebit
1660 960 1893 1022 prediffls
1934 998 1945 1009 .
1989 998 2000 1009 .
2043 997 2054 1009 .
2095 969 2254 1010 terras
2281 999 2291 1009 .
2339 1000 2349 1010 .
2396 1000 2406 1010 .
2451 963 2598 1012 alicui

673 1094 683 1103 .
727 1054 941 1103 ass'edare
984 1093 992 1101 .
1038 1090 1049 1101 .
1094 1090 1105 1100 .
1147 1051 1247 1100 fine
1286 1051 1453 1100 nostra
1489 1051 1702 1100 licencia
1748 1092 1757 1100 .
1799 1092 1807 1100 .
1858 1092 1867 1101 .
1918 1052 2140 1101 cottariis
2177 1092 2187 1101 .
2231 1092 2240 1101 .
2285 1093 2294 1102 .
2338 1055 2556 1119 exceptis
2588 1084 2599 1095 ·

557 1147 765 1197 termino
795 1162 909 1193 vero
934 1144 1167 1193 introitus
1208 1183 1218 1192 .
1260 1183 1268 1192 .
1310 1183 1318 1191 .
1362 1142 1630 1192 inchoante
1655 1143 1736 1191 die
1762 1143 1875 1191 date
1901 1142 2207 1207 presencium
2245 1152 2294 1193 et
2323 1144 2388 1193 fic
2422 1147 2599 1210 perdu-
2659 1154 2660 1157 ’

558 1248 698 1288 rante
731 1238 878 1301 usque
914 1237 978 1285 ad
1015 1235 1281 1284 terminum
1323 1234 1423 1283 vite
1471 1274 1479 1282 .
1529 1273 1538 1282 .
1581 1273 1590 1282 .
1640 1234 1793 1298 Apud
1830 1234 2179 1283 monasterium
2217 1275 2226 1283 .
2270 1275 2279 1284 .
2323 1275 2331 1284 .
2375 1237 2600 1286 vicefimo

560 1335 731 1379 octauo
767 1328 846 1377 die
880 1326 1057 1377 mensis
1092 1326 1386 1375 Decembris
1418 1343 1548 1375 anno
1585 1326 1793 1375 Domini
1825 1324 2081 1376 millesimo
2118 1334 2252 1376 0000ο
2287 1328 2601 1394 nonogefimo

555 1425 773 1489 septimo,

556 1679 742 1751 Cowle
768 1698 1007 1747 affedatur
1035 1695 1256 1743 Waltero
1281 1693 1542 1759 Lychtone
1568 1693 1629 1741 de
1656 1692 1968 1758 Vllissiavyn.

562 1924 570 1933 .
609 1924 617 1932 .
656 1923 664 1931 .
702 1882 876 1931 Pateat
913 1919 921 1927 .
962 1920 970 1927 .
1009 1919 1017 1927 .
1055 1896 1143 1927 nos
1168 1877 1338 1926 Dauid
1362 1877 1589 1924 abbatem
1626 1913 1635 1922 .
1674 1914 1682 1923 .
1726 1913 1737 1923 .
1779 1876 1840 1924 de
1866 1876 2204 1925 Abirbrothoc
2240 1917 2248 1926 .
2285 1917 2296 1927 .
2333 1917 2342 1926 .
2380 1878 2603 1928 affedafl'e

566 2016 575 2024 .
618 2015 627 2023 .
672 2014 679 2022 .
726 1972 945 2020 Waltero
967 1970 1226 2035 Lychtone
1252 1967 1511 2032 apparenti
1535 1967 1597 2014 de
1619 1966 1899 2015 Vllishavin
1934 1967 2122 2033 suisque
2159 1970 2525 2018 coadiutoribus
2554 1978 2603 2019 et

559 2064 927 2114 subtenentibus
963 2102 972 2111 .
1010 2101 1017 2109 .
1057 2101 1065 2109 .
1102 2078 1201 2109 non
1245 2100 1254 2108 .
1290 2101 1298 2108 .
1334 2099 1342 2108 .
1387 2058 1584 2106 maioris
1618 2058 1770 2106 status
1812 2098 1820 2107 .
1860 2097 1871 2108 .
1911 2098 1921 2107 .
1965 2076 2111 2123 quam
2136 2060 2237 2123 ipse
2279 2100 2288 2109 .
2333 2100 2341 2108 .
2385 2101 2394 2110 .
2438 2062 2601 2109 villam

558 2157 771 2205 nostram
821 2155 880 2202 de
931 2153 1098 2202 Cowle
1147 2192 1155 2200 .
1202 2191 1210 2200 .
1260 2191 1267 2198 .
1314 2151 1558 2199 iacentem
1602 2150 1654 2197 in
1698 2150 1906 2199 baronia
1946 2151 2115 2200 nostra
2161 2153 2222 2200 de
2266 2151 2469 2202 Tarwes
2511 2171 2602 2217 pro

560 2247 781 2297 terminis
824 2247 992 2293 decem
1035 2251 1083 2292 et
1123 2259 1300 2291 nouem
1343 2258 1585 2290 annorum
1628 2281 1637 2289 .
1682 2281 1691 2289 .
1735 2281 1744 2290 .
1788 2241 2002 2290 termino
2045 2259 2162 2291 vero
2200 2244 2432 2293 introitus
2476 2284 2484 2292 .
2534 2284 2543 2293 .
2589 2285 2599 2293 .

558 2340 828 2404 incipiente
844 2338 894 2385 in
910 2336 1032 2384 festo
1047 2333 1400 2383 Penthecostes
1416 2334 1580 2383 datam
1596 2334 1837 2398 presentis
1854 2333 2022 2398 scripti
2038 2334 2320 2383 immediate
2341 2336 2573 2399 sequente
2589 2364 2599 2375 ·

562 2430 809 2479 Soluendo
859 2468 867 2475 .
918 2467 926 2475 .
981 2467 989 2475 .
1039 2428 1210 2475 decem
1245 2425 1397 2473 libras
1442 2464 1450 2473 .
1500 2463 1513 2475 .
1562 2465 1570 2473 .
1621 2432 1819 2473 monete
1865 2464 1874 2473 .
1927 2464 1936 2474 .
1989 2463 2000 2473 .
2050 2424 2222 2474 Scocie
2247 2427 2311 2474 ad
2335 2427 2457 2476 duos
2483 2429 2600 2476 anni

561 2522 795 2571 terminos
830 2559 837 2567 .
877 2559 885 2567 .
921 2558 929 2567 .
966 2535 1064 2566 vna
1102 2534 1212 2565 cum
1253 2524 1479 2581 rynmart
1518 2516 1693 2564 wethir
1730 2523 1779 2564 et
1819 2515 1927 2564 aliis
1964 2515 2327 2566 hulbandorum
2367 2519 2597 2567 oneribus
2682 2535 2690 2544 ·

562 2654 571 2662 .
608 2653 617 2662 .
656 2653 665 2661 .
698 2612 765 2659 Et
786 2611 821 2659 fi
845 2610 1099 2673 contingat
1123 2609 1279 2657 dictos
1315 2648 1324 2657 .
1363 2648 1371 2656 .
1411 2649 1419 2656 .
1452 2607 1713 2656 iniuriosos
1739 2644 1750 2655 .
1786 2645 1797 2656 .
1837 2607 1982 2657 ,effe
2008 2616 2092 2658 aut
2115 2609 2243 2658 male
2266 2610 2598 2674 persoluentes

566 2743 576 2753 .
609 2742 619 2752 .
654 2742 664 2751 .
697 2702 866 2751 licebit
889 2700 1028 2749 nobis
1068 2737 1077 2748 .
1118 2737 1128 2746 .
1169 2736 1178 2746 .
1214 2700 1275 2746 de
1312 2699 1441 2747 dicta
1470 2699 1589 2748 villa
1630 2736 1639 2746 .
1679 2737 1690 2746 .
1731 2736 1742 2747 .
1778 2699 2037 2764 disponere
2072 2738 2083 2749 .
2120 2738 2131 2749 .
2169 2739 2180 2749 .
2212 2701 2405 2751 Dantes
2440 2704 2594 2752 eciam

563 2834 574 2845 .
615 2832 627 2845 .
667 2831 679 2843 .
714 2793 938 2841 Waltero
962 2791 1250 2855 potestatem
1286 2791 1571 2854 imponendi
1596 2798 1646 2840 et
1669 2792 1960 2840 remouendi
1998 2828 2011 2841 .
2048 2829 2059 2839 .
2100 2830 2111 2841 .
2148 2795 2257 2841 suos
2287 2794 2596 2844 coadiutores

562 2896 610 2936 et
635 2887 946 2934 subtenentes
979 2919 990 2930 .
1023 2920 1032 2930 .
1071 2919 1081 2929 .
1116 2882 1268 2945 Apud
1307 2918 1317 2929 .
1355 2919 1365 2928 .
1402 2919 1412 2929 .
1452 2880 1721 2946 capitulum
1744 2883 2038 2932 duodecimo
2060 2885 2140 2933 die
2166 2885 2341 2934 mensis
2365 2885 2593 2936 Januarii

563 2995 693 3028 anno
718 2975 923 3026 Domini
946 2973 1200 3023 millesimo
1226 2979 1360 3021 cccc⁰
1384 2975 1698 3039 nonogesimo
1723 2975 1944 3039 septimo.
