2762 3834
0 1747 2 1788 ἰ
28 1743 120 1797 376

619 381 1049 434 REGISTRUM
1082 384 1179 433 DE
1215 386 1770 439 ABERBROTHOC.
2118 400 2212 443 305

172 517 326 565 ander
349 515 479 563 filius
504 516 609 563 eius
633 515 794 563 senior
818 533 877 563 ac
913 532 1064 579 nepos
1102 553 1111 563 .
1151 554 1161 565 .
1201 555 1210 564 .
1248 519 1435 568 soluent
1471 557 1480 567 .
1520 559 1530 569 .
1569 558 1580 568 .
1614 539 1704 585 pro
1739 530 1841 570 toto
1866 530 2083 587 tempore
2120 526 2214 573 vite

175 647 184 656 .
221 647 230 657 .
267 646 276 656 .
314 609 483 656 decem
508 607 659 655 libras
697 644 707 654 .
745 645 755 654 .
796 644 806 654 .
843 607 907 654 ad
931 608 1165 655 terminos
1182 611 1477 674 prescriptos
1497 629 1606 660 cum
1627 612 1734 660 aliis
1752 613 1968 661 seruiciis
1990 615 2216 662 oneribus

177 707 225 748 et
257 700 406 763 lignis
440 698 789 747 cin&oriorum
824 699 1180 762 prenominatis
1214 700 1284 749 ita
1318 703 1448 765 quod
1482 702 1596 750 dicti
1635 739 1645 750 .
1680 741 1690 750 .
1727 741 1738 751 .
1768 704 1980 753 habeant
2014 705 2217 768 potesta-

175 802 272 842 tem
311 793 623 841 coadiutores
648 798 697 839 et
732 792 1045 839 subtenentes
1089 829 1099 839 .
1144 830 1153 840 .
1198 830 1207 839 .
1246 794 1530 856 imponendi
1566 801 1614 842 et
1650 795 1926 858 expellendi
1963 834 1972 843 .
2008 834 2018 843 .
2059 834 2070 844 .
2102 796 2218 844 Pre-

175 893 313 933 terea
335 883 370 931 fi
397 883 514 932 diui
553 920 562 930 .
604 920 614 931 .
656 920 666 930 .
708 883 836 931 male
860 882 1195 946 persoluentes
1233 920 1244 930 .
1284 920 1294 930 .
1334 921 1344 931 .
1380 885 1457 932 vel
1489 922 1498 932 .
1537 922 1549 933 .
1587 924 1596 933 .
1635 885 1855 933 iniuriofi
1893 924 1903 934 .
1944 924 1954 934 .
1994 925 2004 934 .
2039 894 2217 935 extete-

174 978 276 1026 rint
298 977 468 1025 licebit
492 975 633 1024 nobis
672 1013 683 1023 .
729 1013 740 1023 .
787 1012 797 1023 .
837 975 897 1022 de
937 1012 947 1022 .
987 1012 997 1022 .
1037 1013 1047 1022 .
1084 974 1229 1023 terris
1254 982 1302 1022 et
1325 975 1620 1023 molendinis
1645 977 1708 1024 ad
1741 1013 1752 1023 .
1780 1013 1790 1023 .
1830 1013 1841 1024 .
1874 977 2065 1025 libitum
2103 1018 2111 1026 .
2155 1018 2163 1026 .
2207 1018 2215 1026 .

177 1070 434 1133 disponere
487 1107 496 1117 .
539 1108 548 1117 .
597 1107 607 1116 .
657 1068 810 1131 Apud
854 1066 1191 1114 Abirbrothoc
1234 1067 1319 1114 sub
1351 1065 1506 1129 figillo
1545 1107 1554 1115 .
1598 1106 1606 1115 .
1647 1107 1656 1115 .
1691 1069 1890 1131 capituli
1950 1108 1958 1117 .
1993 1109 2001 1118 .
2049 1109 2058 1117 .
2109 1086 2218 1117 cum

175 1162 393 1210 manuali
430 1160 783 1224 subscriptione
830 1159 1039 1206 fratrum
1087 1158 1242 1206 tercio
1285 1158 1364 1204 die
1405 1157 1577 1205 mensis
1614 1159 1800 1222 Aprilis
1848 1177 1975 1208 anno
2015 1161 2218 1209 Domini

175 1260 243 1301 m⁰
267 1259 401 1302 cccc⁰
424 1249 740 1315 nonagesimo
764 1250 983 1314 septimo.

180 1504 488 1576 Innerkelor
513 1533 646 1574 terre
668 1526 729 1573 de
754 1524 1021 1589 Kyrktone
1046 1522 1322 1572 affedantur
1347 1524 1634 1572 Alexandro
1662 1524 1872 1590 Ogilwy.

178 1747 186 1756 .
224 1747 233 1755 .
277 1744 288 1759 .
320 1706 498 1755 Pateat
533 1746 542 1755 .
581 1745 589 1754 .
628 1746 637 1754 .
670 1722 760 1754 nos
784 1704 954 1753 Dauid
988 1745 996 1753 .
1031 1745 1040 1753 .
1076 1745 1085 1755 .
1117 1709 1342 1759 abbatem
1379 1748 1388 1758 .
1421 1751 1430 1759 .
1466 1751 1474 1760 .
1513 1713 1573 1759 de
1598 1706 1931 1760 Abirbrothoc
1968 1749 1978 1759 .
2017 1749 2027 1760 .
2066 1749 2075 1758 .
2113 1710 2223 1759 affe-

177 1799 303 1847 dass'e
338 1837 348 1847 .
382 1836 393 1846 .
430 1835 440 1846 .
478 1798 767 1846 Alexandro
795 1797 995 1862 Ogilwy
1022 1808 1071 1847 et
1095 1800 1192 1848 suis
1216 1802 1584 1852 subtenentibus
1623 1841 1633 1851 .
1676 1843 1685 1851 .
1724 1842 1734 1852 .
1773 1812 1929 1852 terras
1954 1803 2141 1851 nostras
2165 1805 2225 1850 de

178 1891 440 1956 Kyrktone
465 1892 526 1938 de
551 1890 848 1939 Innerkelor
893 1927 904 1938 .
956 1928 966 1938 .
1008 1928 1020 1938 .
1062 1909 1171 1940 cum
1198 1894 1402 1943 decimis
1427 1895 1707 1960 garbalibus
1730 1896 1994 1944 earundem
2021 1913 2077 1943 ac
2112 1931 2122 1941 .
2167 1932 2178 1942 .
2214 1932 2224 1942 .

177 1992 422 2031 terrarum
445 1983 506 2031 de
538 1982 830 2031 Annestone
870 2020 880 2029 .
922 2020 932 2030 .
979 2020 989 2030 .
1027 2001 1118 2048 pro
1161 1991 1265 2034 toto
1306 1994 1526 2051 tempore
1563 1987 1662 2035 vite
1706 2025 1717 2035 .
1760 2024 1771 2035 .
1811 2024 1821 2034 .
1860 1986 2226 2050 quibusquidem

181 2113 192 2123 .
230 2115 239 2124 .
279 2114 290 2124 .
325 2077 483 2124 distus
508 2076 796 2124 Alexander
821 2077 1125 2139 temporibus
1151 2079 1403 2127 transaetis
1426 2080 1670 2144 gaudebat
1700 2110 1709 2119 ·
1748 2087 1796 2127 et
1818 2079 1919 2142 ipso
1943 2078 2225 2125 Alexandro

179 2168 239 2215 de
263 2167 426 2215 medio
450 2167 640 2216 sublato
666 2166 913 2231 affignatis
937 2168 1034 2214 suis
1062 2206 1071 2214 .
1100 2205 1109 2214 .
1139 2206 1150 2215 .
1176 2170 1247 2217 ita
1270 2171 1402 2233 quod
1421 2187 1520 2217 non
1547 2170 1639 2218 fint
1663 2169 1861 2217 maioris
1886 2169 2035 2217 status
2060 2207 2069 2215 .
2096 2207 2105 2216 .
2131 2206 2140 2215 .
2178 2177 2225 2215 et

179 2261 310 2323 quod
335 2260 659 2309 admittantur
682 2277 772 2324 per
795 2277 884 2307 nos
926 2297 936 2307 .
983 2297 992 2307 .
1040 2298 1049 2307 .
1081 2278 1172 2325 pro
1197 2261 1421 2309 terminis
1442 2263 1623 2325 septem
1650 2277 1888 2308 annorum
1912 2259 2018 2323 post
2041 2259 2222 2306 obitum

179 2351 294 2398 dicti
320 2351 598 2400 Alexandri
639 2389 650 2400 .
695 2388 704 2398 .
742 2388 752 2398 .
793 2351 1005 2399 termino
1031 2369 1148 2400 vero
1173 2353 1404 2402 introitus
1437 2391 1447 2401 .
1484 2391 1494 2401 .
1529 2392 1540 2401 .
1579 2353 1852 2401 Alexandri
1889 2359 1937 2399 et
1971 2352 2223 2399 subtenen-

181 2444 309 2492 cium
339 2481 350 2491 .
384 2481 395 2492 .
435 2482 445 2492 .
471 2444 742 2508 incipiente
769 2444 848 2492 die
874 2445 987 2492 date
1008 2444 1314 2508 presencium
1339 2472 1348 2481 ·
1373 2445 1582 2494 termino
1614 2460 1728 2491 vero
1764 2443 1990 2490 introitus
2025 2440 2223 2504 affigna-

181 2545 341 2585 torum
373 2575 383 2586 .
417 2575 428 2585 .
463 2575 473 2585 .
505 2538 775 2601 incipiente
811 2538 891 2585 die
918 2538 1078 2586 obitus
1105 2536 1317 2585 eiusdem
1359 2575 1369 2584 .
1412 2574 1422 2584 .
1472 2575 1481 2584 .
1524 2535 1769 2584 Soluendo
1811 2571 1821 2582 .
1863 2571 1873 2582 .
1919 2571 1930 2581 .
1973 2549 2061 2596 pro
2086 2532 2224 2579 firma

182 2665 193 2676 .
235 2666 246 2676 .
287 2666 299 2677 .
343 2630 672 2694 quadraginta
694 2629 873 2680 solidos
909 2666 919 2677 .
958 2667 969 2677 .
1009 2667 1019 2677 .
1051 2636 1246 2677 monete
1281 2666 1290 2675 .
1323 2665 1333 2675 .
1367 2665 1377 2675 .
1415 2628 1584 2677 Scocie
1621 2627 1683 2674 ad
1715 2626 1948 2674 terminos
1975 2623 2223 2671 consuetos

183 2727 230 2768 et
255 2737 400 2769 vnam
426 2721 644 2769 celdram
670 2729 718 2769 et
742 2722 823 2768 sex
849 2721 1003 2768 bollas
1030 2720 1158 2767 ordii
1185 2727 1232 2767 et
1253 2720 1438 2768 farrine
1475 2720 1535 2766 de
1559 2718 1785 2766 mensura
1806 2716 1900 2764 fori
1938 2714 2175 2762 currentis
2211 2742 2220 2751 ·

182 2821 231 2861 et
253 2831 344 2877 pro
370 2814 575 2863 decimis
605 2850 615 2861 .
652 2851 662 2861 .
703 2852 712 2861 .
743 2831 891 2862 vnam
917 2813 1131 2861 celdram
1159 2812 1285 2859 ordii
1311 2819 1359 2859 et
1382 2811 1568 2859 farrine
1594 2826 1703 2858 cum
1722 2825 1818 2856 vna
1840 2807 1971 2855 bolla
1994 2804 2223 2853 frumenti

182 2904 397 2967 predicte
422 2906 644 2954 mensure
669 2931 679 2942 ·
704 2922 762 2953 ac
788 2905 943 2953 eciam
970 2921 1116 2952 vnam
1141 2903 1357 2951 celdram
1391 2910 1440 2950 et
1475 2910 1573 2950 tres
1608 2900 1761 2948 bollas
1797 2899 1922 2947 ordii
1958 2906 2006 2945 et
2040 2896 2221 2944 farrine

184 3012 293 3043 cum
329 2997 517 3046 duabus
551 2997 694 3045 bollis
730 2995 963 3044 frumenti
997 3011 1087 3059 pro
1130 2994 1332 3042 decimis
1364 2993 1644 3058 garbalibus
1686 2993 1746 3039 de
1783 2988 2068 3038 Annestone
2111 3024 2120 3033 .
2160 3025 2170 3034 .
2210 3023 2220 3032 .

184 3102 377 3135 necnon
408 3088 567 3136 dictus
591 3088 876 3136 Alexander
911 3087 1081 3148 suique
1116 3085 1428 3134 subtenentes
1466 3123 1478 3134 .
1515 3122 1525 3132 .
1565 3122 1576 3132 .
1606 3084 1793 3131 soluent
1831 3119 1840 3128 .
1881 3117 1891 3128 .
1927 3117 1938 3128 .
1972 3079 2220 3128 annuatim

186 3186 325 3227 extra
346 3181 615 3243 predicstam
638 3180 873 3228 summam
898 3195 1045 3226 vnam
1069 3177 1253 3225 hollam
1277 3176 1511 3224 frumenti
1537 3191 1647 3223 cum
1673 3153 1930 3221 duodecim
1956 3169 2218 3233 caponibus

1169 3271 1199 3314 2
1225 3284 1255 3318 Q
