2742 3848
409 888 505 937 715

408 1244 504 1297 716

412 1796 503 1849 717

555 383 653 434 490
1006 374 1432 426 REGISTRUM
1466 373 1564 422 DE
1602 369 2164 420 ABERBROTHOC.

554 500 740 562 fuerint
776 538 786 549 ·
820 510 1085 575 prestando
1111 508 1278 557 abbati
1302 508 1637 556 iuramentum
1662 504 1918 553 fidelitatis
1955 534 1964 543 -
2004 511 2053 553 et
2075 504 2307 553 faciendo
2332 505 2439 570 regi
2463 505 2612 553 serui-

557 604 688 652 cium
713 602 933 651 debitum
960 628 969 638 ·
996 601 1026 650 6
1051 599 1314 649 Februarii
1343 601 1487 645 1528.

557 854 622 926 Ρ
625 882 877 936 receptum
903 872 1053 921 safine
1079 872 1323 921 dictarum
1345 878 1594 921 terrarum
1610 871 1805 921 Thome
1831 872 2084 939 Balfowyr
2105 873 2157 921 in
2185 872 2346 923 Terre
2372 882 2420 924 et
2444 873 2615 924 Dauid

557 967 711 1016 Fethe
735 965 932 1015 balliuis
958 965 1147 1014 abbatis
1173 964 1225 1012 in
1250 964 1344 1012 hac
1368 971 1512 1030 parte
1538 964 1781 1013 directum
1819 995 1829 1006 ·
1867 964 1896 1019 7
1922 963 2185 1014 Februarii
2214 970 2357 1015 1528.

556 1219 878 1305 Preceptum
902 1238 1053 1288 safine
1078 1246 1326 1288 terrarum
1351 1239 1412 1287 de
1438 1237 1747 1287 Athcarmur
1771 1238 1904 1287 infra
1927 1238 2241 1305 regalitatem
2267 1239 2329 1287 de
2354 1238 2615 1304 Arbroyth

557 1343 605 1382 et
630 1333 1026 1382 vicecomitatum
1052 1333 1114 1381 de
1139 1331 1342 1381 Lanrek
1366 1331 1419 1379 in
1446 1331 1670 1380 fauorem
1705 1330 1742 1379 J
1745 1330 1956 1379 ohannis
1992 1331 2182 1379 domini
2209 1330 2328 1396 Hay
2352 1331 2413 1379 de
2438 1330 2615 1379 Yester

556 1435 787 1491 tanquam
823 1426 1023 1475 heredis
1060 1426 1310 1490 quondam
1346 1423 1595 1474 Johannis
1631 1424 1821 1472 domini
1857 1424 1974 1489 Hay
2001 1425 2062 1473 de
2089 1422 2267 1473 Yester
2302 1423 2459 1488 patris
2498 1423 2569 1471 sui
2604 1452 2614 1462 ·

558 1523 619 1566 10
642 1518 902 1567 Februarii
932 1521 1076 1566 1528.

560 1770 689 1843 The
714 1793 862 1842 abbot
885 1793 962 1841 for
987 1811 1015 1842 a
1039 1794 1229 1842 certain
1250 1795 1355 1843 sum
1393 1794 1448 1842 of
1477 1811 1659 1862 money
1684 1795 1967 1860 quitclaims
2002 1803 2054 1844 to
2089 1795 2227 1845 John
2262 1796 2398 1845 Lord
2425 1795 2542 1861 Hay
2568 1797 2623 1844 of

559 1886 735 1934 Yester
759 1886 841 1935 the
866 1895 1113 1950 nonentry
1140 1887 1195 1936 of
1214 1887 1299 1937 the
1323 1889 1453 1937 same
1478 1888 1623 1937 lands
1659 1917 1670 1928 ·
1712 1893 1774 1937 10
1798 1888 2059 1954 February
2087 1892 2232 1937 1528.

564 2140 758 2210 Abbas
800 2159 981 2209 assedat
1020 2178 1110 2226 pro
1154 2163 1483 2211 nouendecim
1525 2163 1668 2211 annis
1708 2163 1930 2213 Roberto
1976 2162 2147 2229 Crayb
2195 2164 2316 2213 alias
2359 2165 2522 2230 Pygot
2570 2174 2617 2213 et

563 2254 762 2317 Agnete
791 2252 1025 2303 Stedman
1052 2255 1222 2319 sponse
1248 2256 1352 2304 eius
1389 2264 1438 2305 et
1474 2273 1646 2304 eorum
1682 2254 1933 2322 affignatis
1970 2257 2341 2305 coadiutoribus
2378 2267 2426 2306 et
2462 2257 2617 2306 subte-

562 2346 793 2394 nentibus
818 2363 918 2394 non
944 2347 1145 2395 maioris
1175 2347 1329 2396 status
1355 2355 1513 2397 terras
1551 2349 1612 2397 de
1648 2347 1860 2396 Latham
1895 2348 1948 2396 in
1976 2347 2189 2398 Corston
2224 2349 2276 2397 in
2313 2349 2521 2398 baronia
2556 2350 2617 2397 de

563 2437 882 2503 Dunnychen
920 2446 968 2486 et
1003 2439 1265 2503 regalitate
1302 2441 1363 2488 de
1400 2439 1663 2505 Arbroyth
1704 2466 1713 2475 ·
1756 2439 2033 2488 Reddendo
2072 2441 2313 2489 tredecim
2355 2440 2532 2489 solidos
2569 2448 2617 2488 et

566 2535 774 2592 quatuor
799 2530 1028 2578 denarios
1052 2539 1249 2580 monete
1279 2530 1453 2581 Scocie
1473 2549 1585 2580 cum
1605 2531 1714 2580 aliis
1740 2532 1972 2581 oneribus
1997 2540 2047 2581 et
2070 2532 2290 2582 seruiciis
2316 2562 2325 2571 ·
2352 2537 2416 2581 20
2436 2532 2617 2582 Marcii

570 2624 711 2668 1528.

423 2898 520 2949 719
575 2873 726 2944 Idem
752 2894 931 2943 affedat
959 2912 1049 2959 pro
1082 2899 1409 2948 nouendecim
1445 2900 1588 2950 annis
1623 2900 1858 2967 magistro
1883 2900 2133 2950 Duncano
2159 2899 2351 2950 Burnet
2375 2908 2424 2949 et
2449 2900 2618 2950 Allex-

571 2986 726 3033 andro
763 2985 954 3035 Burnet
987 2987 1089 3035 filio
1125 2989 1291 3038 fratris
1337 2991 1408 3039 sui
1441 3000 1489 3040 et
1524 3009 1694 3040 eorum
1731 2991 1981 3058 assignatis
2018 2999 2069 3041 et
2103 2991 2471 3041 subtenentibus
2517 3009 2617 3040 non

571 3077 770 3125 maioris
796 3077 947 3126 status
984 3086 1142 3127 terras
1178 3081 1239 3128 de
1274 3081 1586 3148 Pettynkery
1624 3112 1633 3122 ·
1677 3083 1928 3133 Soluendo
1963 3092 2176 3149 quatuor
2206 3101 2397 3133 marcas
2422 3092 2617 3133 monete

576 3167 747 3217 Scocie
774 3187 883 3217 cum
909 3170 959 3234 ly
985 3179 1211 3235 rynmart
1235 3181 1284 3220 et
1309 3175 1511 3239 weddyr
1535 3185 1585 3226 et
1609 3178 1720 3226 aliis
1746 3179 1977 3227 oneribus
2013 3208 2023 3218 ·
2064 3184 2128 3234 29
2153 3179 2342 3244 Aprilis
2370 3183 2510 3234 1529.
