2762 3834
651 391 1075 443 REGISTRUM
1108 393 1207 444 DE
1242 394 1798 448 ABERBROTHOC.
2150 408 2242 451 211

217 591 344 683 [De
367 616 773 681 procuratoribus
797 616 849 665 in
875 617 1197 681 expedicione
1221 619 1467 669 bullarum
1492 621 1679 670 domini
1703 621 1874 671 Dauid
1897 621 2176 688 Lichtone.]

69 798 158 845 242
210 770 621 844 Memorandum
646 789 779 854 quod
801 788 1028 854 supprior
1053 796 1102 838 et
1127 800 1398 842 conuentus
1440 834 1449 843 .
1490 834 1499 844 .
1539 835 1548 844 .
1592 797 1951 848 constituerunt
1988 837 1999 848 .
2040 838 2050 848 .
2090 839 2099 848 .
2143 800 2247 848 sub-

56 1981 156 2031 λ243

207 884 414 949 scriptos
439 883 500 932 ad
525 882 869 947 recipiendum
892 881 946 929 in
971 881 1293 946 expedicione
1321 885 1566 935 bullarum
1602 888 1789 938 domini
1811 889 1982 939 Dauid
2005 891 2246 940 Lichtone

206 975 438 1042 postulati
463 975 561 1024 tria
582 974 722 1023 milia
745 974 1041 1023 ducatorum
1065 973 1174 1021 auri
1198 975 1259 1023 de
1285 993 1481 1026 camera
1504 979 1675 1028 vltimo
1711 981 1791 1030 die
1825 981 1861 1030 J
1863 983 1951 1031 ulii
1985 1000 2115 1031 anno
2151 990 2244 1032 etc.

207 1069 430 1118 lxxxiiiito
473 1099 483 1108 -
529 1067 752 1117 Nomina
791 1073 1174 1131 procuratorum
1218 1107 1227 1116 .
1273 1106 1282 1115 .
1328 1107 1337 1116 .
1383 1069 1558 1119 Petrus
1595 1072 1801 1122 Altiss'en
1846 1102 1857 1113 ·
1899 1073 2147 1123 Antonius
2186 1076 2246 1122 de

206 1161 364 1210 Poldo
405 1188 416 1199 ·
456 1160 675 1210 Jacobus
713 1160 775 1208 de
814 1158 1082 1209 Rasoribus
1122 1185 1134 1196 ·
1176 1159 1463 1209 Alexander
1494 1162 1738 1212 Lumsden
1773 1167 1934 1214 rector
1966 1166 2027 1215 de
2061 1165 2193 1214 Flifk
2234 1195 2244 1204 ·

206 1253 376 1302 Dauid
410 1253 548 1318 prior
583 1252 741 1300 insule
769 1250 938 1301 Sanssffi
965 1249 1189 1300 Colmaci
1232 1281 1242 1291 ·
1282 1250 1570 1329 Alexander
1600 1255 1757 1321 Inglis
1790 1261 1951 1307 rector
1985 1259 2046 1307 de
2082 1258 2247 1324 Kyrk-

205 1346 421 1396 michael
444 1375 455 1386 ·
482 1345 730 1395 Ricardus
755 1343 1035 1392 ereheid
1060 1343 1328 1393 canonicus
1352 1344 1714 1395 Dunkeldenfis
1743 1374 1753 1386 ·
1785 1348 2030 1398 Robertus
2054 1350 2247 1398 Dawlo-

205 1438 340 1505 quhy
365 1437 690 1487 Morauienfis
721 1436 924 1486 ecclesie
960 1436 1228 1485 canonicus
1267 1465 1277 1476 ·
1321 1436 1539 1486 «Iacobus
1574 1439 1832 1504 Douglace
1875 1467 1886 1478 ·
1926 1441 2248 1507 Nycholayus

208 1531 431 1582 Grinlaw
455 1558 466 1570 ·
491 1530 772 1580 Willelmus
798 1529 1031 1579 Allerdes
1057 1557 1067 1569 ·
1091 1529 1381 1578 Alexander
1417 1529 1640 1580 Simsoun
1665 1531 1876 1581 vicarius
1901 1532 1961 1581 de
1985 1532 2249 1582 Banchrie.

203 1780 544 1852 Presentacio
570 1800 773 1851 ecclefie
798 1803 860 1851 de
888 1802 1124 1852 Garwok.

205 1964 496 2037 Willelmo
554 2027 563 2036 .
622 2027 631 2036 .
688 2026 698 2036 .
756 1986 1128 2051 archiepiscopo
1169 1984 1523 2035 Sanctiandree
1577 2023 1585 2031 .
1647 2023 1655 2032 .
1716 2023 1725 2032 .
1783 1984 2007 2049 supprior
2036 1985 2252 2034 Thomas

207 2078 434 2128 Herches
476 2119 485 2129 .
526 2119 534 2129 .
576 2118 586 2128 .
629 2080 691 2128 de
715 2078 1058 2128 Abirbrothoc
1083 2086 1133 2127 et
1175 2118 1184 2127 .
1227 2117 1237 2127 .
1277 2117 1287 2126 .
1330 2083 1605 2126 conuentus
1641 2116 1650 2125 .
1688 2116 1697 2125 .
1736 2114 1745 2125 .
1782 2077 2096 2126 reuerencias
2137 2117 2147 2126 .
2190 2117 2198 2126 .
2242 2117 2250 2125 .

208 2171 398 2220 debitas
440 2200 450 2210 ·
491 2171 577 2220 Ad
612 2171 848 2220 vicariam
884 2178 1176 2236 perpetuam
1211 2169 1538 2238 parrochialis
1564 2167 1765 2218 ecclefie
1790 2169 1851 2217 de
1879 2169 2097 2219 Garwok
2137 2208 2147 2218 .
2191 2207 2201 2216 .
2241 2208 2249 2217 .

208 2264 323 2313 dum
347 2264 435 2313 illa
459 2281 636 2313 vacare
662 2265 918 2329 contingat
941 2281 1031 2328 per
1067 2303 1077 2313 .
1115 2303 1124 2313 .
1163 2303 1172 2312 .
1207 2262 1596 2329 refignacionem
1628 2301 1637 2310 .
1675 2301 1685 2311 .
1723 2301 1732 2311 .
1766 2261 1985 2326 magistri
2008 2260 2251 2310 Johannis

207 2355 419 2405 Fordice
461 2356 513 2404 in
555 2356 769 2405 decretis
809 2356 1084 2405 bachalarii
1124 2373 1258 2404 nunc
1298 2353 1472 2403 vicarii
1518 2393 1527 2401 .
1576 2393 1584 2402 .
1631 2393 1639 2402 .
1689 2353 1940 2402 dominum
1979 2352 2248 2400 Robertum

207 2448 441 2514 Merteyn
484 2448 806 2513 presbiterum
852 2488 861 2498 .
911 2488 920 2498 .
970 2488 980 2498 .
1027 2448 1364 2513 presentamus
1412 2487 1420 2497 .
1471 2487 1480 2497 .
1529 2486 1538 2497 .
1586 2453 1818 2511 rogantes
1865 2445 2093 2509 quatinus
2134 2483 2143 2492 .
2188 2485 2196 2493 .
2240 2484 2248 2493 .

207 2542 416 2590 eundem
440 2541 493 2589 in
518 2541 648 2589 dicta
678 2540 866 2589 vicaria
895 2540 1130 2590 inuestire
1165 2580 1175 2590 .
1215 2581 1223 2590 .
1260 2581 1269 2590 .
1309 2540 1583 2606 dignemini
1620 2580 1629 2589 .
1666 2579 1676 2589 .
1714 2579 1723 2588 .
1761 2538 1914 2603 Apud
1949 2578 1958 2586 .
1994 2577 2003 2587 .
2039 2578 2047 2586 .
2084 2555 2249 2586 mona-

209 2632 406 2682 sterium
443 2672 452 2682 .
491 2672 500 2681 .
537 2672 546 2682 .
582 2632 774 2682 decimo
800 2639 976 2698 quarto
1002 2633 1082 2682 die
1108 2633 1283 2683 menfis
1312 2633 1614 2700 Septembris
1639 2649 1769 2683 anno
1795 2639 1888 2683 etc.
1915 2631 2149 2681 lxxxiiiiw.

209 2883 492 2963 Affedacio
518 2904 634 2953 ville
660 2905 722 2954 de
747 2905 1089 2971 Bannagasck.

86 3085 162 3131 244
210 3065 487 3139 Vniuerfis
529 3098 695 3156 pateat
735 3129 746 3140 .
791 3127 804 3140 -.
850 3127 863 3140 .
904 3108 994 3140 nos
1030 3091 1201 3141 Dauid
1236 3092 1461 3141 abbatem
1505 3130 1513 3140 .
1552 3130 1561 3140 .
1599 3130 1608 3139 .
1653 3091 1713 3140 de
1750 3088 2082 3139 Abirbrothoc
2125 3125 2135 3135 .
2180 3124 2191 3135 .
2236 3124 2245 3134 .

214 3178 436 3231 affedaffe
476 3219 487 3230 .
533 3220 544 3232 .
590 3221 602 3233 .
645 3183 839 3232 Thome
864 3183 985 3232 Prat
1008 3183 1236 3248 burgenfi
1278 3221 1289 3233 .
1335 3220 1346 3232 .
1392 3220 1402 3232 .
1446 3183 1508 3232 de
1531 3182 1788 3232 Abbirden
1814 3189 1864 3230 et
1886 3180 1980 3229 suis
2005 3178 2247 3244 affignatis
