2742 3848
0 631 1 643 2
71 574 167 623 663

73 1043 168 1093 664

66 1776 159 1828 665

70 2534 161 2584 666

663 348 1094 399 REGISTRUM
1127 348 1226 397 DE
1263 347 1828 398 ABERBROTHOC.
2192 353 2285 403 471

219 553 545 649 Preceptum
604 574 755 623 safine
807 576 952 640 super
1006 574 1201 640 prefata
1247 582 1387 624 carta
1432 574 1673 623 directum
1719 574 1754 623 J
1757 574 1913 623 acobo
1961 574 2177 640 Ogylwy
2224 576 2284 623 de

221 668 469 716 Bradown
494 694 505 705 ·
534 666 729 716 Thome
754 667 987 733 Lyndsay
1013 669 1075 717 de
1100 666 1374 716 Leithnoth
1405 695 1415 705 ·
1448 674 1498 715 et
1522 666 1607 715 alii
1638 694 1649 705 ·
1680 666 1878 715 balliuis
1902 667 1955 715 in
1981 667 2074 716 hac
2107 675 2250 732 parte
2277 695 2286 704 ·

221 765 281 808 31
310 759 527 824 Augusti
553 762 696 812 1527.

222 1020 352 1093 The
378 1044 527 1092 abbot
550 1044 616 1109 by
643 1061 673 1092 a
696 1044 824 1092 deed
850 1044 1008 1091 under
1033 1043 1117 1092 the
1152 1061 1379 1092 common
1404 1043 1501 1091 seal
1533 1043 1587 1090 of
1617 1043 1702 1091 the
1726 1044 1885 1109 abbey
1911 1044 2057 1093 binds
2093 1045 2291 1093 himself
2363 1093 2365 1095 ,

225 1137 382 1184 under
418 1154 448 1184 a
481 1136 687 1201 penalty
713 1136 767 1184 of
804 1141 903 1191 900
938 1136 1106 1184 marks
1142 1144 1230 1185 not
1271 1144 1322 1184 to
1364 1134 1538 1184 molest
1579 1135 1662 1185 the
1698 1135 1902 1200 persons
1939 1144 1989 1184 to
2026 1137 2184 1185 whom
2222 1138 2284 1186 he

220 1236 393 1294 grants
419 1227 503 1276 the
528 1228 672 1276 lands
697 1228 752 1276 of
782 1227 931 1294 Estyr
955 1228 1117 1287 Perse,
1156 1228 1372 1294 Myddyl
1398 1228 1560 1287 Perse,
1599 1229 1698 1276 and
1723 1227 1926 1294 Westyr
1951 1228 2098 1278 Perse
2139 1228 2282 1294 [Nos.

220 1321 334 1378 658,
373 1320 486 1378 660,
527 1321 626 1368 and
661 1319 781 1386 662]
822 1320 875 1368 in
901 1320 1032 1369 their
1057 1322 1346 1387 enjoyment
1383 1320 1437 1368 of
1467 1319 1603 1369 those
1638 1320 1797 1378 lands,
1837 1321 1949 1379 and,
1990 1303 2170 1371 sslould
2201 1323 2283 1370 the

218 1413 501 1462 infeftment
526 1413 731 1478 already
756 1414 970 1477 granted
993 1414 1059 1478 by
1086 1430 1185 1479 any
1212 1430 1381 1462 means
1405 1414 1466 1461 be
1492 1412 1612 1471 null,
1652 1420 1703 1461 to
1738 1420 1887 1477 grant
1914 1413 2197 1463 infeftment
2234 1415 2288 1462 of

218 1524 338 1555 new.
411 1510 469 1553 31
501 1505 700 1569 August
728 1506 868 1559 1527.

215 1761 412 1834 Abbas
439 1783 622 1832 affedat
649 1801 738 1848 pro
763 1785 1096 1833 nouendecim
1123 1786 1267 1833 annis
1291 1786 1326 1834 J
1330 1785 1517 1834 ohanni
1542 1786 1736 1835 Barbor
1773 1815 1782 1824 ·
1818 1786 1852 1835 J
1857 1795 2003 1835 onete
2032 1786 2150 1836 Scot
2176 1789 2279 1836 eius

211 1875 383 1941 sponse
421 1904 431 1915 ·
469 1893 527 1925 ac
554 1875 750 1925 Thome
776 1876 971 1926 Barbor
1007 1895 1179 1926 eorum
1204 1878 1307 1927 filio
1332 1878 1667 1943 primogenito
1704 1907 1714 1917 ·
1751 1887 1998 1927 eteorum
2031 1880 2279 1944 aflignatis

211 1969 420 2017 croftam
444 1968 580 2017 illam
609 1969 857 2018 iacentem
885 1969 1023 2019 iuxta
1057 1970 1104 2019 le
1140 1970 1286 2019 Darn
1312 1971 1412 2020 Yet
1448 1989 1561 2020 cum
1598 1971 1803 2020 decimis
1838 1972 2125 2037 garbalibus
2159 1991 2278 2036 quas

209 2079 342 2110 nunc
367 2071 579 2127 occupat
616 2090 626 2099 ·
663 2063 966 2112 reseruando
1003 2071 1196 2113 tantum
1236 2064 1481 2113 decimam
1506 2064 1598 2113 lini
1623 2073 1673 2114 et
1698 2065 1902 2130 canopis
1940 2065 2276 2115 crescencium

209 2156 261 2202 in
304 2154 435 2203 diffca
477 2163 612 2204 terra
655 2184 665 2195 ·
714 2156 965 2205 Soluendo
1003 2157 1249 2206 monacho
1298 2157 1522 2206 ministro
1569 2158 1938 2207 communitatis
1975 2159 2152 2224 viginti
2197 2160 2277 2207 sex

210 2247 391 2296 solidos
417 2258 466 2297 et
492 2250 599 2296 octo
625 2249 857 2297 denarios
882 2257 1081 2299 monete
1110 2249 1285 2299 Scocie
1311 2279 1321 2289 ·
1349 2255 1379 2298 8
1408 2250 1713 2315 Septembris
1743 2251 1884 2304 1527.

211 2501 397 2574 Idema
430 2526 581 2575 ffedat
614 2543 706 2591 pro
743 2526 1074 2575 nouendecim
1111 2525 1254 2575 annis
1280 2543 1308 2573 a
1332 2525 1455 2573 festo
1481 2523 1835 2573 Penthecostes
1864 2524 1990 2577 1527
2020 2523 2271 2572 Willelmo

213 2616 426 2666 Harwar
450 2645 461 2655 ·
486 2617 714 2667 Mareote
739 2618 981 2667 Durwart
1006 2617 1175 2683 sponse
1203 2618 1284 2666 sue
1309 2646 1320 2656 ·
1347 2624 1396 2665 et
1421 2616 1684 2665 Elizabeth
1713 2615 1926 2664 Harwar
1951 2633 2121 2665 eorum
2141 2617 2240 2664 filie
2263 2645 2272 2653 -

213 2718 261 2758 et
286 2709 534 2776 affignatis
560 2719 609 2760 et
633 2711 1007 2760 coadiutoribus
1030 2710 1128 2759 ‘suis
1152 2727 1253 2758 non
1287 2708 1488 2758 maioris
1523 2708 1780 2773 potestatis
1816 2716 2041 2772 quartam
2079 2718 2270 2772 partem

213 2803 482 2852 vmbralem
509 2811 754 2852 terrarum
781 2805 842 2852 de
867 2803 1160 2869 Achmuthy
1185 2819 1334 2868 quam
1358 2802 1491 2849 idem
1507 2800 1790 2850 Willelmus
1815 2801 1953 2866 prius
1979 2803 2271 2866 occupauit·

219 2893 468 2944 Soluendo
516 2896 687 2944 decem
734 2895 887 2944 libras
934 2896 1174 2944 tredecim
1219 2894 1398 2943 solidos
1445 2902 1494 2943 et
1541 2902 1755 2958 quatuor
1800 2893 2029 2942 denarios
2076 2904 2270 2942 monete

220 2985 392 3035 Scocie
417 3004 529 3036 cum
555 2987 665 3035 aliis
688 2987 1054 3036 husbandorum
1081 2986 1315 3035 oneribus
1340 2996 1390 3036 et
1413 2986 1636 3036 seruiciis
1663 3016 1674 3026 ·
1699 2990 1764 3034 25
1792 2985 2096 3051 Septembris
2124 2989 2268 3040 1527.
