2742 3848
426 1908 522 1957 589

422 2459 518 2507 590

581 378 675 421 444
1026 367 1452 420 REGISTRUM
1486 366 1583 417 DE
1621 364 2181 416 ABERBROTHOC.

582 504 875 570 Cortoquhy
924 533 933 543 -
983 502 1235 552 dominum
1283 501 1540 550 Andream
1606 497 1725 548 Scot
1771 498 2026 547 dominum
2074 498 2439 550 Allexandrum
2498 502 2640 551 Dure

579 597 847 647 monachos
871 597 932 644 de
956 593 1214 660 Arbroyth
1250 622 1261 633 ·
1298 600 1347 641 et
1372 591 1681 640 Willelmum
1706 589 1957 640 Pettillow
1992 617 2003 629 ·
2039 590 2347 642 Willelmum
2372 593 2586 661 Blantyr
2628 625 2638 635 ·

578 690 831 739 dominum
856 687 1026 737 Dauid
1051 686 1232 735 Brown
1274 715 1285 725 ·
1330 692 1380 732 et
1404 683 1556 732 alium
1581 683 1661 732 seu
1688 682 1811 731 alios
1846 709 1856 720 ·
1891 682 2190 748 presbiteros
2227 712 2238 724 ·
2275 683 2384 734 suos
2406 702 2640 750 procura-

579 791 710 831 tores
748 781 812 829 ad
848 778 1229 844 presentandum
1268 776 1468 825 domino
1504 776 1725 825 Roberto
1761 773 2065 824 Morauienfi
2103 775 2333 841 episcopo
2369 776 2642 842 ceterisque

579 870 803 921 interesse
827 869 1122 919 habentibus
1161 895 1170 906 ·
1210 880 1417 933 excepto
1457 866 1814 917 Sanaiandree
1850 867 2083 933 episcopo
2122 897 2133 908 ·
2174 868 2368 918 litteras
2403 868 2483 918 Pii
2513 886 2641 935 pape

577 963 774 1013 secundi
800 962 1066 1027 priuilegia
1089 961 1331 1009 nonnulla
1353 959 1639 1008 monasterii
1665 961 1977 1010 continentes
2014 989 2024 1000 ·
2058 979 2255 1011 necnon
2281 963 2641 1013 executoriales

577 1055 823 1119 quondam
849 1054 884 1103 J
887 1054 1029 1102 acobi
1051 1052 1409 1103 Sanctiandree
1435 1051 1652 1118 episcopi
1677 1053 1922 1102 dfflarum
1945 1053 2228 1104 litterarum
2251 1055 2531 1104 executoris
2555 1056 2639 1105 seu

575 1148 888 1212 quoscunque
914 1146 1037 1194 alios
1062 1145 1422 1194 executoriales
1459 1172 1470 1184 ·
1507 1144 1717 1211 ipsisque
1742 1146 1965 1212 superius
1989 1147 2276 1197 memoratis
2312 1147 2639 1198 inhibendum

574 1260 635 1290 ne
672 1242 733 1290 de
777 1248 943 1290 cetero
986 1247 1288 1289 conuentum
1330 1238 1660 1288 decimatores
1701 1239 1947 1288 firmarios
1990 1239 2193 1289 colonos
2235 1239 2639 1305 decimarumque

575 1335 821 1383 debitores
864 1333 1079 1382 eiusdem
1117 1349 1297 1381 vexare
1340 1331 1658 1381 ecclesiarum
1699 1331 1888 1381 fru&us
1928 1331 2233 1397 sequestrare
2273 1332 2357 1382 seu
2391 1333 2639 1398 predictos

573 1446 662 1493 pro
688 1427 936 1476 solucione
962 1426 1267 1475 decimarum
1292 1425 1723 1475 excommunicare
1747 1425 2035 1490 presumant
2071 1454 2082 1465 ·
2119 1442 2232 1474 cum
2255 1426 2497 1491 potestate
2524 1443 2637 1475 con-

566 1520 804 1570 stituendi
830 1519 1172 1585 subdelegatos
1208 1527 1258 1568 et
1295 1518 1463 1567 omnia
1492 1518 1592 1568 alia
1625 1517 1842 1567 faciendi
1875 1534 1971 1582 que
2007 1517 2060 1566 in
2094 1517 2335 1583 premiffis
2369 1519 2638 1569 necessaria

575 1614 758 1663 fuerint
783 1642 792 1652 ·
820 1617 850 1662 5
875 1612 1138 1663 Februarii
1167 1616 1313 1661 1524.

573 1880 727 1953 Idem
762 1897 1011 1963 presentat
1045 1894 1332 1962 magistrum
1367 1894 1402 1943 J
1406 1894 1650 1942 ohannem
1681 1891 1814 1942 Reid
1838 1893 2079 1942 vicarium
2105 1893 2167 1943 de
2192 1892 2402 1961 Mernys
2432 1894 2635 1944 Glascu-

576 1995 698 2044 enfis
740 1990 961 2058 dyocesis
1002 1990 1066 2038 ad
1107 1989 1343 2038 vicariam
1392 1994 1684 2053 perpetuam
1734 1986 1939 2035 ecclesie
1983 1985 2286 2052 parochialis
2334 1987 2395 2036 de
2440 1987 2635 2038 Taruas

576 2084 930 2136 Abirdonenfis
956 2081 1173 2149 dyocesis
1205 2099 1315 2131 cum
1342 2098 1521 2130 vacare
1559 2079 1828 2145 contigerit
1861 2095 1953 2145 per
1987 2077 2378 2145 refignacionem
2413 2081 2635 2147 magistri

576 2176 851 2228 Alexandri
876 2175 1090 2224 Dunbar
1114 2203 1124 2214 ·
1155 2179 1215 2230 19
1241 2172 1503 2223 Februarii
1530 2176 1672 2222 1524.

574 2432 729 2506 Idem
770 2452 951 2502 affedat
989 2469 1080 2517 pro
1122 2452 1293 2501 decem
1331 2458 1380 2500 et
1414 2467 1596 2499 nouem
1633 2449 1777 2498 annis
1814 2448 2039 2498 ‚Iohanni
2077 2447 2366 2516 Straquhyn
2404 2477 2415 2489 ·
2454 2449 2633 2515 Egidie

577 2545 769 2594 Gardin
795 2545 961 2609 sponse
986 2545 1067 2593 sue
1103 2573 1113 2583 ·
1151 2552 1200 2593 et
1223 2542 1259 2592 J
1262 2544 1417 2594 acobo
1445 2541 1642 2593 Gardin
1667 2558 1840 2591 eorum
1864 2541 1967 2590 filio
1999 2567 2009 2579 ·
2042 2548 2093 2591 et
2116 2558 2287 2590 eorum
2312 2540 2562 2608 affignatis
2586 2550 2635 2592 et

576 2635 944 2684 subtenentibus
983 2652 1085 2683 non
1127 2634 1327 2684 maioris
1374 2634 1527 2683 status
1567 2634 1710 2684 villas
1757 2634 1820 2683 de
1868 2633 2175 2700 Auchynbla
2221 2641 2271 2683 et
2318 2634 2543 2700 Kynkell
2584 2644 2633 2684 et

579 2726 834 2775 dimidiam
873 2733 1064 2790 partem
1107 2726 1224 2775 uille
1267 2727 1328 2775 de
1376 2726 1571 2792 Mekyll
1615 2726 1812 2777 Culbak
1860 2743 2073 2776 vnacum
2119 2726 2318 2776 brafina
2363 2727 2408 2776 le
2446 2727 2634 2776 Awrne

579 2818 811 2884 Ayllzows
835 2817 1085 2882 wlgariter
1108 2825 1395 2882 nuncupata
1416 2818 1470 2866 in
1494 2818 1703 2867 baronia
1727 2819 1789 2868 de
1815 2818 1867 2868 N
1870 2818 2096 2868 eulandis
2121 2827 2172 2867 et
2195 2819 2546 2869 vicecomitatu
2571 2819 2632 2868 de

577 2909 889 2975 Kyncardyn
914 2935 925 2946 ·
949 2925 1040 2972 pro
1066 2916 1203 2956 certa
1233 2908 1418 2957 summa
1439 2909 1649 2973 pecunie
1675 2917 1724 2959 et
1748 2910 1918 2975 quieta
1942 2909 2247 2959 clamacione
2271 2909 2633 2960 affcdacionum

576 3002 910 3067 predictarum
945 3007 1191 3049 terrarum
1226 3016 1347 3064 quas
1382 2999 1515 3049 idem
1549 3001 1808 3051 ‚Iohannes
1843 3019 1935 3067 pro
1971 3009 2196 3068 tempore
2234 3002 2335 3052 vite
2370 3002 2584 3052 habebat
2620 3032 2630 3042 ·

581 3093 831 3143 Soluendo
857 3092 1109 3142 annuatim
1135 3108 1226 3155 pro
1254 3091 1371 3140 villa
1394 3092 1456 3140 de
1479 3091 1746 3159 Achynbla
1782 3100 1884 3142 tres
1919 3094 2072 3143 libras
2107 3094 2189 3144 sex
2224 3094 2405 3143 solidos
2439 3102 2490 3143 et
2524 3096 2631 3143 οᾶο

578 3185 808 3236 denarios
856 3212 865 3222 ·
901 3201 992 3249 pro
1026 3182 1248 3249 Kynkell
1285 3182 1363 3231 sex
1402 3183 1552 3233 libras
1588 3211 1599 3221 ·
1633 3201 1725 3250 pro
1762 3184 1970 3235 dimidia
2004 3186 2066 3234 de
2105 3185 2302 3236 Culbak
2338 3186 2515 3252 viginti
2551 3184 2630 3234 sex
