2762 3834
39 1815 66 1864 a
39 1712 42 1788 „„
34 1499 40 1638 mm„

636 376 1059 428 REGISTRUM
1093 379 1190 429 DE
1230 382 1778 441 ABERBROTHOC.
2124 404 2218 448 355

191 505 421 554 oneribus
449 543 458 554 .
489 544 499 554 .
530 544 539 554 .
566 507 632 556 Et
657 508 861 558 vlterius
885 511 1105 574 prefatus
1132 513 1348 564 Thomas
1372 518 1479 582 post
1503 520 1742 570 decessum
1773 526 1942 573 matris
1966 527 2047 576 sue
2071 529 2220 579 soluet

190 597 330 645 nobis
369 635 379 645 .
419 635 430 646 .
471 635 482 647 .
520 600 774 648 annuatim
796 617 888 665 pro
913 603 1058 651 terris
1083 612 1132 654 et
1155 607 1357 656 decimis
1392 614 1745 674 prenominatis
1784 653 1794 663 .
1835 652 1846 664 .
1885 653 1896 664 .
1931 618 2011 667 sex
2046 619 2219 669 solidos

187 696 384 738 monete
418 691 638 753 predi&e
675 692 796 739 duas
833 693 1025 742 celdras
1060 696 1218 746 farine
1253 717 1398 750 vnam
1441 703 1658 753 celdram
1699 723 1808 754 cum
1850 711 2218 772 quatuordecim

187 779 330 828 bollis
355 781 493 830 ordei
519 788 569 830 et
593 785 699 830 οὲὶο
723 783 880 832 bollas
906 784 1140 836 frumenti
1174 790 1396 840 mensure
1420 793 1514 841 fori
1539 797 1781 845 currentis
1817 815 1924 847 cum
1949 790 2218 853 husbando-

186 879 293 921 rum
339 875 570 923 oneribus
615 913 624 923 .
678 914 688 924 .
737 914 747 924 .
797 878 863 925 Et
907 878 939 925 fi
984 880 1237 946 contingat
1272 884 1547 946 predistum
1591 887 1834 937 Thomam
1874 891 1935 938 ab
1975 891 2067 941 hac
2107 893 2216 943 luce

187 965 403 1031 migrare
428 967 700 1016 antedibtus
739 967 1028 1018 Alexander
1069 972 1221 1022 soluet
1257 975 1398 1023 nobis
1435 993 1525 1040 pro
1565 979 1708 1027 terris
1748 980 1947 1030 decimis
1982 990 2031 1031 et
2064 985 2216 1033 firmis

185 1057 470 1122 prescriptis
495 1059 661 1108 omnia
685 1067 734 1109 et
758 1060 949 1126 singula
973 1064 1138 1127 qualia
1159 1066 1376 1129 prefatus
1404 1067 1620 1118 Thomas
1644 1071 1856 1121 soluebat
1890 1080 2109 1139 tempore
2133 1077 2215 1124 suo

188 1155 236 1196 et
261 1149 427 1212 qualia
448 1150 555 1199 sunt
577 1151 806 1215 premissa
830 1153 891 1202 de
917 1171 975 1202 eo
1001 1184 1010 1194 ·
1037 1154 1098 1203 In
1124 1156 1261 1205 cuius
1284 1159 1356 1206 rei
1381 1160 1707 1210 testimonium
1733 1163 1935 1228 figillum
1962 1183 2215 1216 commune

186 1240 391 1305 capituli
414 1241 570 1290 nostri
593 1244 903 1308 presentibus
941 1245 1011 1294 est
1046 1248 1314 1312 appensum
1350 1249 1560 1299 secundo
1594 1253 1819 1302 Obtobris
1854 1273 1982 1304 anno
2012 1256 2215 1306 Domini

184 1340 251 1380 m⁰
274 1334 510 1400 quingen⁰
534 1336 723 1400 quinto.

186 1590 447 1676 Kyrkton
471 1612 618 1661 litera
640 1613 927 1663 securitatis.

184 1774 462 1848 Uniuerfis
498 1837 508 1846 .
545 1838 554 1846 .
593 1838 601 1847 .
638 1798 885 1863 Georgius
925 1836 935 1846 .
974 1836 984 1847 .
1025 1836 1036 1847 .
1074 1799 1223 1848 abbas
1262 1839 1272 1849 .
1313 1838 1323 1849 .
1367 1839 1376 1850 .
1415 1802 1475 1850 de
1499 1803 1720 1852 Arbroth
1754 1804 1955 1854 salutem
1992 1835 2002 1845 ·
2042 1805 2214 1855 Sciatis

182 1905 272 1937 nos
310 1927 320 1937 .
349 1925 361 1936 .
390 1927 401 1938 .
435 1889 660 1939 affedass'e
694 1928 703 1938 .
742 1928 752 1938 .
788 1927 799 1938 .
834 1890 1027 1939 Jacobo
1054 1890 1206 1957 Boyis
1242 1922 1252 1931 ·
1290 1892 1514 1943 Esobelle
1539 1895 1706 1959 sponse
1731 1896 1942 1945 eiusdem
1978 1926 1988 1937 ·
2026 1897 2214 1946 Thome

183 1981 335 2047 Boyis
360 1981 650 2031 Alexandro
676 1982 829 2048 Boyis
853 1983 967 2031 filiis
998 1984 1268 2033 eorundem
1304 2012 1315 2023 ·
1352 1993 1400 2034 et
1424 2003 1593 2034 eorum
1624 1987 1816 2037 diucius
1840 1989 2026 2037 viuenti
2051 1989 2213 2038 villam

180 2074 397 2122 nostram
421 2091 577 2139 prope
600 2073 853 2123 ecclefiam
882 2074 1048 2124 Sanffl
1074 2075 1280 2141 Vigiani
1306 2077 1367 2125 de
1391 2077 1624 2143 Kyrkton
1661 2086 1709 2128 et
1744 2080 1957 2129 decimas
1991 2081 2214 2146 garbales

177 2159 397 2215 'eiusdem
432 2205 442 2216 .
479 2205 490 2216 .
527 2204 538 2215 .
573 2174 627 2216 ut
650 2167 804 2216 lacius
828 2168 881 2216 in
907 2185 1078 2217 eorum
1100 2167 1394 2219 affedatione
1421 2171 1701 2219 continetur
1723 2188 1813 2235 pro
1838 2172 2041 2220 dominii
2064 2171 2212 2220 nostri

181 2260 240 2307 de
281 2259 420 2325 Athy
457 2260 849 2309 commutacione
887 2262 1021 2324 quod
1062 2268 1284 2310 tenemus
1315 2262 1367 2310 in
1407 2263 1631 2311 manibus
1666 2263 1839 2311 nostris
1882 2300 1892 2311 .
1934 2301 1944 2311 .
1987 2301 1997 2312 .
2040 2263 2210 2312 Eciam

182 2351 298 2415 quia
320 2352 552 2401 mortales
576 2351 737 2400 sumus
762 2370 820 2401 ac
844 2353 1150 2401 fluitantibus
1182 2354 1323 2403 annis
1348 2355 1465 2404 oriri
1490 2355 1600 2403 lites
1631 2372 1688 2403 ac
1718 2355 2114 2419 perturbaciones
2152 2372 2210 2403 ex

184 2450 364 2491 euentu
405 2460 494 2507 per
535 2443 767 2507 quasdam
803 2443 1035 2507 personas
1075 2445 1301 2495 dubitant
1341 2484 1350 2494 .
1393 2486 1403 2495 .
1447 2486 1455 2495 .
1502 2446 1735 2495 antedi6'ci
1770 2453 1818 2494 et
1851 2446 2082 2510 precipue
2121 2463 2209 2509 per

182 2538 468 2604 magistrum
507 2538 679 2588 Dauid
725 2539 908 2588 Brown
957 2547 1132 2588 contra
1173 2539 1438 2587 eorundem
1486 2537 1836 2587 affedacionem
1878 2538 1938 2585 de
1979 2537 2208 2602 Kyrkton

182 2639 445 2695 eapropter
486 2648 576 2679 nos
623 2671 632 2680 .
682 2671 690 2680 .
741 2672 750 2680 .
800 2631 1024 2681 volentes
1061 2632 1308 2696 predi&0s
1345 2671 1353 2679 .
1394 2668 1405 2678 .
1443 2670 1451 2679 .
1493 2631 1700 2679 reddere
1747 2630 1938 2678 securos
1972 2646 2060 2676 nos
2097 2665 2108 2676 .
2147 2665 2158 2674 .
2197 2666 2208 2675 .

184 2722 454 2787 obligamus
490 2730 542 2772 vt
578 2724 975 2788 quandocunque
1012 2724 1248 2772 antedififfi
1287 2761 1297 2772 .
1339 2761 1350 2771 .
1390 2761 1400 2771 .
1437 2739 1537 2772 non
1571 2722 1761 2787 possunt
1797 2721 1997 2786 pacifice
2036 2721 2208 2770 asseda-

182 2813 322 2862 cione
345 2815 564 2878 predfflbe
591 2815 706 2864 ville
731 2815 896 2864 nostre
923 2816 983 2864 de
1009 2815 1243 2880 Kyrkton
1275 2816 1491 2880 gaudere
1516 2814 1777 2880 ingressum
1801 2815 1898 2863 fine
1924 2831 2208 2879 quacunque

180 2905 540 2971 interruptione
576 2907 629 2955 in
667 2915 716 2956 et
755 2908 820 2956 ad
861 2907 1027 2955 villam
1066 2906 1282 2955 nostram
1325 2909 1385 2955 de
1430 2907 1643 2973 Seytone
1684 2924 1835 2971 prope
1881 2905 2208 2954 Abirbrothoc

188 2996 443 3064 [habeant]
479 2998 714 3047 soluendo
750 3006 804 3047 ut
833 3000 1016 3047 taaum
1041 2997 1111 3046 est
1134 2998 1187 3046 in
1212 3016 1382 3047 eorum
1419 2997 1712 3048 affedatione
1737 2998 1796 3045 de
1821 2997 2081 3062 Kyrktone
2116 3012 2210 3058 qua

183 3090 293 3137 casu
317 3107 414 3154 quo
439 3091 699 3139 deficiente
725 3090 892 3140 villam
917 3090 1134 3138 nostram
1156 3091 1217 3138 de
1244 3089 1457 3154 Seytone
1485 3127 1495 3138 .
1524 3126 1535 3137 .
1564 3127 1574 3138 .
1600 3088 1828 3154 prediffis
1855 3125 1866 3135 .
1894 3125 1905 3135 .
1933 3124 1945 3135 .
1970 3086 2208 3150 acquieta-

182 3180 342 3229 bimus
369 3188 418 3230 et
441 3181 706 3231 secundum
731 3181 1039 3246 presencium
1059 3188 1281 3229 tenorem
1297 3187 1444 3244 prout
1467 3179 1577 3228 iura
1591 3179 1759 3227 volunt
1780 3177 2091 3226 defendemus
2119 3212 2129 3222 .
2159 3211 2169 3221 .
2198 3211 2207 3221 .
