2586 3834
234 607 331 655 556

234 1154 326 1206 557

235 2810 331 2855 558

378 386 475 431 428
821 377 1246 431 REGISTRUM
1281 376 1378 426 DE
1414 374 1976 426 ABERBROTHOC.

381 585 615 659 Jacobus
654 603 961 656 Glascuenfis
996 601 1392 667 archiepiscopus
1429 628 1444 666 ··
1480 599 1655 650 Scocie
1688 600 2015 650 cancellarius
2052 630 2062 641 ·
2099 618 2157 650 ac
2182 618 2424 651 commen-

382 698 602 748 datarius
626 698 686 745 de
710 695 932 744 Arbroth
969 723 980 734 ·
1016 694 1265 758 presentat
1289 692 1575 757 magistrum
1610 692 1646 742 J
1648 693 1857 742 acobum
1881 692 2179 759 Scrymgeor
2209 695 2271 743 ad
2296 695 2426 743 vica-

382 791 505 839 riam
530 797 813 854 perpetuam
849 786 1050 835 ecclefie
1086 787 1148 834 de
1186 785 1413 851 Neutyld
1451 784 1806 835 Sanctiandree
1842 785 2064 851 dyocesis
2099 803 2211 834 cum
2247 800 2426 835 vacare

384 880 645 945 contigerit
667 896 757 944 per
780 877 1159 943 resignationem
1183 877 1406 943 magistri
1432 877 1639 927 Andree
1664 877 1807 927 Dure
1833 907 1843 917 ·
1875 878 1934 931 17
1961 877 2087 926 Maii
2115 882 2262 926 1520.

381 1136 532 1207 Idem
557 1155 736 1204 affedat
759 1171 850 1220 pro
875 1155 1093 1219 quinque
1119 1154 1262 1203 annis
1286 1153 1322 1202 J
1325 1154 1509 1202 ohanni
1539 1154 1653 1203 Scot
1675 1154 1906 1220 burgensi
1931 1154 1992 1203 de
2018 1153 2243 1203 Arbroth
2268 1162 2425 1203 terras

379 1250 439 1297 de
479 1248 778 1313 Spittalfeild
823 1274 834 1284 ·
882 1247 1158 1296 Dischland
1204 1275 1215 1286 ·
1264 1255 1314 1296 et
1354 1246 1652 1295 Pundarlaw
1702 1274 1713 1285 ·
1750 1253 1811 1295 -et
1845 1254 2005 1295 terras
2039 1246 2259 1295 iacentes
2294 1245 2426 1294 inter

379 1341 604 1389 Rubeum
629 1339 830 1389 Murum
855 1339 919 1388 ad
942 1340 1144 1388 boream
1169 1346 1218 1388 et
1243 1355 1554 1388 communem
1581 1338 1713 1388 viam
1737 1338 1802 1387 ad
1826 1336 2042 1386 austrum
2076 1354 2136 1386 ex
2162 1354 2260 1386 vna
2294 1346 2344 1386 et
2378 1338 2425 1385 le

378 1432 548 1481 Derne
575 1431 692 1482 Yeit
727 1432 789 1480 ad
815 1432 1057 1480 orientem
1082 1438 1132 1480 et
1157 1448 1469 1480 communem
1494 1431 1623 1479 viam
1649 1431 1714 1478 ad
1738 1430 2049 1479 occidentem
2073 1430 2135 1478 ab
2159 1429 2318 1478 altera
2341 1459 2351 1468 -
2378 1437 2426 1477 et

379 1532 534 1572 terras
559 1530 755 1572 vocatas
779 1523 1052 1588 vulgariter
1080 1522 1391 1573 Sclaterland
1415 1523 1636 1572 iacentes
1671 1523 1804 1572 inter
1835 1531 1994 1572 terras
2019 1523 2080 1571 de
2106 1521 2326 1587 Seytoun
2362 1523 2425 1570 ad

379 1617 617 1664 orientem
643 1623 692 1665 et
717 1623 873 1664 terras
911 1615 1093 1664 Nostre
1118 1615 1335 1665 Domine
1361 1617 1425 1664 ad
1450 1615 1758 1664 occidentem
1784 1622 1834 1664 et
1857 1622 2016 1664 terras
2041 1615 2102 1663 de
2127 1614 2424 1663 Pundarlaw

378 1709 440 1757 ad
463 1710 662 1757 boream
685 1716 734 1757 et
757 1725 892 1756 mare
917 1708 981 1756 ad
1005 1707 1223 1756 austrum
1259 1737 1269 1748 ·
1309 1725 1422 1758 cum
1458 1707 1663 1757 decimis
1700 1707 1926 1756 omnibus
1963 1714 2012 1757 et
2046 1706 2287 1772 potestate
2319 1706 2424 1754 sub-

379 1800 626 1848 affcdandi
660 1798 878 1863 personis
913 1816 1014 1847 non
1050 1800 1252 1848 maioris
1288 1800 1543 1865 potestatis
1567 1818 1714 1866 quam
1738 1800 1839 1866 ipse
1864 1801 2118 1850 etiterum
2152 1798 2425 1848 reducendi
2490 1787 2492 1789 .

379 1893 442 1940 ad
466 1892 613 1956 ipsius
638 1894 945 1941 commodum
970 1920 980 1931 ·
1010 1891 1260 1943 Soluendo
1280 1894 1498 1958 quinque
1516 1894 1669 1942 libras
1687 1894 1769 1942 sex
1788 1893 1965 1942 solidos
1988 1901 2038 1942 et
2061 1896 2170 1941 ofito
2195 1892 2424 1941 denarios

379 1991 575 2033 monete
604 1983 777 2034 Scocie
803 2012 813 2022 ·
837 2002 1032 2033 necnon
1057 1985 1316 2035 duodecim
1343 1986 1500 2035 bollas
1523 1987 1760 2036 frumenti
1792 2014 1803 2025 ·
1830 1986 2008 2051 viginti
2033 1992 2245 2050 quatuor
2267 1984 2424 2033 bollas

380 2077 519 2126 ordei
544 2105 554 2116 ·
581 2085 630 2126 et
655 2079 764 2125 occo
789 2078 943 2126 bollas
967 2078 1126 2127 farine
1152 2105 1163 2116 ·
1185 2078 1411 2128 mensure
1435 2079 1531 2127 fori
1556 2080 1802 2128 currentis
1826 2079 1890 2127 ad
1913 2078 2036 2126 festa
2058 2076 2424 2126 Purificationis

383 2167 559 2218 Sancte
582 2168 744 2217 Marie
770 2177 819 2218 et
843 2169 1026 2217 Pasche
1064 2198 1074 2208 ·
1110 2187 1306 2218 necnon
1341 2189 1433 2236 pro
1469 2171 1615 2221 terris
1641 2171 1774 2220 inter
1799 2170 2028 2219 Rubeum
2053 2169 2256 2218 Murum
2292 2176 2342 2217 et
2375 2169 2422 2216 le

383 2259 727 2309 Sclaterissand
752 2261 921 2310 decem
947 2261 1125 2310 solidos
1149 2271 1349 2312 monete
1375 2263 1549 2313 Scocie
1572 2264 1635 2312 ad
1659 2262 1783 2312 festa
1806 2261 2157 2313 Pentechostes
2182 2268 2230 2310 et
2255 2260 2422 2310 Sancti

381 2352 588 2401 Martini
624 2354 866 2401 monacho
903 2355 1269 2403 communitatis
1307 2383 1317 2394 ·
1353 2355 1420 2404 Et
1461 2355 1578 2420 quia
1600 2354 1871 2419 sumptibus
1901 2361 2175 2402 conuentus
2211 2353 2421 2402 eundem

380 2443 538 2492 secum
583 2444 810 2493 laborare
859 2452 908 2493 et
955 2446 1177 2509 equitare
1226 2446 1442 2495 intendit
1493 2464 1603 2495 eum
1658 2447 1720 2495 ab
1774 2446 2007 2494 oneribus
2054 2445 2420 2493 husbandorum

382 2543 616 2584 exonerat
639 2536 782 2585 saluis
806 2537 942 2585 seffls
967 2538 1030 2586 ad
1054 2539 1216 2586 curias
1240 2540 1431 2588 abbatis
1466 2566 1475 2575 ·
1515 2543 1576 2587 18
1602 2537 1727 2587 Maii
1756 2542 1899 2586 1520.

382 2789 662 2861 Dorothea
687 2808 901 2859 Tulloch
926 2811 1126 2859 domina
1149 2813 1210 2859 de
1236 2811 1503 2877 Bonytoun
1529 2810 1781 2861 constituit
1804 2810 1975 2860 Dauid
1999 2810 2150 2860 Voud
2185 2841 2195 2850 ·
2233 2810 2268 2859 J
2271 2810 2420 2859 ohan·

384 2918 498 2949 nem
521 2900 698 2965 Lyoun
723 2928 734 2939 ·
758 2900 1014 2950 Andream
1040 2901 1225 2967 Sybald
1248 2903 1309 2951 de
1333 2902 1574 2952 Lathame
1599 2930 1609 2940 ·
1633 2902 1903 2968 Georgium
1930 2901 2118 2951 Boswel
2143 2932 2154 2942 ·
2179 2909 2229 2951 et
2251 2901 2422 2950 Dauid

386 2992 691 3056 Pardewyne
733 3019 743 3030 ·
787 2999 1134 3055 procuratores
1166 2993 1230 3041 ad
1264 2993 1610 3059 resignandum
1649 3011 1741 3060 pro
1777 2995 1825 3043 se
1855 3002 1906 3043 et
1938 2994 2203 3044 heredibus
2237 2993 2333 3042 suis
2368 2993 2420 3041 in

387 3083 613 3132 manibus
642 3083 1047 3132 commendatarii
1071 3084 1428 3134 dimidietatem
1452 3094 1696 3135 terrarum
1723 3087 1785 3135 de
1810 3085 2026 3134 Tulloch
2049 3093 2099 3135 et
2124 3084 2420 3148 Crachquhe

386 3176 626 3224 iacentem
652 3192 712 3223 ex
735 3182 876 3239 parte
901 3174 1098 3224 australi
1124 3193 1248 3239 aque
1274 3177 1335 3225 de
1354 3176 1568 3243 Vuaney
1586 3178 1717 3227 infra
1735 3177 2132 3227 vicecomitatum
2158 3177 2220 3226 de
2243 3175 2420 3225 Forfar
