2762 3834
47 760 112 811 26

600 362 1025 414 REGISTR-UM
1059 363 1156 412 DE
1192 359 1753 412 ABERBROTHOC.
2102 361 2199 410 265

154 560 368 634 Littera
391 583 603 632 financie
627 602 718 648 pro
743 587 942 634 domino
966 587 1214 635 Duncano
1241 586 1527 635 Dauidsone
1551 584 1810 633 monacho.

159 741 292 814 We
316 764 486 813 Dauid
522 804 531 814 .
568 804 579 814 .
618 804 627 814 .
665 805 675 815 .
712 767 860 816 abbot
885 770 939 816 of
959 769 1184 818 Arbroth
1218 808 1228 819 .
1267 809 1276 818 .
1315 807 1325 817 .
1360 770 1542 835 byndis
1578 770 1676 817 and
1701 768 1876 834 oblyfis
1901 785 1967 816 ws
1991 767 2084 833 tyll
2107 784 2198 816 ane
2275 765 2278 768 ’

158 855 476 920 wirschipfull
500 874 611 905 man
637 857 673 906 J
676 858 805 905 ohon
830 859 947 924 Dog
970 861 1150 925 burges
1176 861 1230 908 of
1259 860 1443 909 Dunde
1467 861 1518 908 in
1544 860 1626 909 the
1651 860 1795 908 sowm
1821 859 1876 907 of
1906 859 1956 906 xl
1979 859 2199 923 powndis

157 948 211 996 of
233 948 316 996 the
341 948 475 997 vsual
499 956 666 997 monet
691 950 746 997 of
779 949 1045 1000 Scotlande
1068 952 1144 999 for
1169 951 1251 1000 the
1278 951 1517 1016 eschange
1543 952 1598 1000 of
1628 969 1720 1000 ane
1746 959 1945 1000 certanc
1969 951 2114 998 sowm
2151 951 2205 997 of

156 1039 414 1088 Flanderis
451 1048 618 1089 monet
659 1048 712 1090 to
754 1042 815 1090 be
863 1081 872 1090 .
922 1081 931 1090 .
983 1079 995 1091 .
1042 1050 1163 1108 payt
1211 1079 1221 1089 .
1270 1082 1278 1091 .
1329 1083 1337 1091 .
1386 1052 1436 1092 to
1479 1061 1568 1091 our
1614 1044 1788 1091 brudir
1836 1043 1933 1091 den
1982 1042 2197 1089 Duncan

157 1130 423 1196 Dauysone
458 1132 510 1179 in
549 1171 557 1180 .
596 1170 606 1181 .
644 1171 654 1181 .
689 1132 943 1198 Flandrys
974 1151 1030 1182 or
1065 1133 1223 1182 Frans
1266 1173 1276 1183 .
1318 1171 1329 1182 .
1371 1172 1381 1182 .
1425 1135 1485 1181 be
1522 1134 1604 1182 the
1641 1135 1743 1182 said
1777 1134 1913 1182 Jhon
1947 1134 2023 1182 his
2053 1133 2197 1181 aieris

159 1224 462 1274 excecutoris
488 1242 544 1272 or
567 1224 793 1288 affignais
815 1225 986 1273 within
1011 1225 1062 1273 xl
1085 1227 1207 1290 days
1228 1228 1342 1276 eftir
1380 1264 1391 1275 .
1430 1264 1442 1275 .
1480 1266 1489 1275 .
1526 1228 1619 1275 den
1642 1227 1901 1275 Duncanis
1921 1227 2198 1290 acquittans

161 1354 172 1365 .
208 1353 219 1365 .
263 1354 272 1364 .
310 1318 429 1382 beys
464 1317 658 1365 schawn
697 1324 747 1365 to
784 1334 850 1364 ws
895 1355 906 1366 .
951 1354 961 1365 .
1004 1355 1016 1366 .
1060 1318 1131 1367 At
1161 1319 1385 1368 Arbroth
1418 1319 1502 1368 the
1535 1319 1623 1366 xx‘¹
1648 1320 1744 1384 day
1770 1320 1824 1366 of
1842 1318 2035 1383 August
2078 1359 2085 1366 .
2132 1356 2142 1366 .
2187 1357 2197 1366 .

159 1410 175 1458 i
200 1409 479 1458 thowsande
505 1427 621 1458 cccc
647 1410 744 1458 and
769 1417 944 1474 nynty.

163 1661 418 1734 Licencia
441 1682 627 1730 domini
654 1682 889 1731 Duncani
913 1682 1199 1732 Dauidsone
1223 1678 1466 1732 monacho
1492 1686 1556 1733 ad
1577 1693 1745 1749 partes
1769 1686 2133 1735 transmarinas,

164 1842 437 1916 Uniuerfis
480 1903 488 1912 .
533 1903 541 1912 .
586 1902 595 1911 .
638 1863 839 1912 ecclefie
880 1862 995 1910 filiis
1045 1899 1056 1910 .
1102 1899 1112 1909 .
1159 1898 1170 1909 .
1219 1860 1390 1910 Dauid
1433 1899 1444 1910 .
1487 1900 1498 1910 .
1541 1900 1552 1911 .
1596 1863 1745 1911 abbas
1788 1901 1799 1911 .
1846 1901 1856 1911 .
1902 1900 1913 1911 .
1956 1865 2017 1912 de
2058 1865 2202 1912 Abir-

164 1956 370 2005 brothoc
412 1994 420 2003 .
462 1994 470 2003 .
511 1994 520 2004 .
562 1955 766 2003 salutem
803 1983 813 1993 -
846 1954 1063 2003 Nouerit
1088 1953 1377 2002 vniuerfitas
1403 1954 1566 2002 uestra
1590 1955 1723 2019 quod
1762 1992 1772 2002 .
1815 1992 1826 2003 .
1869 1993 1877 2003 .
1919 1955 2204 2004 attestamur

162 2047 212 2095 in
235 2047 453 2096 Domino
480 2047 815 2095 Dunchanum
836 2046 1085 2096 Dauisone
1104 2046 1403 2094 monachum
1442 2083 1454 2095 .
1496 2085 1507 2095 .
1553 2084 1564 2095 .
1593 2046 1740 2095 ‘fuiss'e
1765 2055 1814 2096 et
1851 2087 1860 2095 .
1898 2085 1908 2096 .
1946 2086 1955 2096 .
1997 2047 2202 2096 existere

162 2140 340 2188 munde
366 2147 415 2188 et
437 2140 639 2188 honeste
676 2139 1073 2187 conuersacionis
1100 2139 1152 2186 in
1177 2137 1351 2186 habitu
1387 2139 1618 2187 conui8cu
1644 2146 1693 2187 et
1716 2140 1934 2187 moribus
1969 2141 2202 2188 decenter

161 2231 288 2280 inter
321 2249 412 2280 nos
448 2233 822 2280 conuersantem
863 2268 875 2280 .
918 2269 930 2279 .
974 2269 985 2279 .
1027 2231 1285 2294 splendida
1319 2232 1450 2279 fama
1484 2232 1767 2280 redimitum
1804 2249 1860 2279 ac
1896 2232 2004 2279 aliis
2036 2249 2200 2294 quam-

162 2323 381 2388 plurimis
417 2324 680 2373 virtutibus
717 2332 765 2372 et
801 2324 943 2372 donis
980 2325 1156 2388 quibus
1196 2325 1422 2372 dominus
1463 2323 1602 2371 Deus
1642 2341 1752 2371 eum
1793 2323 1991 2387 speciali
2032 2323 2202 2387 gracia

163 2415 411 2480 infigniuit
468 2416 818 2480 perlustratum
864 2417 1002 2464 nullo
1057 2416 1262 2465 crimine
1319 2415 1516 2464 notorio
1574 2415 1811 2463 irrititum
1867 2422 1950 2463 aut
1998 2415 2201 2463 censura

166 2508 335 2570 quauis
377 2507 576 2556 ecclefie
617 2507 909 2556 innodatum
952 2509 1072 2572 quin
1113 2509 1268 2557 libere
1310 2525 1538 2556 exercere
1579 2507 1721 2571 poffit
1761 2524 1928 2555 omnes
1966 2510 2100 2555 actus
2139 2508 2200 2555 ad

167 2599 373 2648 officium
397 2600 698 2649 sacerdotale
732 2608 781 2648 et
810 2601 1151 2649 monachalem
1187 2600 1530 2666 professionem
1566 2601 1838 2663 spectantes
1876 2626 1886 2636 ·
1927 2599 2053 2648 Cum
2090 2616 2199 2646 eum

164 2691 224 2738 ad
248 2690 341 2739 hoc
365 2692 552 2741 fincera
574 2692 753 2740 mentis
777 2692 1031 2756 impulerit
1075 2730 1086 2741 .
1126 2730 1137 2740 .
1177 2730 1188 2740 .
1225 2693 1434 2741 deuocio
1459 2700 1508 2740 et
1546 2728 1556 2740 .
1597 2728 1608 2739 .
1648 2727 1659 2739 .
1697 2709 1806 2739 cum
1832 2692 2199 2755 quibuscunque

165 2783 439 2831 conuersari
463 2783 563 2832 fine
590 2784 765 2847 quouis
790 2784 1017 2848 scrupulo
1066 2821 1078 2833 .
1130 2822 1142 2834 .
1194 2822 1205 2832 .
1250 2784 1392 2849 poffit
1426 2811 1437 2822 ·
1474 2801 1618 2848 quem
1656 2783 1809 2832 eciam
1835 2801 1925 2847 pro
1951 2783 2198 2831 nonnullis

164 2874 431 2923 necefl‘ariis
480 2912 491 2923 .
542 2912 553 2923 .
604 2913 615 2924 .
662 2875 947 2924 monasterii
987 2893 1045 2924 ac
1086 2875 1191 2924 eius
1236 2876 1451 2940 propriis
1501 2913 1512 2924 .
1563 2913 1575 2924 .
1624 2913 1635 2923 .
1684 2876 1902 2939 negociis
1952 2913 1962 2923 .
2015 2912 2026 2923 .
2077 2912 2088 2922 .
2137 2876 2197 2922 ad
2236 2933 2239 2936 Δ

164 2972 324 3028 partes
365 2967 632 3015 direximus
673 2968 1024 3016 transmarinas
1066 2996 1076 3006 -
1120 2968 1201 3015 cui
1240 2968 1500 3016 licenciam
1538 2967 1750 3015 nostram
1792 3005 1802 3014 .
1843 3004 1854 3015 .
1894 3004 1904 3015 .
1943 2975 1996 3014 ut
2033 2966 2196 3014 nostro

166 3057 396 3106 confratri
419 3059 659 3123 spirituali
681 3077 771 3124 per
796 3060 918 3107 duos
943 3076 1097 3107 annos
1121 3059 1229 3124 post
1259 3061 1424 3108 datam
1458 3059 1764 3124 presencium
1800 3059 2110 3123 impertimur
2143 3058 2194 3105 in

164 3146 377 3198 Domino
420 3181 430 3191 ·
473 3152 789 3214 quamobrem
833 3151 1042 3200 vestram
1084 3150 1449 3199 vniverfitatem
1491 3187 1503 3199 .
1550 3188 1561 3199 .
1607 3187 1617 3198 .
1662 3158 1945 3198 exortamur
1989 3187 2000 3197 .
2039 3187 2049 3197 .
2089 3187 2099 3197 .
2143 3156 2196 3196 ut

1136 3246 1166 3289 2
1195 3259 1223 3289 L
