2762 3834
560 350 656 398 114
1007 341 1428 398 REGISTRUM
1460 340 1558 391 DE
1594 336 2160 391 ABERBROTHOC.

558 496 767 531 vnacum
792 480 959 545 garbis
988 478 1308 529 decimalibus
1340 474 1610 526 earundem
1637 510 1649 522 .
1677 509 1688 522 .
1714 510 1726 521 .
1752 472 1973 522 iacentes
2004 472 2058 522 in
2090 471 2355 539 regalitate
2380 473 2442 524 de
2466 475 2615 526 Abir-

556 572 763 623 brothoc
803 572 935 621 infra
971 569 1366 619 vicecomitatum
1406 567 1467 616 de
1506 564 1549 614 F
1551 564 1686 614 orfar
1722 603 1732 613 .
1777 602 1790 613 .
1829 601 1841 613 .
1885 563 1946 613 In
1987 564 2127 615 cuius
2167 565 2243 615 rei
2277 565 2614 618 testimonium

556 664 763 729 sigillum
788 661 1028 713 Willelmi
1053 659 1371 710 Strathachin
1410 695 1422 707 .
1461 694 1473 706 .
1514 695 1525 706 .
1561 657 1718 723 patris
1753 657 1854 707 mei
1892 695 1903 707 .
1943 695 1956 707 .
1995 695 2007 707 .
2045 658 2098 707 in
2123 658 2318 709 defe&u
2344 659 2489 726 figilli
2514 662 2613 710 mei

607 792 617 803 .
657 793 667 804 .
705 755 776 803 est
800 754 1067 819 appensum
1097 752 1231 817 apud
1253 750 1438 800 Dunde
1466 750 1636 799 vltimo
1667 750 1747 799 die
1778 748 1957 799 menfis
1984 749 2220 800 Octobris
2246 768 2379 801 anno
2403 749 2613 801 Domini

551 846 804 896 millesimo
846 843 1327 910 quadringentefimo
1371 842 1779 908 quinquagesimo
1826 860 1961 893 nono
2011 860 2179 893 coram
2226 843 2325 893 hiis
2371 844 2576 895 testibus
2601 874 2612 883 ·

551 939 745 989 Thema
794 938 1041 988 Carneors
1087 936 1331 1002 burgense
1380 936 1442 985 de
1489 935 1675 985 Dunde
1721 963 1731 973 ·
1779 936 1994 986 dominis
2041 936 2300 986 Willelmo
2335 936 2574 986 Fermore
2601 968 2612 977 -

547 1031 581 1081 J
584 1032 777 1080 ohanne
811 1030 912 1079 filio
940 1030 1148 1080 Roberti
1173 1057 1184 1068 ·
1207 1038 1256 1080 et
1282 1029 1508 1079 Henrico
1534 1028 1699 1095 Barry
1725 1057 1735 1069 ·
1760 1028 2049 1093 presbiteris
2075 1036 2125 1078 et
2149 1029 2348 1079 notario
2372 1029 2574 1094 publico
2601 1061 2611 1070 ·

547 1140 657 1173 cum
681 1123 849 1176 multis
874 1122 1000 1172 aliis.

542 1376 730 1449 Bucht
754 1426 764 1437 ·
792 1395 1178 1446 Instrumentum
1204 1394 1587 1461 recognicionis.

396 1587 491 1631 130
543 1561 616 1634 In
648 1582 749 1632 Dei
778 1581 979 1631 nomine
1015 1598 1160 1631 amen
1187 1613 1197 1623 ·
1222 1581 1321 1631 Per
1344 1581 1440 1630 hoc
1480 1619 1491 1630 .
1533 1618 1543 1629 .
1584 1618 1594 1629 .
1633 1579 1691 1628 fit
1720 1586 1895 1629 notum
1920 1579 2055 1644 quod
2080 1595 2212 1627 anno
2237 1578 2607 1629 incarnacionis

543 1675 788 1724 dominice
812 1681 880 1723 m⁰
905 1680 1039 1723 cccc⁰
1064 1673 1359 1739 sexagesimo
1377 1704 1387 1714 ·
1410 1674 1491 1723 die
1515 1689 1631 1723 vero
1658 1670 1837 1720 mensis
1855 1669 1890 1719 J
1896 1670 1983 1720 ulii
2008 1671 2204 1720 decima
2228 1675 2404 1721 ofitaua
2421 1672 2608 1720 -indic-

542 1766 677 1815 tione
719 1769 892 1815 ofimua
940 1797 950 1807 ·
996 1766 1313 1831 pontificatus
1361 1803 1371 1815 .
1421 1804 1432 1815 .
1482 1804 1492 1815 .
1543 1764 1733 1815 domini
1779 1763 1860 1813 Pii
1898 1801 1909 1813 .
1949 1801 1960 1812 .
2001 1802 2012 1812 .
2048 1781 2177 1829 pape
2223 1764 2426 1814 secundi
2474 1781 2606 1813 anno

543 1860 755 1908 secundo
797 1887 808 1898 ·
850 1859 903 1907 in
944 1859 1040 1908 mei
1080 1896 1091 1908 .
1131 1897 1142 1907 .
1183 1897 1193 1908 .
1232 1868 1281 1908 et
1318 1858 1513 1909 testium
1556 1857 1941 1923 subscriptorum
1982 1858 2242 1923 presencia
2277 1857 2606 1923 personaliter

543 1951 835 2001 constitutus
871 1989 881 2000 .
916 1989 927 2000 .
963 1989 973 2000 .
1014 1951 1291 2001 Malcomus
1318 1991 1328 2001 .
1369 1990 1380 2002 .
1409 1990 1420 2001 .
1450 1954 1571 2017 [etc.
1598 1953 1824 2017 utsupra
1846 1952 1945 2000 No.
1976 1951 2094 2018 106]
2127 1989 2137 2001 .
2167 1990 2178 2001 .
2208 1989 2219 2001 .
2247 1951 2378 2000 Acta
2402 1952 2606 2000 fuerunt

541 2043 632 2092 hec
658 2045 789 2108 apud
814 2043 977 2092 Bucht
1003 2082 1014 2092 .
1045 2081 1055 2092 .
1086 2081 1096 2092 .
1122 2044 1434 2108 presentibus
1461 2083 1471 2093 .
1499 2083 1510 2094 .
1541 2083 1552 2093 .
1581 2044 1812 2111 Gilberto
1840 2043 2051 2094 Stewart
2078 2075 2087 2086 ·
2114 2044 2324 2095 Valtero
2354 2043 2565 2094 Stewart
2591 2074 2601 2083 ·

541 2136 575 2185 J
578 2137 731 2186 acobo
760 2136 955 2186 Guthre
981 2167 991 2176 ·
1022 2136 1217 2185 Thoma
1243 2136 1455 2186 Browne
1481 2165 1490 2176 ·
1516 2147 1566 2187 et
1590 2137 1811 2186 Patricio
1839 2137 1959 2203 Hoy
1987 2174 1998 2185 .
2027 2174 2039 2185 .
2068 2175 2078 2186 .

605 2228 671 2278 Et
709 2246 801 2294 ego
839 2229 1128 2277 Alexander
1172 2229 1471 2279 Thorntoun
1518 2268 1528 2279 .
1575 2269 1586 2280 .
1634 2269 1645 2279 .
1703 2230 1929 2280 notarius
1969 2228 2207 2295 premiffis
2246 2266 2256 2277 .
2296 2266 2307 2277 .
2347 2266 2357 2277 .
2398 2227 2602 2278 interfui

542 2328 618 2369 etc
644 2350 654 2359 ·
682 2321 794 2370 vide
820 2321 1217 2370 instrumentum.

540 2575 858 2661 Refignacio
882 2598 1027 2646 officii
1053 2599 1112 2646 de
1137 2599 1183 2647 le
1209 2600 1457 2664 dempstar
1482 2601 1533 2649 in
1557 2603 1697 2652 ouria
1721 2602 1926 2654 abbatis.

394 2781 483 2825 131
541 2757 613 2829 In
640 2779 837 2827 nomine
863 2779 1067 2828 Domini
1104 2798 1246 2829 amen
1273 2809 1282 2818 ·
1307 2782 1405 2830 Per
1430 2783 1525 2832 hoc
1563 2822 1574 2833 .
1609 2823 1619 2833 .
1655 2823 1665 2834 .
1704 2794 1874 2850 pateat
1911 2824 1922 2836 .
1956 2824 1967 2835 .
2006 2824 2016 2835 .
2053 2787 2187 2851 quod
2212 2803 2343 2835 anno
2369 2786 2597 2834 incarna-

541 2870 696 2918 cionis
721 2870 967 2918 dominice
992 2870 1247 2919 millesimo
1273 2873 1757 2939 quadringentesimo
1782 2879 2080 2944 sexagesimo
2117 2907 2126 2916 ·
2164 2879 2244 2928 die
2279 2895 2396 2927 vero
2419 2879 2597 2926 mensis

543 2961 844 3026 Septembris
887 2962 1148 3010 vndecima
1187 2990 1197 3000 ·
1238 2963 1508 3014 indi&ione
1551 2970 1725 3018 octaua
1759 2997 1771 3008 ·
1808 2971 2126 3040 pontificatus
2158 3008 2169 3019 .
2205 2970 2491 3019 ..domini
2519 2970 2596 3018 Pii

589 3092 599 3102 .
637 3091 648 3102 .
681 3071 809 3118 pape
834 3053 1034 3102 secundi
1060 3071 1189 3102 anno
1216 3056 1371 3103 tercio
1408 3093 1418 3103 .
1457 3057 1727 3109 ..Dauid
1748 3061 2017 3126 Dempstar
2039 3063 2100 3111 de
2128 3061 2456 3112 Caraldstoun
2485 3079 2594 3110 cum

536 3145 768 3195 consensu
806 3145 1121 3193 ..Dauid
1170 3145 1436 3210 Dempstar
1483 3148 1571 3197 filii
1612 3149 1681 3198 sui
1724 3159 1772 3200 et
1818 3153 2018 3202 heredis
2060 3154 2347 3218 apparentis
2391 3191 2401 3199 .
2443 3191 2453 3200 .
2495 3190 2504 3199 .
2542 3153 2593 3200 in
