2762 3834
620 345 712 400 172
1061 335 1481 392 REGISTRUM
1514 335 1611 386 DE
1646 334 2203 387 ABERBROTHOC.

617 476 891 524 dicionibus
905 491 994 540 per
1018 474 1173 522 dictos
1206 508 1216 519 .
1258 508 1268 518 .
1303 508 1313 519 .
1352 469 1481 517 diao
1519 504 1530 515 .
1566 505 1575 514 .
1614 503 1625 515 .
1657 467 1924 516 obseruatis
1958 505 1970 516 .
2010 505 2023 516 .
2056 506 2067 517 .
2106 467 2384 533 Stephanus
2409 507 2420 518 .
2446 508 2456 518 .
2485 507 2496 518 .
2523 470 2642 519 obli·

616 568 753 632 gauit
779 567 825 615 se
861 604 871 614 .
902 604 912 614 .
948 602 959 613 .
992 579 1171 628 magno
1195 559 1558 609 interueniente
1576 557 1858 621 juramento
1881 575 1913 607 a
1946 557 2153 608 seruicio
2187 564 2238 608 et
2272 559 2643 610 cohabitacione

663 696 674 706 .
713 695 725 705 .
758 656 947 706 abbatis
983 692 994 703 .
1023 691 1034 701 .
1065 691 1077 701 .
1108 651 1342 716 quamdiu
1367 649 1545 698 vixerit
1582 648 1635 695 in
1671 648 1898 697 humanis
1936 666 2191 714 nunquam
2226 649 2521 700 recefl'urum
2544 680 2554 690 ·
2581 651 2641 700 In

617 749 753 797 cuius
776 746 848 794 rei
877 744 1205 795 testimonium
1242 740 1372 806 parti
1409 739 1555 788 huius
1588 739 1853 788 indenture
1883 755 1994 789 cum
2021 776 2035 789 .
2061 777 2074 789 .
2100 777 2113 789 .
2137 740 2314 791 abbate
2339 778 2351 790 .
2378 779 2390 790 .
2418 779 2429 790 .
2452 747 2643 792 reman-

613 840 719 886 sure
743 836 950 902 sigillum
975 872 985 883 .
1012 871 1022 882 .
1049 872 1058 882 .
1084 832 1254 881 Dauid
1278 830 1464 879 Herice
1495 830 1557 878 de
1581 829 1724 896 Dery
1757 847 1848 896 per
1872 868 1884 880 .
1909 868 1921 879 .
1946 869 1956 880 .
1983 830 2283 897 Stephanum
2308 871 2318 881 .
2343 870 2354 882 .
2380 869 2392 881 .
2410 850 2642 898 procura-

613 938 714 977 tum
740 962 751 973 .
776 963 788 974 .
813 964 823 975 .
844 924 914 974 est
938 923 1201 989 appensum
1226 938 1392 971 coram
1414 920 1513 970 hiis
1549 920 1752 971 testibus
1785 922 2017 973 videlicet
2041 951 2053 963 ·
2079 922 2303 973 Henrico
2332 924 2546 990 Ramsay
2580 926 2643 974 de

613 1019 842 1068 Neutibir
867 1046 878 1057 ·
899 1017 1151 1066 Willelmo
1177 1015 1418 1081 Balduwy
1438 1015 1499 1063 de
1523 1014 1696 1063 eodem
1716 1041 1727 1053 ·
1746 1021 1796 1063 et
1813 1013 1848 1062 J
1849 1014 2004 1063 acobo
2022 1013 2140 1063 Bois
2165 1046 2177 1056 ·
2201 1022 2252 1064 et
2268 1016 2399 1080 parti
2423 1056 2432 1066 .
2460 1054 2470 1064 .
2496 1055 2506 1065 .
2529 1033 2641 1066 cum

611 1149 620 1159 .
647 1148 657 1159 .
682 1148 689 1156 .
718 1108 966 1173 Stephano
988 1107 1269 1156 remansure
1294 1106 1502 1172 figillum
1528 1142 1540 1154 .
1567 1143 1578 1154 .
1606 1143 1618 1154 .
1640 1104 1926 1155 monasterii
1949 1142 1961 1153 .
1987 1142 1999 1153 .
2025 1143 2036 1154 .
2061 1105 2132 1155 est
2156 1106 2422 1171 appensum
2443 1141 2457 1155 .
2484 1144 2494 1155 .
2520 1144 2531 1155 .

609 1358 966 1428 Abirbrothoc
993 1407 1003 1417 -
1031 1375 1184 1426 Carta
1208 1376 1269 1424 de
1294 1375 1511 1440 quinque
1535 1374 1792 1440 perticatis
1816 1382 1948 1424 terre
1970 1374 2026 1424 in
2049 1373 2474 1440 Aldmercatgate.

465 1559 556 1609 193
609 1536 868 1609 Omnibus
895 1594 905 1605 .
934 1594 945 1604 .
973 1593 984 1604 .
1009 1556 1257 1621 Georgius
1283 1593 1293 1604 .
1320 1593 1330 1604 .
1361 1594 1371 1604 .
1396 1557 1547 1606 abbas
1573 1593 1583 1605 .
1610 1594 1621 1604 .
1648 1592 1659 1604 .
1684 1556 1746 1605 de
1794 1554 2144 1605 Aberbrothoc
2164 1591 2176 1603 .
2202 1593 2212 1603 .
2238 1593 2249 1604 .
2279 1554 2499 1605 Salutem
2536 1594 2546 1604 .
2579 1594 2589 1604 .
2626 1593 2637 1605 .

611 1647 786 1699 Sciatis
808 1664 898 1696 nos
921 1684 930 1695 .
960 1685 970 1695 .
998 1685 1007 1695 .
1033 1647 1305 1696 conceffiss'e
1333 1684 1343 1695 .
1371 1685 1382 1696 .
1410 1685 1420 1696 .
1446 1646 1498 1696 N
1500 1647 1694 1696 icholao
1720 1647 1927 1697 Hornar
1949 1648 2178 1713 burgenfi
2205 1648 2266 1698 de
2301 1648 2639 1698 Abirbrothoc

607 1754 698 1802 pro
722 1737 817 1786 suis
840 1736 1058 1786 seruiciis
1084 1774 1094 1785 .
1121 1775 1131 1785 .
1153 1775 1163 1786 .
1184 1745 1394 1801 quatuor
1418 1738 1686 1802 perticatas
1709 1747 1841 1790 terre
1865 1775 1877 1787 .
1901 1778 1912 1788 .
1936 1778 1946 1789 .
1974 1741 2194 1790 iacentes
2218 1758 2277 1789 ex
2301 1749 2442 1806 parte
2465 1741 2642 1790 boriali

609 1830 821 1894 Antiqui
844 1830 959 1878 Fori
985 1830 1116 1879 infra
1138 1831 1349 1896 burgum
1373 1831 1434 1879 de
1459 1831 1796 1881 Abirbrothoc
1819 1834 1949 1881 inter
1983 1840 2143 1882 terras
2174 1832 2380 1882 Patricii
2404 1832 2548 1882 Seras
2581 1850 2639 1881 ex

611 1930 752 1986 parte
778 1922 1003 1971 orientali
1028 1960 1039 1971 .
1070 1960 1080 1970 .
1104 1959 1115 1970 .
1141 1929 1190 1971 et
1214 1930 1370 1971 terras
1394 1922 1605 1971 eiusdem
1631 1921 1837 1971 Patricii
1876 1940 1939 1972 ex
1977 1930 2121 1987 parte
2158 1923 2455 1972 occidentali
2481 1961 2492 1972 .
2518 1961 2529 1971 .
2556 1962 2566 1972 .
2592 1932 2641 1973 et

611 2031 752 2062 vnam
779 2014 1064 2077 perticatam
1093 2050 1103 2060 .
1130 2051 1140 2060 .
1168 2050 1179 2060 .
1204 2014 1255 2061 in
1281 2014 1451 2063 eadem
1486 2014 1566 2063 via
1587 2015 1720 2063 inter
1744 2022 1901 2084 terras
1924 2014 2095 2064 Dauid
2131 2014 2373 2080 Tailyour
2403 2032 2463 2064 ex
2501 2024 2641 2080 parte

612 2104 905 2153 occidentali
931 2142 940 2153 .
968 2141 978 2152 .
1005 2141 1015 2151 .
1042 2112 1090 2153 et
1115 2112 1271 2153 terras
1294 2105 1533 2154 heredum
1557 2104 1799 2155 Willelmi
1823 2105 2024 2155 Baroun
2049 2123 2109 2156 ex
2132 2114 2275 2171 parte
2300 2106 2529 2155 orientali
2555 2144 2565 2154 .
2594 2143 2604 2153 .
2629 2143 2640 2155 .

614 2194 875 2243 Tenendas
902 2233 912 2243 .
938 2233 948 2242 .
975 2233 985 2243 .
1012 2194 1273 2260 Nycholao
1314 2203 1364 2245 et
1398 2196 1663 2245 heredibus
1694 2196 1790 2246 suis
1815 2234 1826 2245 .
1851 2233 1864 2246 .
1890 2234 1901 2246 .
1926 2198 2285 2262 imperpetuum
2320 2229 2330 2238 ·
2366 2197 2641 2248 Reddendo

614 2323 624 2333 .
644 2323 653 2333 .
674 2323 685 2333 .
704 2287 920 2350 quinque
943 2286 1120 2335 solidos
1146 2285 1322 2336 vsualis
1346 2295 1542 2337 monete
1566 2288 1709 2353 regni
1736 2287 1911 2339 Scocie
1943 2289 2198 2339 annuatim
2222 2296 2413 2338 tantum
2435 2327 2445 2337 .
2467 2327 2477 2338 .
2498 2328 2509 2338 .
2531 2289 2640 2338 Nec

614 2376 781 2425 licebit
807 2414 818 2425 .
845 2415 855 2425 .
883 2412 893 2424 .
912 2385 1068 2426 terras
1088 2413 1098 2424 .
1118 2415 1129 2427 .
1151 2415 1161 2425 .
1181 2378 1396 2428 alienare
1416 2377 1514 2428 fine
1532 2378 1701 2430 nostra
1715 2417 1726 2429 .
1747 2417 1758 2431 .
1778 2418 1789 2431 .
1808 2380 2019 2431 licencia
2033 2419 2044 2430 .
2066 2418 2077 2429 .
2098 2418 2109 2429 .
2125 2380 2280 2446 Apud
2294 2381 2642 2430 monasterium

618 2501 628 2511 .
655 2502 665 2512 .
692 2504 702 2513 .
727 2466 949 2515 vicesimo
971 2470 1141 2516 οᾶιαιιο
1166 2469 1245 2518 die
1267 2469 1441 2519 menfis
1459 2470 1687 2521 Ottobris
1706 2489 1837 2522 anno
1855 2471 2062 2523 Domini
2077 2478 2145 2522 m⁰
2162 2472 2641 2538 quadringentesimo

619 2555 961 2619 septuagesimo
985 2566 1173 2620 quarto.

619 2825 791 2897 Carta
814 2847 1030 2910 quinque
1053 2848 1289 2898 librarum
1314 2852 1463 2899 annui
1488 2853 1708 2903 redditus
1730 2855 1783 2904 in
1809 2856 2083 2906 Abbirden.

476 3009 567 3059 194
620 2987 693 3058 In
730 3007 828 3057 Dei
866 3009 1064 3059 nomine
1104 3027 1246 3061 amen
1271 3011 1396 3061 ·Per
1433 3012 1527 3062 hoc
1552 3051 1562 3062 .
1589 3023 1819 3079 ..p‘ateat
1857 3055 1868 3066 .
1906 3058 1915 3066 .
1952 3057 1964 3068 .
2000 3019 2133 3083 quod
2170 3035 2300 3068 anno
2335 3018 2397 3067 ab
2421 3018 2644 3067 incarna-

620 3099 760 3149 cione
780 3098 985 3149 Domini
1004 3100 1256 3152 millesimo
1273 3104 1750 3170 quadringentefimo
1764 3107 1865 3157 lxx⁰
1883 3109 2055 3174 quinto
2075 3139 2085 3150 ·
2104 3108 2279 3159 menfis
2295 3126 2413 3159 vero
2435 3107 2643 3173 Augusti
