2742 3848
512 397 611 448 566

513 548 730 602 Douglace,
761 549 966 600 Ricardus,
996 548 1045 589 de
1073 543 1268 597 Bodeleis,
1299 548 1395 594 459,
1425 546 1522 595 494,

566 623 662 662 495.

512 716 621 725 —-
640 693 826 743 Thomas,
857 691 962 731 filius
990 689 1209 731 Alexandri
1228 689 1280 728 D.
1309 694 1350 729 et
1378 687 1524 740 Egidie

566 764 709 815 Leslie,
731 765 825 804 505.

639 833 873 883 Willelmus,
898 833 989 883 195,
1010 833 1103 882 231,
1126 832 1219 879 358,
1242 832 1335 871 359.

509 929 621 937 -—
637 904 874 954 WillelmuS,
896 903 1076 955 armiger,
1101 904 1193 942 176.

510 1001 619 1007 —
636 976 872 1024 Willelmus,
894 975 942 1014 de
962 973 1231 1025 Drumlanrik,
1256 974 1349 1013 194.

639 1047 828 1088 Ysabella
845 1046 906 1095 de,
929 1046 1127 1087 comitissa
1145 1045 1194 1085 de
1213 1045 1303 1085 Mar
1314 1049 1355 1085 et
1369 1044 1528 1086 domina

564 1122 612 1160 de
633 1118 857 1172 Garuyach,
878 1120 945 1168 46,
964 1120 1031 1158 47.

511 1194 697 1241 Doverte,
717 1190 955 1242 Willelmus,
975 1191 1070 1230 478.

512 1266 623 1316 Dow,
643 1264 850 1314 Robertus,
871 1263 965 1303 310.

511 1337 677 1388 Downy‚
698 1335 936 1386 Alexander,
959 1337 997 1383 7,
1019 1335 1058 1374 8.

511 1409 660 1460 Drany,
681 1407 765 1447 vide
783 1407 917 1446 Innes.

513 1480 721 1530 Driburch,
761 1477 978 1531 Driburgh,
1018 1476 1255 1529 Driburght,
1304 1475 1527 1529 Drybnrch,

566 1551 746 1592 dominus
775 1550 804 1590 J
806 1550 990 1600 ohannes,
1011 1548 1228 1589 monachus
1246 1552 1287 1588 et
1305 1547 1531 1588 cellerarius

566 1623 614 1663 de
634 1622 908 1672 Abirbrothoc,
932 1622 1023 1669 186,
1041 1622 1134 1671 210,
1157 1622 1253 1669 254,
1274 1621 1369 1671 259,
1391 1620 1486 1660 268.

638 1694 829 1746 magister
847 1694 875 1734 J
878 1693 1064 1744 ohannes,
1090 1694 1183 1733 144.

512 1767 673 1818 Driden,
714 1766 887 1806 Thomas
914 1765 976 1814 de,
1016 1764 1195 1818 supprior
1232 1763 1455 1805 claustralis
1483 1763 1530 1803 de

566 1838 842 1888 Abirbrothoc,
864 1839 929 1887 87,
952 1838 1018 1877 88.

511 1910 750 1960 Dromonde,
786 1909 1052 1960 Drovmonde,
1083 1907 1341 1956 Drummond‚
1371 1908 1399 1948 J
1402 1912 1531 1959 oneta,

567 1983 654 2023 vide
674 1982 813 2034 Inglis‚
837 1981 1104 2021 Strathachin.

641 2054 824 2104 Mariota,
845 2053 931 2093 vide
951 2052 1180 2104 Ochirlony.

514 2125 797 2176 Dromorensis,
818 2125 1033 2178 episcopus,
1053 2125 1139 2164 vide
1159 2124 1301 2163 Brana.

514 2199 636 2250 Dron,
658 2198 802 2248 Drone,
822 2197 994 2237 vicarius
1010 2197 1070 2247 de,
1091 2197 1175 2236 vide
1194 2195 1345 2246 Lnnde,
1367 2195 1527 2246 Yhnng.

642 2270 727 2310 vide
748 2269 995 2321 Garmychel,
1019 2268 1203 2309 Currour.

513 2342 652 2393 Drum,
674 2342 823 2392 Dm,
844 2342 931 2381 vide
950 2340 1087 2392 Irvyn.

642 2413 857 2461 walterus,
879 2414 972 2452 505.

515 2485 786 2536 Drumlanrik,
807 2485 892 2524 vide
908 2483 1100 2536 Douglas.

516 2559 777 2609 Drumnager,
798 2557 884 2596 vide
904 2556 1011 2596 Bait.

517 2629 754 2680 Drumtoeti‚
775 2629 861 2668 vide
881 2628 989 2668 Bait.

517 2701 643 2751 Dufis,
688 2700 823 2739 David
864 2699 994 2739 dictus
1036 2699 1150 2739 Dufis
1190 2698 1295 2738 filius
1338 2703 1378 2738 et
1420 2697 1533 2737 heres

572 2773 600 2814 J
603 2772 769 2813 ohannis
787 2771 894 2821 dicti,
917 2773 955 2810 6.

646 2844 675 2885 J
677 2843 852 2884 ohannes
870 2842 1012 2890 dictus,
1035 2843 1074 2882 6.

520 2914 758 2967 Dulmayok,
779 2913 1057 2967 prebendarius
1076 2912 1136 2960 de,
1156 2911 1243 2952 vide
1263 2911 1399 2951 Waus.

520 2987 763 3040 Dnlyvarde,
781 2986 869 3026 vide
890 2983 1158 3025 Strathachin.

521 3062 628 3112 Dun,
649 3060 779 3107 Dune,
801 3058 918 3108 Dwn,
942 3057 1025 3097 vide
1043 3055 1218 3107 Erskyn.

520 3133 699 3183 Dunbar,
720 3130 933 3176 Dumbarr,
952 3128 1043 3168 Ada
1061 3128 1121 3179 de,
1145 3129 1208 3167 10.

650 3203 831 3244 dominns
850 3201 1046 3241 Robertus
1064 3199 1124 3251 de,
1145 3199 1372 3249 monachus,
1395 3200 1459 3239 37.

524 3301 633 3309 ---
649 3275 835 3325 Jacobns,
857 3272 906 3313 de
926 3271 1119 3323 Cmnnok,
1141 3273 1235 3312 426.

1224 392 1465 444 INDEX
1501 390 1879 442 NOMINUM.

1593 544 1771 594 Dunbar,
1792 543 1951 593 Joneta,
1971 542 2129 583 domina
2155 542 2204 583 de
2232 543 2488 597 Frendracha
2512 548 2602 596 176,

1649 616 1744 654 287.

1594 708 1705 714 —-
1722 685 1910 737 magister
1928 685 2165 736 Alexander,
2186 686 2357 727 vicarius
2374 687 2423 727 de
2443 688 2604 738 Tarnas,

1649 758 1745 804 442,
1765 758 1861 796 444.

1594 851 1704 858 ——-
1722 828 1911 880 magister
1930 827 2133 880 Gawinus,
2169 830 2466 871 archidiaconus
2487 831 2606 871 Sanc—

1649 899 1839 946 tiandree,
1860 902 1955 941 418.

1716 971 1911 1012 Robertus
1916 971 1977 1022 de,
1990 972 2196 1024 burgensis
2206 973 2254 1013 de
2261 973 2533 1025 Abirbrothoc,
2543 976 2609 1015 36.

1597 1042 1903 1094 Dunblanensis,
1925 1043 2194 1096 cancellarius,
2214 1046 2295 1085 vide
2314 1046 2418 1086 Bois.

1726 1116 1939 1168 episcopus,
1961 1118 2056 1157 468.

1725 1187 1940 1240 episcopus,
1960 1188 2146 1240 Jacobus,
2168 1191 2263 1229 401.

1726 1259 1941 1312 episcopus,
1963 1260 2192 1310 Mauricius,
2217 1263 2281 1302 18.

1728 1330 1942 1384 episcopus,
1963 1331 2192 1385 Nicholaus,
2215 1335 2308 1385 536,
2331 1336 2423 1374 537.

1727 1402 1941 1455 episcopus,
1964 1403 2171 1455 Robertns,
2196 1407 2286 1456 144,
2311 1407 2402 1446 145.

1727 1474 1942 1526 episcopus,
1964 1475 2202 1528 Willelmus,
2222 1479 2315 1528 462,
2336 1479 2428 1518 510.

1727 1545 1915 1597 officialis,
1938 1548 2032 1587 504.

1601 1617 1802 1670 Dunbolg,
1822 1618 1929 1670 prior
1947 1619 2007 1670 de,
2027 1620 2121 1659 248.

1729 1689 1902 1730 vicarius
1920 1690 1981 1741 de,
2001 1690 2090 1731 vide
2109 1691 2286 1743 Alerdes,
2308 1693 2525 1734 Anderson.

1602 1760 1806 1812 Dunbrek,
1828 1761 2008 1802 dominus
2027 1763 2056 1803 J
2058 1763 2243 1815 ohannes,
2274 1766 2499 1815 monachus,
2521 1769 2613 1815 298,

1657 1834 1750 1884 299,
1772 1835 1865 1884 340,
1886 1836 1981 1883 423,
2001 1837 2096 1875 424.

1600 1927 1711 1934 -—
1729 1905 1912 1957 Mariota,
1932 1907 2021 1946 vide
2041 1906 2162 1959 Gray.

1599 2000 1710 2007 —
1729 1977 1938 2031 Philippus
1956 1978 2017 2030 de,
2038 1979 2219 2021 dominus
2238 1980 2423 2033 ejusdem,
2454 1983 2518 2032 50,
2551 1984 2614 2029 51,

1659 2051 1750 2090 108.

1602 2121 1889 2173 Dunbrettane,
1912 2123 2109 2164 Robertus
2128 2125 2189 2173 de,
2211 2126 2351 2166 38-40.

1602 2193 1797 2243 Duncani,
1819 2194 2010 2246 Andreas,
2030 2198 2123 2236 222.

1730 2265 1910 2306 dominus
1924 2272 1964 2306 et
1982 2267 2172 2319 magister
2184 2268 2214 2309 J
2216 2268 2400 2320 ohannes,
2416 2276 2619 2322 precentor

1658 2336 1929 2389 Glasguensis,
1950 2340 2045 2379 458.

1733 2409 1951 2461 Fergusius
1970 2410 2086 2462 filius,
2108 2413 2145 2462 2,
2168 2413 2206 2452 3.

1732 2480 1949 2531 Johannes,
2001 2481 2142 2523 Scotus
2187 2483 2336 2535 degens
2392 2485 2514 2526 Rome
2562 2486 2619 2538 (et

1658 2553 1759 2593 forte
1778 2559 1982 2606 precentor
2001 2553 2292 2609 Glasgnensis),
2312 2559 2407 2598 462.

1732 2625 1930 2674 Matheus,
1953 2626 2094 2666 Scotus
2112 2627 2260 2680 degens
2279 2629 2415 2678 Rome,
2437 2631 2531 2670 462.

1604 2696 1834 2746 Duncanus,
1856 2698 2108 2749 Dunecanns,
2130 2713 2268 2752 comes,
2290 2703 2382 2752 535,
2405 2703 2498 2742 540.

1605 2768 1763 2820 Dunde,
1793 2769 1969 2810 ballivus
1992 2770 2053 2822 de,
2083 2772 2172 2812 vide
2201 2772 2311 2824 Hall,
2342 2773 2447 2826 Hay,
2478 2775 2616 2824 Jacob,

1661 2839 1767 2880 Scot.

1732 2912 1940 2964 burgensis
1968 2914 2028 2965 de,
2058 2915 2146 2954 vide
2170 2915 2473 2969 Abbircrumby,
2495 2918 2616 2958 Alan-

1660 2996 1769 3035 soun,
1790 2983 1928 3036 Barry,
1950 2985 2055 3035 Bois,
2075 2986 2291 3038 Carineors,
2309 2988 2410 3040 Dog,
2426 2989 2616 3040 Feldefer,

1659 3053 1915 3108 Fodringam,
1948 3056 2112 3110 Gardin,
2139 3058 2274 3110 Heles,
2305 3060 2501 3112 Kynloch,
2533 3063 2616 3102 Ma-

1661 3140 1765 3178 sone,
1788 3126 1950 3180 Ogilvy,
1967 3129 2152 3183 Ramsay,
2170 3131 2325 3183 Rollok,
2350 3132 2614 3186 Scrymgeour,

1662 3198 1867 3253 Spalding,
1890 3202 2201 3255 Strathaquhyn,
2222 3204 2496 3257 Veddyrburn.

1734 3273 2047 3314 constabularius
2064 3274 2124 3325 de,
2145 3276 2228 3315 vide
2247 3276 2516 3330 Scrymgeour.
