2762 3834
417 792 515 837 422

424 2248 520 2291 423

567 388 663 431 338
1009 375 1430 429 REGISTRUM
1466 373 1564 423 DE
1601 370 2160 421 ABERBROTHOC.

566 585 870 658 Drumsseid
894 603 1136 652 affcdatur
1159 601 1328 650 David
1351 598 1611 663 Lychtone
1637 603 1685 645 et
1710 595 1927 645 Mariote
1950 595 2214 662 Lyndesay
2240 596 2407 660 sponse
2435 597 2527 643 sue.

569 820 580 830 .
623 820 634 831 .
674 821 683 830 .
728 783 899 830 Pateat
937 819 947 828 .
987 819 997 829 .
1039 819 1047 828 .
1087 796 1176 827 nos
1201 778 1370 826 Dauid
1396 778 1622 826 abbatem
1661 815 1671 824 .
1704 816 1712 824 .
1752 818 1761 827 .
1794 777 1856 825 de
1874 776 2210 825 Abirbrothoc
2246 815 2255 823 .
2293 815 2302 824 .
2346 814 2355 823 .
2389 774 2611 823 affedass'e

568 914 576 922 .
617 913 627 922 .
667 912 676 921 .
720 872 886 920 David
927 871 1186 937 Lychtone
1227 879 1276 919 et
1316 868 1532 917 Mariote
1573 867 1834 933 Lyndesay
1875 866 2045 932 sponse
2082 867 2165 915 sue
2203 906 2212 915 .
2255 904 2266 914 .
2310 905 2319 915 .
2358 866 2613 915 dimidiam

567 971 753 1028 partem
783 963 895 1010 ville
919 962 1084 1010 nostre
1109 962 1170 1010 de
1195 959 1480 1009 Drumsseid
1520 999 1529 1007 .
1568 998 1578 1009 .
1612 997 1622 1008 .
1659 960 1902 1008 iacentem
1940 958 2071 1007 infra
2103 959 2359 1007 baroniam
2396 957 2612 1006 nostram

566 1056 627 1103 de
667 1054 952 1102 Newlandis
993 1069 1083 1117 pro
1121 1060 1225 1101 toto
1267 1060 1488 1116 tempore
1527 1051 1628 1101 vite
1668 1089 1679 1100 .
1726 1089 1736 1100 .
1785 1091 1795 1100 .
1834 1051 2046 1100 termino
2084 1086 2095 1098 .
2142 1088 2153 1099 .
2191 1090 2200 1098 .
2238 1050 2469 1099 introitus
2503 1086 2513 1096 .
2549 1087 2560 1097 .
2601 1087 2610 1096 .

567 1145 832 1209 incipiente
890 1145 939 1192 in
1000 1143 1121 1193 festo
1180 1142 1531 1192 Penthecostes
1588 1145 1698 1207 post
1749 1144 1915 1192 datam
1969 1142 2276 1207 presencium
2330 1143 2613 1208 immediate

567 1239 796 1301 sequente
835 1266 845 1276 ·
887 1236 1137 1286 Soluendo
1179 1274 1188 1284 .
1232 1275 1240 1283 .
1284 1273 1294 1283 .
1338 1235 1671 1300 quadraginta
1703 1237 1785 1284 sex
1820 1235 1999 1284 solidos
2023 1243 2073 1284 et
2097 1236 2207 1284 oc'to
2243 1236 2472 1283 denarios
2510 1275 2516 1281 .
2556 1274 2564 1282 .
2604 1274 2612 1282 .

567 1338 761 1378 monete
798 1367 808 1376 .
846 1368 854 1376 .
893 1368 901 1376 .
942 1327 1115 1378 Scocie
1140 1328 1203 1376 ad
1227 1328 1350 1375 duos
1375 1326 1493 1375 anni
1517 1326 1755 1376 terminos
1790 1363 1801 1374 .
1840 1363 1871 1381 .,
1892 1364 1903 1374 .
1942 1343 2039 1374 vna
2062 1343 2173 1375 cum
2198 1334 2424 1391 rynmart
2443 1326 2617 1374 wethir

568 1430 615 1469 et
656 1421 881 1468 omnibus
922 1420 1031 1468 aliis
1071 1419 1438 1468 husbandorum
1481 1419 1751 1468 oneribus.
1807 1457 1817 1467 .
1855 1458 1863 1466 .
1904 1418 1969 1467 Et
2004 1418 2039 1466 fi
2076 1419 2332 1483 contingat
2367 1418 2615 1483 predictos

573 1551 582 1560 .
621 1547 633 1559 .
673 1549 683 1559 .
721 1512 826 1559 fore
863 1550 872 1559 .
912 1550 920 1559 .
958 1549 967 1559 .
1002 1511 1128 1559 male
1170 1510 1504 1574 persoluentes
1545 1549 1553 1558 .
1603 1548 1613 1557 .
1652 1550 1660 1559 .
1706 1510 1783 1558 vel
1823 1510 2084 1558 iniuriosos
2125 1549 2134 1558 .
2178 1550 2186 1558 .
2227 1549 2236 1557 .
2277 1510 2445 1558 licebit
2476 1511 2616 1559 nobis

684 1642 694 1652 .
744 1604 805 1651 de
853 1642 862 1650 .
910 1640 920 1651 .
970 1641 979 1650 .
1028 1602 1235 1650 dimidia
1269 1609 1411 1665 parte
1450 1600 1566 1650 ville
1607 1602 1772 1651 nostre
1821 1642 1830 1650 .
1878 1642 1887 1651 .
1937 1641 1947 1650 .
1993 1603 2054 1651 ad
2104 1641 2113 1651 .
2158 1641 2166 1650 .
2210 1641 2219 1650 .
2267 1602 2459 1651 libitum
2498 1640 2508 1649 .
2552 1641 2560 1650 .
2605 1641 2613 1649 .

570 1696 826 1760 disponere
869 1734 878 1743 .
921 1734 930 1743 .
975 1734 984 1743 .
1026 1694 1179 1759 Apud
1223 1734 1231 1742 .
1270 1733 1279 1743 .
1317 1733 1327 1742 .
1371 1693 1642 1758 capitulum
1679 1694 1895 1743 secundo
1935 1695 2017 1743 die
2055 1693 2232 1743 mensis
2270 1693 2451 1743 Marcii
2486 1712 2615 1742 anno

568 1787 774 1837 Domini
798 1786 1050 1836 millesimo
1075 1786 1465 1852 quingentesimo
1488 1786 1663 1851 primo.

571 2041 817 2126 Grangia
840 2061 900 2109 de
928 2059 1167 2111 Connane
1193 2078 1284 2125 pro
1308 2069 1486 2125 quarta
1509 2068 1651 2126 parte
1676 2059 1920 2110 affedatur
1945 2060 2166 2109 Roberto
2190 2058 2224 2108 J
2228 2059 2482 2107 offrasone.

575 2278 585 2288 .
627 2279 635 2287 .
679 2278 688 2287 .
730 2239 905 2288 Pateat
941 2278 950 2287 .
985 2278 994 2286 .
1028 2278 1036 2286 .
1073 2255 1164 2286 nos
1190 2238 1359 2287 Dauid
1383 2238 1610 2286 abbatem
1642 2276 1651 2285 .
1685 2276 1694 2285 .
1732 2276 1740 2285 .
1777 2237 1839 2285 de
1859 2236 2196 2289 Abirbrothoc
2236 2273 2246 2283 .
2289 2273 2300 2283 .
2343 2273 2353 2283 .
2393 2234 2617 2284 affedaffe

575 2370 584 2379 .
632 2368 642 2378 .
687 2371 695 2378 .
738 2331 956 2380 Roberto
994 2330 1029 2379 J
1032 2330 1255 2379 ofrasone
1295 2338 1344 2379 et
1383 2330 1416 2379 J
1422 2338 1567 2379 onete
1609 2329 1869 2395 Lychtone
1910 2329 2080 2394 sponse
2126 2330 2209 2377 sue
2245 2369 2254 2377 .
2294 2366 2305 2376 .
2344 2367 2353 2376 .
2391 2337 2616 2392 quartam

570 2431 758 2486 partem
796 2422 912 2471 ville
946 2422 1110 2470 nostre
1149 2422 1373 2487 Grangie
1409 2423 1471 2471 de
1511 2421 1752 2472 Connane
1788 2439 1899 2471 cum
1935 2422 2140 2470 decimis
2163 2420 2446 2487 garbalibus
2489 2457 2499 2467 .
2547 2457 2557 2467 .
2604 2456 2615 2466 .

571 2532 663 2578 pro
687 2523 789 2564 toto
814 2524 1035 2579 tempore
1061 2533 1229 2564 eorum
1258 2516 1358 2564 vite
1394 2553 1406 2564 .
1444 2553 1454 2564 .
1491 2553 1501 2563 .
1535 2513 1749 2564 termino
1788 2550 1798 2560 .
1838 2550 1849 2560 .
1888 2549 1898 2560 .
1935 2511 2168 2560 introitus
2201 2549 2211 2559 .
2250 2548 2262 2559 .
2302 2548 2314 2560 .
2348 2511 2617 2575 incipiente

574 2606 625 2654 in
644 2606 765 2654 festo
780 2606 1129 2655 Penthecostes
1147 2607 1255 2671 post
1275 2608 1439 2656 datam
1453 2605 1761 2672 presencium
1777 2604 2060 2653 immediate
2079 2603 2310 2666 sequente
2336 2628 2345 2638 ·
2367 2601 2618 2651 Soluendo

577 2734 588 2744 .
628 2734 638 2744 .
679 2734 689 2744 .
728 2698 1057 2762 quadraginta
1080 2698 1257 2746 solidos
1294 2735 1305 2746 .
1345 2736 1357 2746 .
1397 2735 1409 2746 .
1445 2707 1642 2747 monete
1678 2738 1687 2747 .
1726 2738 1735 2746 .
1774 2736 1785 2746 .
1824 2696 1997 2746 Scocie
2017 2697 2081 2745 ad
2099 2697 2221 2745 duos
2240 2695 2357 2744 anni
2382 2695 2618 2743 terminos

627 2825 637 2835 .
678 2827 687 2835 .
725 2796 774 2835 et
820 2788 1061 2836 sexdecim
1107 2789 1263 2837 bollas
1310 2790 1436 2838 ordii
1485 2789 1809 2839 nouendecim
1855 2788 2010 2838 bollas
2052 2788 2211 2836 farine
2250 2786 2522 2835 communis
2569 2795 2618 2834 et

579 2896 722 2927 vnam
765 2879 946 2927 hollam
982 2879 1091 2928 albe
1126 2880 1285 2929 farine
1320 2882 1544 2930 mensure
1579 2882 1675 2930 fori
1717 2881 1962 2929 currentis
1996 2880 2059 2928 ad
2095 2879 2331 2927 terminos
2366 2878 2619 2926 consuetos

579 2971 807 3019 victualia
830 2970 1048 3019 soluendi
1076 2988 1284 3019 vnacum
1310 2982 1535 3036 rynmart
1559 2972 1733 3021 wethir
1767 2979 1817 3020 et
1851 2971 2076 3020 omnibus
2110 2970 2221 3018 aliis
2254 2968 2617 3018 husbandorum

581 3062 810 3110 oneribus
845 3099 855 3109 .
892 3099 903 3109 .
941 3101 950 3110 .
988 3061 1054 3109 Et
1079 3060 1113 3108 fi
1139 3063 1394 3127 contingat
1417 3064 1663 3126 predi&os
1704 3101 1714 3111 .
1758 3101 1768 3111 .
1811 3100 1823 3111 .
1861 3063 1989 3111 male
2013 3061 2347 3126 pei-soluentes
2370 3060 2476 3108 fore
2512 3099 2520 3107 .
2558 3099 2568 3107 .
2606 3098 2615 3107 .

582 3153 658 3201 vel
693 3152 952 3201 inim-iosos
995 3190 1005 3200 .
1049 3190 1060 3200 .
1099 3190 1111 3200 .
1152 3153 1321 3201 licebit
1356 3154 1495 3202 nobis
1540 3191 1551 3201 .
1596 3192 1606 3202 .
1654 3191 1664 3202 .
1709 3155 1770 3202 de
1808 3191 1819 3202 .
1858 3191 1869 3202 .
1909 3193 1917 3202 .
1955 3161 2133 3217 quarta
2171 3161 2312 3217 parte
2351 3151 2465 3199 ville
2507 3167 2616 3199 cum
