2762 3834
43 2318 130 2372 307

647 366 1072 417 REGISTRUM
1106 368 1201 418 DE
1238 368 1794 420 ABERBROTHOC.
1951 390 1954 393 ’
2143 378 2233 422 251

240 532 251 542 .
281 534 290 543 .
329 496 569 544 consuetis
593 524 605 535 ·
631 498 841 546 termino
867 517 984 547 vero
1009 501 1240 550 introitus
1265 541 1274 550 .
1300 541 1308 550 .
1337 541 1345 551 .
1372 502 1640 566 incipiente
1665 502 1717 550 in
1742 502 1863 551 festo
1888 502 2236 554 Penthecostes

197 587 362 635 datam
386 586 694 650 presencium
726 589 1007 639 immediate
1042 591 1274 654 sequente
1313 629 1324 640 .
1364 629 1374 640 .
1410 630 1420 640 .
1458 592 1644 642 Datum
1683 631 1694 644 .
1734 632 1744 642 .
1788 631 1799 642 .
1839 594 2030 643 decimo
2067 596 2237 659 quinto

196 678 274 726 die
297 678 474 726 menfis
498 677 791 727 Decembris
816 697 946 728 anno
971 680 1177 731 Domini
1206 683 1349 733 1486.

192 927 477 999 Assedacio
503 954 677 1011 quarte
702 948 857 1012 partis
884 949 998 997 ville
1025 951 1085 999 de
1113 951 1362 1019 Craquhy.

25 1098 134 1185 ,306
192 1107 320 1180 Nos
351 1130 523 1179 Dauid
552 1132 701 1180 abbas
745 1167 756 1179 .
802 1169 813 1180 .
861 1171 871 1181 .
912 1133 974 1180 de
999 1132 1337 1184 Abirbrothoc
1380 1173 1391 1184 .
1436 1173 1447 1184 .
1489 1174 1500 1184 .
1543 1137 1810 1188 affedamus
1849 1180 1859 1189 .
1903 1178 1914 1189 .
1960 1178 1971 1189 .
2013 1142 2234 1190 Johanni

192 1223 500 1272 Robertsoun
526 1231 575 1272 et
598 1222 825 1272 VValtero
852 1223 956 1272 eius
991 1224 1094 1272 filio
1134 1263 1144 1273 .
1185 1263 1197 1274 .
1240 1264 1252 1275 .
1295 1235 1520 1290 quartam
1555 1238 1744 1293 partem
1781 1231 1842 1279 de
1877 1232 1924 1286 le
1963 1232 2160 1298 Crachy
2186 1242 2234 1281 et

189 1313 235 1362 le
275 1313 521 1379 Furdhyll
563 1331 675 1362 cum
711 1315 879 1379 garbis
922 1316 1243 1365 decimalibus
1279 1320 1545 1368 earundem
1583 1338 1702 1384 quas
1736 1339 1868 1371 nunc
1900 1332 2108 1388 occupat
2142 1342 2233 1389 pro

189 1412 291 1455 toto
338 1413 559 1470 tempore
608 1406 707 1455 vite
755 1407 998 1455 dictorum
1040 1445 1050 1456 .
1094 1445 1105 1455 .
1147 1446 1158 1456 .
1202 1407 1451 1458 Soluendo
1493 1449 1504 1459 .
1549 1449 1560 1460 .
1601 1448 1613 1460 .
1655 1415 2028 1477 quatuordecim
2075 1416 2231 1465 bollas

187 1497 315 1545 ordii
347 1504 397 1545 et
430 1497 619 1562 vigenti
655 1498 811 1546 bollas
850 1499 1037 1547 farrine
1073 1501 1297 1549 mensure
1336 1501 1432 1549 fori
1469 1504 1711 1551 currentis
1743 1504 1823 1552 sex
1856 1506 2015 1569 pullos
2052 1514 2101 1555 et
2131 1515 2233 1556 tres

187 1606 399 1654 capones
425 1607 535 1638 cum
560 1590 606 1638 le
630 1597 858 1655 rynmart
883 1598 933 1639 et
958 1591 1133 1639 veddir
1159 1609 1270 1640 cum
1314 1630 1326 1641 .
1374 1631 1384 1641 .
1428 1631 1438 1642 .
1482 1594 1591 1641 aliis
1617 1595 1846 1644 oneribus
1868 1596 2230 1646 husbandorum

240 1718 250 1729 .
298 1719 308 1729 .
349 1681 561 1730 termino
588 1699 705 1731 vero
730 1682 963 1731 introitus
1008 1720 1019 1730 .
1066 1720 1078 1731 .
1123 1722 1132 1731 .
1174 1683 1444 1749 incipiente
1468 1676 1666 1734 infesto
1691 1686 2038 1737 Penthecostes
2067 1690 2230 1739 datam

184 1771 490 1837 presencium
514 1773 797 1822 immediate
821 1775 1123 1838 precedente
1158 1813 1169 1823 .
1197 1812 1209 1824 .
1238 1812 1249 1823 .
1275 1776 1427 1840 Apud
1453 1814 1464 1824 .
1492 1814 1502 1825 .
1531 1814 1542 1825 .
1571 1778 1841 1842 capitulum
1865 1779 2230 1844 decimoquinto

184 1865 263 1913 die
286 1864 461 1914 mensis
484 1864 780 1915 Decembris
806 1883 936 1914 anno
961 1865 1170 1915 Domini
1198 1867 1338 1916 1486.

186 2118 468 2191 Affedacio
493 2140 684 2189 dimidii
708 2140 981 2188 molendini
1007 2140 1068 2188 de
1097 2139 1348 2205 Craquhy.

187 2299 465 2378 *Uniuerfis>
485 2330 651 2387 pateat
689 2361 699 2371 .
740 2360 751 2371 .
790 2361 801 2371 .
841 2340 932 2371 nos
967 2322 1139 2370 Dauid
1179 2359 1190 2370 .
1233 2359 1244 2370 .
1286 2359 1298 2370 .
1341 2322 1565 2370 abbatem
1611 2360 1621 2370 .
1667 2360 1678 2370 .
1723 2360 1733 2371 .
1778 2325 1839 2371 de
1862 2324 2228 2372 Abbirbrothoc

313 2452 323 2462 .
373 2432 464 2479 pro
518 2423 654 2463 certa
704 2415 890 2463 summa
940 2413 1180 2478 peccunie
1237 2414 1377 2462 nobis
1434 2431 1525 2478 pro
1583 2415 1932 2479 redempcione
1984 2416 2227 2463 bullarum

186 2504 459 2554 nostrarum
512 2513 733 2570 tempore
782 2505 1103 2555 confectionis
1149 2505 1458 2569 presencium
1505 2514 1759 2570 gratanter
1806 2506 1961 2555 soluta
2007 2507 2229 2555 assedafl'e

189 2633 200 2644 .
239 2634 249 2645 .
288 2634 299 2646 .
332 2598 619 2646 Alexandro
648 2597 929 2663 Orkynnay
962 2627 972 2637 -
1010 2596 1229 2646 Johanni
1256 2597 1360 2645 eius
1384 2597 1485 2645 filio
1521 2624 1531 2634 ·
1568 2605 1616 2646 et
1640 2597 1912 2646 Elezabeth
1934 2598 2037 2646 eius
2062 2599 2229 2663 sponse

189 2725 202 2736 .
240 2725 251 2736 .
290 2726 301 2737 .
333 2707 423 2754 pro
465 2697 570 2739 toto
615 2697 836 2755 tempore
875 2691 976 2739 vite
1020 2727 1031 2738 .
1074 2727 1087 2739 .
1129 2727 1141 2738 .
1184 2689 1372 2752 suisque
1415 2689 1780 2738 coadiutoribus
1825 2726 1836 2736 .
1872 2726 1883 2737 .
1923 2726 1933 2737 .
1978 2689 2229 2738 dimidiam

186 2788 373 2844 partem
409 2782 679 2830 molendini
715 2782 868 2830 nostri
906 2783 967 2830 de
1007 2781 1204 2845 Crachy
1231 2785 1453 2829 octauam
1489 2789 1681 2844 partem
1721 2791 1769 2830 et
1805 2780 2227 2829 decimamsextam

246 2908 258 2920 .
299 2909 310 2921 .
355 2873 471 2922 ville
512 2881 757 2922 terrarum
801 2873 1016 2921 eiusdem
1058 2880 1107 2921 et
1153 2872 1200 2920 le
1247 2870 1492 2936 Furdhyll
1542 2889 1652 2920 cum
1699 2872 1902 2920 decimis
1948 2871 2228 2935 garbalibus

246 3000 257 3011 .
301 2999 314 3012 .
349 2971 595 3013 terrarum
626 2964 983 3013 antedictarum
1010 2981 1068 3012 ac
1094 2963 1250 3011 eciam
1286 2963 1490 3011 decimis
1527 2963 1672 3011 crofti
1709 2963 1920 3012 eiusdem
1957 2962 2228 3011 molendini

191 3090 203 3100 .
244 3090 255 3101 .
299 3091 310 3102 .
350 3055 526 3120 quibus
549 3056 733 3119 gaudet
761 3056 918 3103 dictus
942 3054 1230 3104 Alexander
1254 3083 1265 3093 ·
1292 3055 1504 3104 termino
1528 3056 1761 3105 introitus
1804 3093 1815 3105 .
1856 3093 1866 3104 .
1906 3093 1916 3104 .
1958 3055 2224 3118 incipiente

189 3142 239 3191 in
262 3144 383 3194 festo
406 3146 755 3221 Penthecostes
780 3147 944 3195 datam
969 3146 1275 3211 presencium
1299 3146 1582 3194 immediate
1616 3147 1914 3210 precedente
1939 3174 1949 3184 ·
1977 3145 2223 3195 Soluendo
