2762 3834
574 360 994 410 REGISTRUM
1031 362 1128 410 DE
1164 362 1722 417 ABERBROTHOC.
1938 369 1940 371 ’
2075 379 2171 422 385

126 494 272 542 habet
296 496 345 540 in
373 493 666 542 affedatione
708 533 717 542 .
759 533 767 541 .
811 531 822 542 .
864 494 930 542 Et
966 493 1031 542 fic
1066 496 1305 559 gaudebit
1339 496 1430 546 ista
1454 499 1589 548 sexta
1613 509 1753 565 parte
1783 502 2020 550 soluendo
2162 546 2169 553 .

128 585 367 634 monacho
411 586 659 633 communi
703 625 712 633 .
750 626 759 634 .
799 625 807 633 .
851 594 1064 649 quatuor
1106 605 1297 636 marcas
1338 629 1346 636 .
1387 629 1395 637 .
1438 629 1446 637 .
1483 600 1679 641 monete
1731 591 1905 642 Scocie
1953 595 2015 643 ad
2059 635 2066 643 .
2111 636 2119 644 .
2164 637 2172 644 .

129 678 249 726 festa
284 717 292 726 .
327 717 336 726 .
371 717 380 726 .
415 677 766 726 Penthecostes
792 685 840 726 et
868 676 1032 726 sanai
1058 678 1266 728 Martini
1304 720 1312 729 .
1341 720 1349 729 .
1380 721 1388 730 .
1425 699 1534 730 cum
1561 684 1787 733 omnibus
1810 685 2171 735 husbandorum

133 769 362 818 oneribus
399 808 407 817 .
447 809 455 817 .
493 808 501 817 .
546 767 773 834 Sigillum
813 807 823 817 .
864 809 873 817 .
913 809 929 825 .,
970 770 1174 833 capituli
1216 811 1224 819 .
1263 812 1272 820 .
1311 812 1319 821 .
1356 775 1662 838 presentibus
1699 777 1769 826 est
1803 779 2070 842 appensum
2095 787 2176 828 xx⁰

134 861 212 909 die
236 860 412 908 menfis
437 860 472 908 J
476 860 578 908 unii
606 877 736 908 anno
762 860 971 908 Domini
995 868 1063 908 m⁰
1087 863 1475 928 quingentesimo
1500 884 1645 915 nono,

131 1130 320 1202 Peblis
347 1149 589 1198 affedatur
615 1148 840 1197 Henrico
869 1147 1129 1212 Hepburn.

19 1336 84 1382 ‚84
137 1375 145 1383 .
195 1374 203 1382 .
254 1373 262 1381 .
311 1332 487 1381 Pateat
532 1370 541 1379 .
586 1369 595 1379 .
639 1368 649 1379 .
690 1348 780 1379 nos
822 1330 1098 1394 Georgium
1141 1368 1150 1377 .
1189 1368 1199 1377 .
1243 1369 1251 1376 .
1293 1333 1517 1382 abbatem
1556 1374 1563 1382 .
1604 1375 1611 1382 .
1651 1375 1658 1383 .
1696 1337 1756 1384 de
1795 1338 2015 1388 Arbroth
2055 1379 2066 1388 .
2110 1379 2120 1389 .
2167 1379 2177 1390 .

138 1426 359 1475 afl'edafl‘e
401 1463 411 1472 .
455 1463 465 1473 .
510 1463 520 1473 .
563 1424 790 1473 Henrico
817 1423 1065 1488 Hepburn
1102 1430 1151 1471 et
1187 1423 1291 1471 eius
1320 1425 1690 1476 subtenentibus
1715 1446 1804 1492 pro
1829 1437 1933 1479 toto
1959 1439 2178 1496 tempore

138 1519 236 1567 vite
295 1518 510 1566 eiusdem
563 1554 573 1564 .
626 1554 636 1564 .
688 1554 699 1564 .
749 1523 905 1564 terras
948 1515 1064 1563 ville
1111 1515 1275 1563 nostre
1317 1516 1377 1564 de
1425 1517 1590 1565 Peblis
1639 1556 1649 1567 .
1702 1557 1711 1566 .
1765 1558 1775 1568 .
1826 1538 1935 1569 cum
1978 1524 2180 1572 decimis

137 1610 419 1676 garbalibus
465 1648 475 1658 .
523 1648 532 1657 .
574 1648 584 1658 .
629 1609 840 1658 termino
878 1625 997 1656 vero
1045 1607 1276 1656 introitus
1317 1646 1327 1656 .
1374 1646 1385 1656 .
1433 1647 1443 1657 .
1483 1610 1753 1674 incipiente
1795 1613 1875 1661 die
1918 1615 2030 1663 date
2071 1633 2179 1680 pre-

138 1704 352 1752 sencium
389 1730 398 1739 ·
435 1702 709 1750 Reddendo
744 1741 750 1749 .
786 1739 796 1749 .
830 1739 840 1748 .
877 1718 969 1765 pro
993 1700 1136 1748 firma
1160 1707 1210 1748 et
1233 1701 1468 1749 decimis.
1501 1741 1509 1750 .
1544 1740 1551 1748 .
1588 1703 1849 1753 duodecim
1874 1706 2029 1754 bollas
2054 1708 2182 1756 ordii

138 1796 360 1845 mensure
407 1795 502 1842 fori
552 1793 798 1842 currentis
845 1801 894 1842 et
936 1793 1142 1857 triginta
1188 1792 1343 1841 bollas
1386 1793 1545 1842 farine
1589 1795 1802 1844 eiusdem
1851 1799 2073 1847 mensure
2120 1801 2183 1848 ad

139 1888 375 1937 terminos
402 1886 659 1936 consuetos
696 1904 808 1935 cum
846 1885 1072 1934 omnibus
1107 1883 1471 1933 husbandorum
1505 1886 1736 1935 oneribus
1761 1895 1809 1936 et
1834 1888 1943 1936 aliis
1966 1890 2182 1939 seruiciis

22 1919 27 2055 1
193 2018 200 2026 .
237 2017 245 2025 .
285 1997 394 2028 cum
420 1987 647 2044 rynmart
678 1986 726 2026 et
753 1978 902 2026 wedir
939 2004 949 2013 ·
986 1976 1051 2026 Et
1075 1976 1110 2024 fi
1153 2015 1163 2025 .
1205 2015 1215 2024 .
1257 2015 1266 2024 .
1304 1977 1488 2026 fuerint
1530 2016 1540 2025 .
1584 2016 1591 2024 .
1636 2016 1646 2026 .
1690 1979 1817 2028 male
1852 1982 2183 2044 persoluentes

24 2057 28 2147 ἱ
139 2072 218 2120 seu
250 2110 258 2118 .
300 2111 309 2118 .
355 2111 363 2118 .
396 2070 616 2119 iniuriofi
651 2108 661 2118 .
702 2110 709 2117 .
749 2109 757 2117 .
793 2070 961 2119 licebit
981 2069 1123 2118 nobis
1160 2110 1168 2118 .
1213 2109 1222 2118 .
1261 2110 1269 2118 .
1303 2070 1364 2118 de
1401 2110 1411 2119 .
1452 2110 1460 2118 .
1505 2110 1513 2119 .
1553 2070 1671 2119 villa
1696 2088 1806 2119 cum
1831 2072 2032 2121 decimis
2068 2114 2076 2122 .
2120 2114 2128 2123 .
2173 2115 2181 2123 .

26 2164 28 2198 ἕ
141 2163 395 2227 disponere
436 2200 447 2210 .
486 2199 498 2210 .
542 2202 551 2211 .
611 2161 839 2227 Sigillum
880 2201 888 2210 .
931 2199 941 2209 .
995 2198 1006 2209 .
1052 2161 1258 2226 capituli
1299 2199 1310 2209 .
1354 2200 1364 2210 .
1407 2199 1417 2210 .
1460 2161 1766 2226 presentibus
1809 2163 1879 2211 est
1919 2166 2183 2228 appensum

26 2203 31 2291 i
141 2255 364 2303 vicesimo
388 2254 423 2303 J
427 2255 529 2303 unii
557 2272 688 2303 anno
713 2254 920 2302 Domini
945 2260 1013 2301 m⁰
1038 2260 1084 2303 v⁶
1109 2271 1252 2302 nono.

146 2505 460 2593 W'ardmyll
485 2526 726 2577 affedatur
751 2527 786 2576 J
789 2527 973 2575 ohanni
999 2527 1194 2575 Brown.

44 2703 100 2747 85
151 2746 162 2756 .
212 2746 222 2756 .
272 2748 282 2758 .
330 2711 506 2760 Pateat
549 2749 560 2758 .
604 2747 617 2759 .
664 2748 675 2759 .
722 2728 812 2759 nos
851 2710 1124 2775 Georgium
1174 2748 1184 2758 .
1234 2747 1244 2757 .
1294 2744 1304 2754 .
1352 2710 1577 2758 abbatem
1625 2746 1634 2756 .
1678 2746 1688 2756 .
1733 2744 1742 2755 .
1786 2708 1846 2756 de
1878 2707 2184 2758 Abbirbroth

272 2839 282 2850 .
331 2802 554 2851 affedafl'e
606 2840 616 2850 .
662 2839 673 2850 .
721 2841 731 2850 .
779 2802 1002 2850 Johanni
1027 2802 1226 2850 Brovne
1264 2801 1395 2866 olym
1420 2801 1471 2848 in
1499 2799 1710 2850 Latham
1737 2806 1786 2848 et
1809 2799 1991 2849 Jonete
2020 2800 2184 2864 sponse

147 2891 227 2941 sue
260 2894 493 2942 moderne
536 2934 546 2944 .
592 2931 602 2942 .
649 2931 660 2942 .
703 2894 1043 2942 molendinum
1077 2893 1296 2941 nostrum
1334 2893 1395 2942 de
1430 2893 1476 2940 le
1509 2891 1666 2940 Ward
1700 2909 1792 2956 pro
1827 2899 1930 2940 toto
1967 2900 2185 2955 tempore

151 2982 247 3031 vite
271 3001 438 3032 eorum
476 2985 668 3034 diucius
693 2985 908 3034 viuentis
945 3001 1056 3033 cum
1093 2984 1319 3032 omnibus
1354 2984 1449 3032 suis
1484 2983 1622 3031 iustis
1656 2983 1976 3047 pertinenciis
2012 2983 2186 3046 quibus

152 3075 395 3136 quondam
418 3076 676 3125 Johannes
711 3075 841 3141 Myll
872 3082 1094 3138 tempore
1131 3076 1214 3124 suo
1252 3076 1499 3140 gaudebat
1539 3102 1549 3113 ·
1594 3074 1692 3124 Sed
1728 3082 1776 3123 et
1810 3091 1942 3122 nunc
1977 3090 2066 3138 pro
2102 3074 2184 3121 suo

150 3164 275 3213 bono
309 3166 516 3217 seruicio
559 3207 568 3216 .
609 3207 619 3218 .
665 3204 675 3215 .
724 3166 1038 3216 concedimus
1076 3166 1236 3214 eidem
1260 3166 1481 3215 Johanni
1507 3183 1564 3214 ac
1589 3165 1693 3214 eius
1717 3165 1885 3229 sponse
1926 3201 1936 3211 .
1976 3203 1985 3212 .
2027 3202 2037 3213 .
2079 3165 2183 3211 nos-

1103 3261 1133 3304 3
1168 3273 1195 3304 c
