2762 3834
29 3077 103 3123 γ151

622 360 713 409 RE
723 359 1054 411 GISTRUM
1090 361 1185 411 DE
1223 364 1775 419 ABERBROTHOC.
2108 378 2201 430 287

166 492 294 541 nach
323 530 331 539 .
370 529 380 539 .
415 527 426 539 .
461 498 655 539 tantum
692 530 702 540 .
741 529 750 539 .
788 531 798 539 .
836 492 982 540 saluis
1017 532 1024 541 .
1064 532 1072 542 .
1110 533 1119 542 .
1156 495 1321 545 abbati
1358 536 1367 546 .
1399 537 1408 546 .
1444 537 1452 546 .
1491 500 1652 548 vardis
1675 500 1872 550 releuiis
1895 502 2133 568 homagiis
2158 515 2204 554 et

166 583 274 633 aliis
310 582 530 645 seruiciis
566 621 574 629 .
606 620 614 628 .
650 619 659 628 .
698 582 875 630 debitis
911 622 919 630 .
956 621 964 630 .
1000 622 1009 631 .
1046 592 1095 633 et
1131 588 1262 649 quod
1299 590 1425 639 dicte
1461 598 1593 640 terre
1632 609 1742 640 cum
1778 595 1884 641 iure
1919 602 2205 660 patronatus

287 675 397 722 sunt
437 673 490 721 in
532 672 759 721 manibus
793 709 804 721 .
840 710 851 720 .
886 709 897 721 .
941 674 1131 728 abbatis
1174 713 1186 725 .
1226 716 1236 726 .
1278 716 1289 727 .
1330 697 1419 744 per
1456 683 1672 746 spacium
1714 687 1821 733 οᾶο
1857 685 2089 735 menfium
2128 688 2205 736 vel

168 766 364 815 eocirca
399 783 488 830 per
527 764 768 814 deceffum
812 765 930 814 dieti
969 769 1216 830 quondam
1250 770 1523 822 Alexandri
1561 774 1755 840 Irwyne
1789 775 1842 824 in
1878 777 2070 826 defectu
2102 780 2205 827 veri

167 858 365 906 heredis
388 858 464 906 ius
483 857 620 905 suum
645 856 847 905 minime
872 858 1209 923 prosequentis
1231 889 1241 900 ·
1268 861 1328 910 In
1353 881 1559 927 quorum
1583 866 1729 914 fidem
1764 904 1775 915 .
1814 904 1825 916 .
1865 905 1876 916 .
1910 868 2065 934 sigilla
2089 887 2204 934 quo·

167 950 379 999 rundam
404 949 489 1014 qui
525 949 654 998 dicte
690 947 1005 1013 inquificioni
1036 949 1309 1002 intererant
1345 971 1441 1003 vna
1476 973 1587 1004 cum
1622 957 1775 1021 figillo
1810 958 1926 1006 dieti
1962 959 2204 1009 Johannis

172 1040 369 1106 Ogilwy
393 1040 565 1089 balliui
606 1077 617 1089 .
663 1077 673 1088 .
719 1078 730 1088 .
772 1041 882 1088 sunt
908 1041 1137 1105 appensa.

169 1296 384 1382 Regale
409 1344 419 1353 ·
445 1326 583 1365 carta
606 1314 819 1365 Walteri
847 1313 1045 1380 Ogilvvy
1065 1316 1126 1364 de
1153 1315 1338 1366 Bovne.

171 1482 434 1556 Omnibus
476 1542 485 1553 .
529 1541 540 1552 .
582 1541 592 1551 .
635 1502 807 1552 Dauid
847 1539 857 1550 .
899 1540 909 1550 .
952 1540 962 1550 .
1003 1502 1153 1550 abbas
1203 1540 1214 1551 .
1266 1540 1276 1550 .
1323 1541 1334 1551 .
1369 1504 1429 1552 de
1472 1504 1806 1554 Abirbrothoc
1846 1507 2047 1557 salutem
2090 1546 2101 1557 .
2141 1547 2151 1557 .
2193 1548 2203 1558 .

169 1596 426 1646 Noueritis
444 1614 535 1645 nos
558 1634 583 1668 ‚·
623 1634 634 1644 .
675 1634 685 1644 .
721 1594 996 1645 conceffiss'e
1031 1632 1042 1642 .
1086 1632 1096 1642 .
1137 1632 1147 1643 .
1182 1594 1391 1643 Valtero
1415 1595 1611 1662 Ogilwy
1630 1597 1690 1646 de
1707 1597 1877 1647 Bovne
1910 1636 1920 1647 .
1960 1637 1970 1647 .
2006 1638 2017 1649 .
2050 1608 2206 1650 terras

167 1689 227 1738 de
252 1689 299 1737 le
318 1688 506 1754 Regale
545 1726 555 1736 .
596 1726 606 1737 .
643 1726 654 1737 .
688 1688 822 1736 infra
837 1687 1238 1737 vicecomitatum
1253 1688 1313 1735 de
1331 1687 1464 1735 Banf
1490 1717 1499 1727 ·
1532 1684 1827 1753 quequidem
1864 1728 1876 1738 .
1916 1727 1927 1738 .
1965 1727 1977 1739 .
2010 1691 2208 1741 fuerunt

165 1779 200 1828 J
203 1789 346 1830 onete
372 1781 432 1829 de
457 1779 671 1829 Dunbar
695 1780 893 1829 domine
919 1780 980 1828 de
1004 1778 1319 1827 Frandracht
1341 1778 1640 1828 hereditarie
1677 1789 1725 1830 et
1749 1781 2061 1846 quasquidem
2100 1823 2109 1831 .
2146 1821 2155 1831 .
2196 1822 2206 1831 .

161 1873 214 1921 in
237 1891 410 1922 manus
434 1873 625 1922 nostras
654 1873 787 1938 apud
808 1872 1159 1921 monasterium
1176 1872 1236 1919 de
1263 1870 1599 1921 Abirbrothoc
1623 1890 1712 1937 per
1737 1874 1844 1922 suos
1861 1884 2205 1938 procuratores

215 2004 226 2015 .
265 2007 274 2016 .
313 1984 476 2015 coram
519 1966 801 2030 subscriptis
843 1965 1047 2014 testibus
1086 2002 1097 2013 .
1137 2002 1147 2012 .
1189 2001 1199 2011 .
1236 1963 1501 2026 refignauit
1539 2001 1550 2011 .
1595 2000 1606 2011 .
1646 2001 1657 2012 .
1702 1963 1965 2014 Tenendas
2003 2004 2013 2014 .
2052 2003 2064 2014 .
2103 2003 2113 2013 .
2155 1967 2207 2013 in

162 2060 306 2108 feodo
343 2067 392 2107 et
428 2058 706 2107 hereditate
743 2058 1110 2123 imperpetuum
1155 2093 1165 2103 .
1207 2092 1218 2103 .
1259 2092 1269 2102 .
1309 2055 1584 2104 Reddendo
1620 2091 1632 2103 .
1670 2093 1681 2104 .
1722 2094 1732 2104 .
1776 2057 2102 2121 quadraginta
2125 2058 2204 2105 de-

163 2152 328 2199 narios
359 2188 370 2199 .
404 2190 413 2199 .
446 2188 457 2199 .
492 2157 690 2199 monete
731 2189 740 2198 .
781 2188 791 2198 .
827 2188 837 2197 .
879 2147 1053 2198 Scocie
1078 2148 1141 2196 ad
1165 2133 1340 2195 festum
1365 2145 1680 2195 Pentecostes
1703 2148 1900 2196 nomine
1924 2149 2205 2197 feodefirme

160 2245 303 2308 super
328 2243 482 2292 solum
507 2243 746 2291 dictarum
772 2250 1017 2290 terrarum
1059 2278 1069 2289 .
1106 2277 1116 2288 .
1157 2278 1167 2288 .
1205 2238 1266 2286 In
1303 2238 1440 2287 cuius
1465 2238 1537 2286 rei
1562 2238 1887 2287 testimonium
1921 2276 1932 2287 .
1974 2276 1984 2285 .
2021 2276 2031 2287 .
2071 2246 2202 2287 carte

160 2336 324 2384 nostre
366 2335 576 2401 figillum
620 2334 827 2400 capituli
866 2371 876 2382 .
918 2372 929 2382 .
965 2371 976 2382 .
1017 2332 1086 2381 est
1127 2330 1393 2396 appensum
1436 2346 1601 2378 coram
1638 2367 1650 2378 .
1686 2369 1694 2378 .
1734 2367 1744 2378 .
1782 2330 2067 2378 Alexandro
2105 2347 2200 2378 ma-

159 2427 310 2492 gistro
336 2427 694 2491 Buchquhanie
719 2452 730 2464 ·
755 2426 965 2476 Valtero
1001 2425 1262 2490 Lychtone
1287 2422 1347 2470 de
1373 2420 1659 2486 Wlssiawyn
1694 2447 1704 2457 ·
1738 2420 1930 2470 Olifero
1957 2420 2152 2487 Ogilwy
2189 2450 2198 2460 ·

157 2519 192 2568 J
196 2519 390 2569 ohanne
430 2518 640 2568 Stewart
665 2547 676 2558 ·
702 2519 910 2567 Andrea
945 2516 1092 2583 Roffy
1119 2545 1129 2555 ·
1156 2516 1374 2564 Roberto
1410 2513 1624 2561 Moncur
1649 2542 1660 2552 ·
1688 2499 1905 2562 Roberto
1947 2513 2163 2578 Berklay
2189 2542 2197 2551 -

159 2617 208 2659 et
231 2610 448 2660 Patricio
473 2609 677 2675 Videny
720 2640 730 2650 ·
772 2627 885 2658 cum
910 2608 1114 2657 diuerfis
1138 2607 1247 2656 aliis
1282 2605 1414 2671 apud.
1437 2603 1771 2653 Abirbrothoc
1807 2604 1997 2653 decimo
2028 2607 2198 2653 octauo

158 2701 236 2750 die
261 2702 436 2751 menfis
458 2701 721 2751 Februarii
746 2701 799 2749 in
818 2717 949 2749 anno
974 2698 1182 2748 Domini
1205 2704 1272 2746 m⁰
1297 2702 1430 2747 cccc⁰
1453 2694 1710 2744 lxxxxiiii0.

158 2878 428 2952 Murhous
449 2902 761 2968 presentatur
785 2900 1013 2949 dominus
1036 2898 1073 2947 J
1075 2898 1295 2946 ohannes
1319 2895 1591 2961 Lychtone.

156 3045 600 3118 Reuerendiffimo
638 3108 648 3116 .
693 3104 705 3115 .
750 3104 761 3115 .
800 3065 1000 3115 domino
1025 3062 1279 3113 Willelmo
1313 3101 1322 3110 .
1361 3101 1370 3110 .
1404 3100 1413 3110 .
1452 3059 1817 3124 archiepiscopo
1846 3056 2192 3106 Sanctiandree

155 3198 164 3206 .
205 3198 214 3208 .
253 3198 263 3208 .
302 3158 471 3208 Dauid
513 3198 522 3208 .
562 3198 571 3208 .
609 3198 619 3208 .
660 3158 810 3207 abbas
857 3196 867 3205 .
918 3195 928 3205 .
967 3194 977 3204 .
1021 3155 1082 3203 de
1119 3152 1454 3202 Abirbrothoc
1493 3190 1502 3201 .
1542 3190 1551 3200 .
1589 3190 1599 3199 .
1635 3148 1946 3198 reuerencias
1979 3186 1988 3195 .
2023 3185 2031 3195 .
2065 3185 2075 3195 .
2109 3146 2191 3194 Ad
