2586 3834
60 604 154 658 570

650 379 1079 430 REGISTRUM
1112 379 1210 429 DE
1246 378 1799 429 ABERBROTHOC.
2158 384 2256 429 433

206 582 359 654 Idem
395 602 576 652 affedat
615 620 706 669 pro
744 604 962 669 quinque
999 604 1143 652 annis
1177 604 1406 654 seruitori
1440 606 1526 654 suo
1559 605 1753 655 Thome
1790 604 2011 654 Baufour
2045 622 2136 670 pro
2171 607 2255 655 suo

206 695 415 745 seruicio
441 702 490 744 et
515 696 700 744 summa
722 697 932 761 pecunie
957 696 1149 761 suisque
1185 696 1555 747 subtenentibus
1592 715 1693 746 non
1729 698 1930 747 maioris
1962 697 2113 747 status
2148 698 2259 746 illas

207 789 328 837 duas
370 789 550 837 tercias
590 796 757 853 partes
805 796 1053 838 terrarum
1094 788 1212 837 ville
1259 790 1320 837 de
1367 789 1668 838 Northterre
1716 791 1848 838 infra
1892 790 2150 838 baroniam
2197 790 2259 838 de

205 880 467 946 Arbroyth
493 890 542 931 et
566 881 967 931 vicecomitatum
992 882 1053 930 de
1078 880 1258 930 Forfar
1283 898 1404 946 quas
1427 881 1463 930 J
1466 881 1685 930 ohannes
1711 880 1962 931 Yorkston
1986 881 2184 930 latimus
2209 889 2259 930 et

212 972 492 1037 Stephanus
519 972 696 1040 Smyth
730 974 1012 1024 habuerunt
1046 991 1138 1038 pro
1174 983 1397 1038 tempore
1422 973 1522 1022 vite
1547 981 1596 1022 et
1619 991 1752 1022 nunc
1786 974 2006 1038 prefatus
2039 973 2258 1023 Thomas

211 1072 260 1114 et
284 1065 503 1115 Thomas
527 1066 751 1115 Annand
785 1067 970 1116 habent
1004 1067 1058 1115 in
1094 1067 1282 1116 arenda
1318 1083 1430 1114 cum
1466 1065 1698 1114 consensu
1724 1065 1915 1114 Thome
1940 1066 2164 1114 Annand
2197 1067 2258 1114 de

209 1158 296 1206 sua
330 1158 487 1207 tercia
520 1167 663 1223 parte
702 1188 713 1199 ·
752 1177 950 1209 necnon
984 1159 1097 1208 illas
1128 1160 1251 1207 duas
1277 1138 1459 1208 croftas
1485 1167 1683 1208 vocatas
1711 1159 1763 1225 ly
1789 1159 1994 1208 Almare
2034 1159 2176 1209 Croft
2211 1168 2260 1208 et

213 1250 335 1300 Gast
370 1250 522 1300 Medo
560 1269 672 1300 cum
707 1252 913 1301 decimis
947 1251 1234 1317 garbalibus
1269 1252 1403 1300 infra
1438 1251 1618 1300 dictam
1648 1251 1902 1300 baroniam
1929 1259 1978 1301 et
2001 1251 2259 1300 vicecomi-

211 1350 368 1392 tatum
416 1360 537 1408 quas
585 1345 835 1409 quondam
883 1344 1093 1394 Carolus
1138 1344 1340 1393 Broune
1380 1343 1549 1392 vltime
1594 1343 1767 1392 habuit
1814 1351 1863 1393 et
1909 1361 2003 1408 que
2050 1343 2259 1392 affedate

212 1436 412 1485 fuerunt
471 1436 632 1485 eidem
680 1444 729 1486 et
777 1437 978 1485 domino
1024 1436 1262 1485 Villelmo
1324 1436 1518 1502 Gurlay
1564 1435 1833 1500 presbitero
1878 1453 1967 1500 per
2013 1436 2262 1499 quondam

215 1528 491 1593 Georgium
514 1529 742 1579 abbatem
780 1557 791 1568 ·
827 1529 1078 1580 Soluendo
1102 1547 1194 1594 pro
1219 1530 1410 1578 duabus
1434 1528 1602 1577 terciis
1627 1528 1849 1593 partibus
1873 1528 1934 1576 de
1959 1527 2260 1577 Northterre

212 1628 424 1684 quatuor
461 1621 612 1670 libras
651 1626 760 1671 οᾶο
797 1622 977 1671 solidos
1014 1623 1245 1672 vndecim
1284 1621 1514 1671 denarios
1554 1628 1750 1670 monete
1796 1620 1967 1670 Scocie
2004 1649 2014 1660 ·
2050 1627 2262 1685 quatuor

212 1713 404 1762 celdras
429 1731 700 1762 auenarum
725 1715 952 1764 mensure
976 1715 1072 1763 fori
1097 1715 1343 1765 currentis
1377 1747 1388 1758 ·
1422 1732 1533 1764 cum
1559 1717 1667 1763 octo
1692 1715 1960 1779 caponibus
1984 1721 2033 1763 et
2057 1713 2263 1763 totidem

210 1804 358 1869 pullis
394 1806 577 1855 adultis
614 1813 663 1855 ct
698 1814 956 1872 rynemart
981 1815 1030 1856 et
1055 1808 1231 1857 veddir
1256 1815 1306 1857 et
1330 1807 1440 1856 aliis
1465 1806 1827 1856 husbandorum
1857 1806 2087 1854 oneribus
2123 1832 2134 1842 ·
2169 1822 2260 1869 pro

210 1896 262 1962 ly
291 1897 497 1947 Almere
537 1897 681 1947 Croft
712 1916 824 1948 cum
866 1899 1071 1949 decimis
1110 1901 1319 1967 triginta
1354 1901 1534 1949 solidos
1577 1898 1904 1949 elimofinario
1943 1927 1954 1938 ·
1994 1905 2042 1947 et
2082 1915 2172 1962 pro
2209 1898 2260 1963 ly

211 1988 332 2037 Gast
368 1989 520 2039 Medo
557 2008 668 2040 cum
703 1992 909 2041 decimis
945 2000 1047 2042 tres
1081 1993 1239 2043 bollas
1274 1993 1512 2043 frumenti
1548 1993 1609 2042 de
1644 1992 1873 2041 mensura
1900 1990 2143 2040 currentis
2167 1990 2263 2039 fori

212 2082 456 2131 monacho
481 2085 850 2134 communitatis
875 2114 886 2125 ·
913 2090 975 2134 12
1000 2085 1127 2135 Maii
1155 2090 1297 2136 1521.

217 2331 371 2404 Idem
407 2354 588 2404 affedat
622 2373 714 2421 pro
750 2356 970 2422 quinque
1005 2358 1149 2406 annis
1175 2357 1428 2408 Willelmo
1462 2356 1796 2421 Ouchtirlony
1820 2362 1870 2404 et
1893 2353 2137 2419 affignatis
2162 2370 2263 2402 non

218 2444 418 2494 maioris
443 2447 595 2496 status
620 2448 838 2497 decimas
855 2449 1083 2514 garbales
1108 2450 1169 2499 de
1193 2450 1462 2516 Pathlathy
1481 2466 1602 2515 quas
1626 2449 1758 2497 idem
1781 2447 1952 2495 habuit
1975 2473 1986 2485 ·
2013 2445 2262 2495 Soluendo

219 2537 390 2586 decem
414 2539 570 2588 bollas
596 2540 832 2591 frumenti
857 2541 1033 2607 viginti
1056 2542 1214 2591 bollas
1238 2543 1367 2592 ordii
1392 2550 1441 2592 et
1464 2541 1669 2607 triginta
1693 2547 1904 2604 quatuor
1927 2538 2082 2587 bollas
2105 2537 2262 2586 farine

219 2629 441 2679 mensure
464 2631 561 2680 fori
585 2633 828 2682 currentis
853 2662 863 2673 ·
889 2637 955 2683 20
976 2634 1012 2683 J
1014 2635 1102 2683 ulii
1127 2638 1269 2684 1521.

220 2887 373 2960 Idem
411 2907 594 2958 affedat
633 2926 726 2975 pro
765 2909 984 2975 quinque
1029 2909 1171 2957 annis
1212 2907 1439 2959 G'ilberto
1476 2906 1702 2957 Menzeis
1741 2913 1790 2956 et
1827 2905 2027 2954 domino
2058 2903 2260 2953 Andree

221 3000 481 3066 Dalgarno
525 3001 713 3050 vicario
758 3002 820 3051 de
866 3000 1104 3050 Abirloth
1149 3000 1338 3065 suisque
1385 2998 1633 3065 affignatis
1680 3005 1730 3047 et
1775 2996 2117 3046 executoribus
2163 3010 2263 3042 non

220 3092 420 3141 maioris
465 3092 723 3157 potestatis
769 3092 985 3141 decimas
1031 3092 1259 3157 garbales
1305 3088 1509 3140 ecclefie
1555 3090 1618 3139 de
1664 3088 1907 3153 Lumglye
1950 3086 2263 3152 quasquidem

220 3183 447 3231 dominus
490 3183 552 3232 de
593 3183 882 3249 Ennerwgy
916 3183 998 3248 pie
1039 3182 1276 3232 memorie
1316 3181 1490 3231 habuit
1522 3180 1746 3246 pluribus
1781 3178 1922 3227 annis
1962 3205 1972 3215 ·
2016 3176 2261 3228 Soluendo

1177 3277 1208 3321 3
1234 3288 1251 3320 1
