2762 3834
599 381 1026 432 REGISTRUM
1061 384 1158 434 DE
1194 386 1742 443 ABERBROTHOC.
2091 405 2185 452 365

147 584 398 671 Carmyle
445 605 636 654 decime
683 606 911 671 garbales
959 607 1237 658 affedantur
1283 610 1452 661 Dauid
1496 613 1867 684 Strathaquhyn
1915 630 1963 670 et
2002 621 2182 673 Jonete

145 697 421 746 Dromond.

145 860 273 933 Nos
301 881 549 946 Georgius
586 918 595 929 .
634 918 645 928 .
684 918 694 929 .
728 881 877 929 abbas
917 919 927 930 .
968 920 979 930 .
1020 920 1031 930 .
1075 885 1135 933 de
1164 884 1385 936 Arbroth
1415 926 1425 937 .
1468 926 1479 936 .
1516 927 1527 938 .
1560 891 1825 940 affedamus
1863 931 1873 941 .
1914 931 1924 941 .
1964 930 1975 942 .
2015 894 2182 943 Dauid

148 973 503 1038 Strathaquhin
529 980 577 1022 et
601 972 637 1021 J
639 980 784 1022 onete
809 973 1102 1023 Dromonde
1136 977 1304 1041 sponse
1341 982 1420 1029 sue
1455 983 1689 1032 moderne
1726 983 1910 1050 suisque
1937 985 2181 1051 affignatis

147 1104 158 1114 .
197 1103 208 1114 .
247 1106 255 1114 .
286 1066 551 1114 dummodo
586 1082 688 1113 non
724 1065 816 1114 fint
850 1066 1052 1115 maioris
1087 1067 1237 1118 status
1274 1110 1282 1119 .
1321 1109 1330 1119 .
1371 1109 1381 1119 .
1419 1089 1565 1135 quam
1593 1074 1680 1138 ipsi
1718 1112 1729 1123 .
1769 1113 1779 1123 .
1818 1115 1826 1124 .
1865 1086 1913 1126 ct
1950 1114 1961 1125 .
2000 1115 2011 1126 .
2052 1115 2061 1125 .
2099 1079 2181 1126 ad-

143 1159 403 1207 mittantur
438 1175 528 1223 per
563 1158 791 1206 abbatem
829 1195 840 1206 .
886 1195 897 1206 .
938 1196 948 1207 .
992 1159 1208 1210 decimas
1240 1164 1464 1227 garbales
1498 1166 1702 1214 dominii
1727 1168 1787 1215 de
1815 1167 2029 1217 Carmile
2068 1206 2078 1216 .
2118 1206 2128 1216 .
2169 1205 2179 1216 .

145 1250 319 1316 quibus
364 1288 374 1299 .
417 1288 427 1299 .
468 1288 479 1298 .
516 1251 803 1316 gaudebant
838 1258 1061 1316 tempore
1088 1253 1407 1303 confectionis
1429 1256 1566 1304 istius
1592 1256 1902 1306 affedacionis
1939 1296 1949 1306 .
1987 1296 1998 1307 .
2038 1297 2048 1307 .
2091 1277 2180 1324 pro

144 1343 366 1393 terminis
392 1344 564 1392 decem
590 1351 639 1392 et
662 1361 844 1392 nouem
869 1362 1111 1393 annorum
1151 1383 1161 1395 .
1195 1385 1204 1394 .
1238 1383 1248 1393 .
1288 1346 1535 1396 Soluendo
1572 1387 1582 1396 .
1621 1387 1630 1397 .
1666 1387 1674 1396 .
1711 1367 1800 1414 pro
1840 1388 1849 1397 .
1886 1388 1896 1398 .
1936 1390 1946 1400 .
1981 1352 2180 1399 decimis

198 1473 209 1483 .
245 1473 257 1483 .
295 1435 474 1500 viginti
500 1444 549 1485 et
574 1444 674 1485 tres
698 1454 891 1485 marcas
930 1475 941 1485 .
982 1476 993 1486 .
1030 1475 1039 1485 .
1084 1446 1277 1487 monete
1317 1477 1327 1487 .
1365 1479 1371 1486 .
1411 1478 1422 1488 .
1463 1439 1632 1489 Scocie
1657 1443 1718 1490 ad
1760 1482 1768 1490 .
1813 1479 1824 1489 .
1869 1480 1879 1490 .
1919 1442 2040 1490 festa
2081 1483 2088 1490 .
2127 1483 2135 1491 .
2171 1484 2179 1491 .

143 1528 327 1577 Pasche
353 1535 402 1576 et
436 1527 603 1577 saneti
637 1528 777 1577 Petri
816 1569 825 1577 .
868 1569 876 1578 .
918 1569 927 1578 .
966 1531 1028 1578 ad
1065 1531 1263 1580 vincula
1309 1571 1318 1580 .
1359 1572 1368 1581 .
1406 1572 1414 1580 .
1453 1533 1532 1581 vel
1571 1533 1700 1581 infra
1734 1533 1907 1597 viginti
1940 1534 2041 1582 dies
2075 1535 2181 1597 post

143 1661 152 1670 .
198 1661 207 1671 .
255 1661 265 1670 .
313 1620 380 1670 Et
415 1620 450 1668 fi
487 1621 744 1687 contingat
767 1622 1016 1686 predictos
1049 1662 1057 1670 .
1097 1662 1105 1671 .
1145 1662 1153 1671 .
1191 1623 1241 1670 in
1266 1623 1514 1672 solucione
1564 1664 1573 1673 .
1617 1664 1625 1673 .
1665 1665 1674 1673 .
1721 1626 1783 1673 ad
1806 1625 2037 1673 terminos
2083 1663 2092 1672 .
2129 1663 2138 1672 .
2172 1663 2180 1672 .

143 1714 437 1779 prescriptos
474 1713 686 1762 deficere
722 1713 893 1763 licebit
934 1713 1075 1763 nobis
1111 1750 1122 1760 .
1169 1751 1179 1762 .
1225 1752 1235 1763 .
1285 1715 1345 1763 de
1390 1752 1400 1763 .
1441 1753 1450 1763 .
1490 1752 1501 1763 .
1546 1715 1747 1764 decimis
1785 1753 1795 1763 .
1832 1753 1842 1762 .
1877 1753 1888 1763 .
1927 1715 2180 1779 disponere

264 1847 273 1855 .
323 1806 476 1871 Apud
510 1806 861 1855 monasterium
921 1843 932 1855 .
988 1844 998 1854 .
1054 1845 1064 1854 .
1121 1807 1292 1871 quinto
1328 1808 1501 1856 menfis
1536 1807 1676 1856 Junii
1713 1824 1841 1856 anno
1877 1807 2082 1855 Domini
2116 1814 2182 1854 m⁰

144 1900 379 1966 quingen⁰
403 1899 481 1948 vi0.

141 2146 331 2221 Peblis
356 2167 599 2216 affedatur
624 2166 916 2216 Alexandro
944 2166 1211 2225 Quhitlaw.

143 2327 271 2402 Nos
298 2349 547 2415 Georgius
583 2387 593 2398 .
638 2385 648 2396 .
689 2387 699 2396 .
744 2349 894 2397 abbas
932 2387 942 2397 .
983 2388 992 2397 .
1032 2387 1042 2397 .
1082 2349 1143 2397 de
1171 2347 1393 2397 Arbroth
1433 2387 1442 2395 .
1473 2387 1482 2395 .
1515 2386 1523 2395 .
1561 2347 1827 2396 affedamus
1863 2387 1871 2395 .
1916 2387 1924 2395 .
1968 2387 1975 2395 .
2012 2347 2174 2394 nostro

142 2443 371 2492 familiari
395 2442 686 2491 Alexandro
714 2441 983 2506 Quhytlaw
1009 2442 1125 2490 dum
1151 2442 1300 2490 vitam
1326 2440 1378 2487 in
1402 2439 1626 2488 humanis
1651 2439 1844 2487 duxerit
1880 2477 1889 2486 .
1927 2476 1936 2486 .
1973 2476 1982 2486 .
2020 2446 2175 2486 terras

147 2534 256 2583 ville
279 2534 443 2582 nostre
468 2534 530 2582 de
555 2533 722 2582 Peblis
746 2551 804 2582 ac
829 2533 1045 2581 decimas
1070 2533 1296 2598 garbales
1322 2533 1536 2580 eiusdem
1578 2569 1588 2579 .
1637 2571 1646 2579 .
1689 2570 1698 2580 .
1749 2531 1993 2579 Soluendo
2043 2568 2052 2577 .
2105 2568 2115 2577 .
2164 2569 2172 2576 .

141 2641 230 2690 pro
272 2626 415 2674 firma
461 2665 470 2673 .
513 2664 523 2674 .
569 2664 578 2673 .
630 2625 807 2688 viginti
847 2624 1004 2673 bollas
1045 2625 1204 2673 farine
1246 2623 1503 2672 auenatice
1545 2630 1593 2671 et
1634 2624 1802 2671 decem
1843 2622 1996 2671 bollas
2038 2622 2173 2669 ordei

142 2718 312 2766 mundi
343 2725 392 2767 et
426 2718 539 2783 puri
579 2717 735 2784 [cum]
777 2718 1003 2766 mensura
1026 2717 1121 2765 fori
1148 2716 1391 2765 currentis
1425 2743 1436 2753 ·
1471 2723 1520 2765 et
1543 2732 1633 2780 pro
1658 2715 1859 2763 decimis
1897 2751 1907 2762 .
1952 2752 1962 2762 .
2009 2752 2018 2762 .
2056 2715 2174 2762 duas

142 2809 296 2859 bollas
318 2810 457 2859 ordei
483 2817 531 2858 et
555 2811 726 2859 decem
751 2810 906 2858 bollas
932 2809 1103 2878 *farine
1127 2826 1237 2858 cum
1262 2809 1432 2857 eadem
1456 2807 1681 2856 mensura
1705 2807 1768 2854 ad
1792 2806 2024 2854 terminos
2062 2843 2071 2853 .
2111 2843 2121 2853 .
2160 2844 2169 2853 .

146 2902 396 2951 consuetos
422 2919 532 2951 cum
557 2903 637 2951 sex
662 2902 931 2966 caponibus
956 2909 1005 2950 et
1029 2901 1233 2949 totidem
1258 2898 1454 2964 gallinis
1478 2905 1701 2964 rynmart
1725 2905 1773 2946 et
1798 2897 2009 2961 weddyr.
