2742 3848
27 861 125 913 836

629 348 1064 401 REGISTRUM
1099 348 1198 399 DE
1236 349 1805 400 ABERBROTHOQ
2167 358 2265 409 529

174 503 385 551 regnum
430 484 597 536 Scotie
632 485 859 537 instituto
895 503 986 550 pro
1023 485 1241 536 eiusdem
1278 474 1524 551 perpetua
1558 486 1926 536 sustentacione
1970 519 1978 527 -
2018 490 2081 534 21
2135 527 2143 535 .

177 580 324 630 1536.

176 839 333 912 Idem
381 859 639 910 constituit
685 858 950 926 magistros
990 876 1050 908 ac
1088 859 1318 908 dominos
1367 858 1646 909 Martinum
1695 860 1921 910 Baufour
1966 863 2264 912 canonicum

176 954 382 1005 ecclefie
419 953 685 1019 collegiate
724 951 895 1003 Sandai
928 951 1206 1003 Saluatoris
1243 952 1297 1002 in
1340 951 1719 1004 Sanfilaoandrea
1757 984 1767 993 ·
1795 954 2058 1005 ¹Jacobum
2096 956 2265 1005 Auch-

174 1048 389 1098 mowthe
415 1047 660 1098 vicarium
690 1045 1063 1112 pensionarium
1100 1046 1163 1096 de
1199 1046 1496 1112 Abyrbroth
1538 1075 1548 1085 ·
1590 1048 1850 1097 Andream
1879 1047 1999 1098 Scot
2040 1077 2050 1086 ·
2093 1048 2266 1099 Dauid

177 1141 288 1208 Cay
327 1171 338 1182 ·
377 1141 652 1191 monachos
692 1169 702 1180 ·
745 1139 995 1189 Thomam
1031 1140 1260 1189 Annand
1300 1173 1310 1182 ·
1351 1148 1401 1190 et
1431 1140 1721 1190 Johannem
1758 1142 1929 1191 Arnot
1954 1143 2017 1192 de
2042 1142 2278 1209 wauen'

176 1236 419 1286 vicarium
478 1233 851 1300 penfionarium
899 1263 910 1273 ·
960 1233 1071 1282 suos
1126 1241 1482 1299 procuratores
1530 1235 1596 1284 ad
1644 1237 2037 1301 comparendum
2097 1254 2267 1286 coram

175 1327 431 1378 Willelmo
479 1325 835 1394 Abyrdonenfi
879 1327 1112 1392 episcopo
1161 1327 1487 1393 omnibusque
1534 1328 1766 1379 interefl'e
1812 1329 2115 1380 habentibus
2158 1360 2168 1370 ·
2219 1339 2270 1381 et

174 1422 436 1489 presertim
498 1439 668 1471 coram
724 1419 966 1487 magistro
1014 1420 1312 1472 Alexandro
1363 1421 1554 1473 Setoun
1614 1423 1903 1473 aduersario
1951 1442 2013 1473 ex
2060 1425 2269 1474 aduerso

176 1517 384 1567 ecclesie
410 1516 474 1566 de
500 1515 756 1582 Bothelny
781 1516 1026 1564 moderno
1053 1516 1245 1566 vicario
1281 1515 1511 1582 illiusque
1543 1515 1899 1567 successoribus
1939 1545 1951 1556 ·
1993 1525 2269 1582 contraque
2332 1522 2340 1529 “

177 1611 393 1659 eundem
419 1609 665 1658 vicarium
690 1608 862 1658 literas
895 1609 1149 1674 quondam
1176 1603 1401 1675 ‘Eugenii
1437 1627 1567 1675 pape
1599 1610 1735 1659 illius
1770 1610 1989 1660 nominis
2021 1612 2189 1676 quarti
2221 1619 2271 1660 et

176 1702 428 1770 procefl'us
461 1703 827 1753 executoriales
864 1703 1140 1752 earundem
1173 1704 1426 1769 quondam
1463 1704 1655 1753 domini
1690 1704 1879 1771 Angeli
1916 1704 2269 1772 Tragurienfis

178 1798 398 1864 episcopi
437 1796 696 1846 Florentie
736 1804 974 1846 executos
1015 1804 1193 1846 contra
1229 1796 1553 1863 Ingeramum
1589 1797 1856 1865 Lyndesay
1893 1798 2022 1849 dieze
2065 1799 2270 1849 ecclefie

182 1891 423 1941 vicarium
450 1889 696 1956 ipsiusque
735 1889 1031 1939 successores
1072 1916 1084 1927 ·
1124 1891 1441 1955 eundemque
1472 1890 1766 1957 magistrum
1790 1891 2141 1942 Alexandrum
2168 1910 2270 1941 mo-

177 1985 400 2034 nendum
425 1984 491 2033 ad
515 1983 911 2033 obseruationem
938 1982 1271 2032 ordinationis
1296 1984 1349 2032 in
1375 1984 1519 2033 diais
1543 1983 1706 2034 literis
1739 1985 1960 2051 exprefl'e
1985 2003 2045 2036 ac
2069 1986 2271 2052 insuper

179 2079 243 2128 ad
266 2077 578 2127 subeundum
603 2077 737 2127 dicte
763 2076 968 2126 ecclefie
995 2077 1166 2126 omnia
1193 2094 1349 2127 onera
1381 2077 1645 2142 presertim
1683 2087 2096 2129 ornamentorum
2130 2080 2271 2130 chori

180 2172 590 2222 vestimentorum
624 2171 879 2221 sacrorum
916 2179 967 2221 et
1001 2170 1381 2236 reparationum
1406 2171 1461 2220 in
1487 2171 1697 2221 edificiis
1734 2171 1885 2238 lignis
1908 2173 2090 2238 tegulis
2114 2174 2272 2223 muris

178 2265 409 2316 fenestris
452 2273 503 2315 et
544 2264 855 2315 ornamentis
902 2263 1077 2314 altaris
1125 2264 1331 2313 maioris
1380 2264 1618 2314 videlicet
1658 2264 2071 2315 lintheaminibus
2114 2266 2270 2316 calice

180 2359 355 2408 missali
391 2358 645 2408 breuiario
683 2365 733 2407 et
766 2357 878 2406 aliis
913 2357 1291 2422 quibuscunque
1324 2358 1475 2407 rebus
1498 2375 1592 2423 pro
1619 2358 1706 2407 vsu
1731 2358 1893 2407 diuini
1918 2359 2080 2409 cultus
2106 2361 2270 2409 neces-

182 2452 321 2502 sariis
362 2480 373 2490 ·
411 2458 844 2516 memoratumque
881 2450 1166 2516 episcopum
1206 2451 1622 2500 Aberdonensem
1663 2453 1995 2501 exortandum
2034 2453 2270 2517 quatinus

180 2546 429 2612 prefatum
456 2544 749 2610 magistrum
776 2543 1124 2593 Alexandrum
1154 2544 1218 2592 ad
1242 2544 1553 2595 subeundum
1578 2546 1712 2594 dieta
1737 2564 1894 2595 onera
1918 2547 2187 2613 compellat
2211 2566 2270 2597 ac

183 2659 245 2690 ne
286 2641 516 2689 abbatem
559 2648 610 2689 et
653 2646 959 2688 conuentum
1002 2639 1149 2704 super
1191 2637 1377 2687 eisdem
1415 2638 1629 2703 amplius
1661 2639 1891 2690 molestet
1930 2666 1943 2678 ·
1982 2641 2048 2690 ad
2085 2642 2269 2690 di&am

182 2734 439 2783 ecclefiam
475 2733 807 2799 personaliter
844 2732 1188 2782 accedendum
1224 2739 1275 2781 et
1315 2730 1537 2796 prefatas
1578 2731 1751 2782 literas
1796 2732 2130 2783 intimandum
2170 2764 2180 2774 ·
2221 2742 2269 2783 et

185 2827 353 2875 omnia
377 2826 476 2875 alia
500 2825 786 2875 faciendum
809 2826 860 2873 in
887 2823 1129 2889 premiffis
1154 2825 1427 2874 necessaria
1450 2852 1460 2863 ·
1487 2829 1553 2874 20
1577 2825 1796 2892 Augusti
1822 2815 1969 2877 1536.

186 3088 339 3160 Idem
378 3110 562 3159 affedat
594 3127 685 3175 pro
718 3109 1067 3158 nouemdecim
1100 3108 1246 3156 annis
1271 3124 1301 3155 a
1325 3106 1447 3155 festo
1476 3106 1646 3158 Santffi
1671 3107 1811 3157 Petri
1842 3107 2113 3156 aduincula
2141 3107 2270 3157 1536

185 3202 358 3252 Dauid
386 3201 599 3268 Gardyn
637 3204 698 3251 de
736 3202 869 3268 Leys
910 3209 960 3251 et
997 3202 1183 3251 Jonete
1222 3201 1421 3250 Betoun
1461 3201 1632 3266 sponse
1671 3200 1754 3250 sue
1794 3201 1984 3266 suisque
2018 3201 2269 3267 affignatis

1211 3299 1242 3342 3
1268 3312 1299 3343 x
