2762 3834
458 1268 551 1312 212

600 411 693 462 186
1043 404 1458 459 REGISTRUM
1493 402 1589 453 DE
1622 400 2177 452 ABERBROTHOC.

597 544 741 607 supra
775 570 787 581 ·
825 540 985 590 mense
1009 538 1219 603 Augusti
1244 538 1324 585 die
1348 551 1480 583 nona
1515 562 1525 572 ·
1557 534 1681 581 hora
1715 532 1918 597 capituli
1952 533 2004 580 in
2029 533 2271 582 citacione
2295 536 2482 599 prefixa
2505 547 2620 587 ante

599 633 864 683 merediem
897 661 907 671 ·
945 645 1108 678 coram
1134 627 1228 675 hiis
1264 626 1465 674 testibus
1499 651 1510 662 ·
1544 623 1742 670 domino
1766 621 1957 670 Jacobo
1983 620 2170 688 Ogilvy
2190 624 2252 673 de
2276 624 2399 691 Erly
2423 628 2579 677 milite
2615 656 2625 665 ·

599 725 827 773 «Iohanne
854 721 1038 785 Ogilvy
1063 720 1124 767 de
1149 715 1444 766 Ballindoch
1480 745 1491 755 ·
1526 714 1561 762 J
1565 713 1758 761 ohanne
1783 712 2120 778 Foddringam
2153 741 2165 753 ·
2201 715 2430 782 Georgeo
2455 708 2591 768 Mei-g
2621 747 2630 756 .

601 821 648 861 et
671 812 811 860 nobis
830 810 1037 859 notariis
1062 807 1269 872 publicis
1294 805 1574 868 subscriptis
1599 842 1608 852 .
1636 842 1645 851 .
1673 842 1683 851 .

603 1062 996 1133 Instrumentum
1019 1080 1150 1128 feodi
1174 1077 1395 1142 magistri
1419 1076 1626 1125 Patricii
1653 1075 1997 1126 M⁰Kullouch.

605 1243 675 1314 In
701 1264 798 1312 Dei
822 1263 1019 1310 nomine
1044 1277 1187 1309 amen
1211 1287 1221 1298 ·
1246 1259 1344 1307 Per
1368 1258 1463 1306 hoc
1501 1294 1512 1304 .
1553 1294 1563 1304 .
1604 1294 1614 1304 .
1652 1263 1820 1320 pateat
1857 1292 1869 1303 .
1909 1292 1920 1303 .
1960 1291 1971 1303 .
2007 1255 2140 1318 quod
2169 1270 2299 1302 anno
2323 1270 2354 1301 a
2375 1254 2637 1303 natiuitate

603 1356 771 1403 diuina
785 1353 1038 1402 millefimo
1055 1351 1195 1400 iiii⁶¹²⁰
1212 1350 1384 1399 lxxxii⁰
1399 1375 1409 1387 ·
1433 1348 1604 1397 menfis
1624 1364 1742 1396 vero
1764 1345 2067 1411 Septembris
2085 1346 2166 1395 die
2182 1345 2321 1395 xviii·
2338 1373 2349 1384 -
2367 1345 2636 1395 indictione

603 1449 694 1494 xv'*
724 1475 734 1485 ·
760 1445 1074 1510 pontificatus
1101 1481 1111 1491 .
1141 1480 1151 1491 .
1180 1480 1190 1491 .
1220 1441 1345 1491 Sixti
1372 1478 1382 1488 .
1423 1477 1433 1488 .
1475 1477 1485 1487 .
1510 1456 1637 1505 pape
1663 1438 1827 1503 quarti
1851 1454 1982 1486 anno
2009 1436 2302 1486 duodecimo
2328 1474 2340 1485 .
2369 1474 2381 1485 .
2410 1474 2420 1484 .
2446 1436 2637 1486 Willel·

602 1555 708 1586 mus
744 1576 753 1585 .
793 1575 803 1584 .
841 1574 851 1585 .
889 1536 1038 1584 abbas
1077 1536 1137 1583 de
1173 1531 1509 1582 Abirbrothoc
1553 1567 1565 1578 .
1609 1567 1621 1578 .
1666 1567 1679 1578 .
1722 1529 2007 1594 dominique
2043 1528 2263 1578 Thomas
2299 1528 2496 1577 Harkas
2533 1529 2638 1577 sub·

602 1628 737 1691 prior
752 1655 764 1666 ·
785 1626 1031 1675 Robertus
1057 1625 1202 1689 Cuby
1226 1621 1424 1672 sacrista
1443 1653 1453 1663 -
1468 1621 1503 1670 J
1507 1621 1727 1670 ohannes
1757 1619 2016 1686 Driburgh
2052 1620 2338 1669 cellerarius
2359 1651 2370 1661 ·
2390 1619 2637 1670 Robertus

606 1717 744 1783 Gray
761 1746 772 1757 ·
792 1716 1019 1765 monachi
1056 1754 1067 1764 .
1106 1753 1116 1763 .
1156 1752 1167 1763 .
1193 1723 1241 1763 et
1265 1713 1556 1762 Alexander
1583 1712 1808 1762 Simsoun
1824 1743 1834 1753 ·
1860 1713 2205 1778 procuratorio
2230 1713 2428 1762 nomine
2449 1714 2638 1762 abbatis

607 1818 655 1857 et
680 1816 950 1858 conuentus
974 1808 1187 1856 eiusdem
1212 1807 1273 1855 ab
1294 1823 1393 1854 vna
1414 1832 1424 1842 ·
1448 1813 1498 1853 et
1523 1804 1753 1869 magister
1773 1804 2016 1854 Patricius
2042 1804 2398 1854 Mackullouch
2425 1806 2637 1855 vicarius

608 1901 669 1949 de
693 1899 1024 1948 Abirbrothoc
1049 1900 1110 1947 ab
1133 1899 1289 1947 altera
1332 1934 1342 1944 .
1385 1934 1395 1944 .
1437 1934 1448 1944 .
1494 1897 1860 1945 concordarunt
1882 1897 2029 1945 modo
2051 1905 2101 1946 et
2130 1897 2289 1946 forma
2311 1898 2639 1962 subsequenti-

607 1992 696 2038 bus
721 2019 732 2029 ·
759 1991 991 2040 videlicet
1025 2016 1036 2027 ·
1062 1989 1210 2048 Quod
1247 2027 1258 2037 .
1304 2026 1314 2036 .
1360 2026 1370 2036 .
1413 1989 1644 2053 magister
1668 1988 1915 2039 Patricius
1938 1989 2139 2038 habebit
2167 1990 2420 2038 annuatim
2446 2008 2476 2039 a
2500 1990 2639 2038 dietis

608 2082 781 2131 abbate
806 2091 854 2131 et
878 2090 1125 2131 conuentu
1149 2081 1382 2145 quamdiu
1410 2081 1511 2145 ipse
1537 2085 1631 2130 erit
1664 2082 1878 2131 vicarius
1911 2081 2247 2146 penfionarius
2283 2083 2409 2131 diae
2440 2082 2641 2132 ecclesie

609 2190 698 2236 pro
737 2174 830 2222 suis
870 2174 1080 2223 consiliis
1116 2182 1164 2222 et
1204 2174 1398 2222 auxiliis
1439 2174 1654 2238 prestitis
1694 2183 1742 2223 et
1779 2174 2055 2240 prestandis
2096 2175 2225 2222 di&o
2263 2174 2373 2223 loco
2420 2175 2637 2238 quinque

609 2285 797 2317 marcas
823 2267 995 2315 vsualis
1016 2273 1211 2315 monete
1235 2266 1377 2331 regni
1406 2265 1578 2315 Scocie
1603 2294 1614 2305 ·
1630 2260 1679 2315 et
1703 2267 1814 2316 casu
1839 2283 1938 2331 quo
1962 2266 2119 2315 di&us
2140 2265 2370 2331 magister
2393 2266 2640 2315 Patricius

611 2359 727 2407 alibi
750 2358 1067 2407 refidenciam
1091 2358 1266 2407 fecerit
1290 2376 1437 2422 quam
1454 2359 1585 2423 apud
1603 2358 1783 2407 di&am
1802 2358 2038 2407 vicariam
2056 2357 2424 2406 nichillominus
2441 2357 2641 2406 habebit
2705 2391 2711 2399 ·

612 2450 824 2513 prefatas
847 2450 1062 2513 quinque
1086 2467 1277 2498 marcas
1303 2450 1557 2499 annuatim
1582 2467 1643 2498 ex
1666 2450 1810 2498 bonis
1843 2449 2096 2498 fauoribus
2122 2457 2172 2498 et
2195 2465 2286 2513 pro
2311 2448 2406 2496 suis
2431 2447 2641 2497 consiliis

614 2542 951 2606 impendendis
975 2569 986 2580 ·
1008 2549 1056 2590 et
1080 2544 1276 2605 quando
1301 2543 1450 2591 fuerit
1483 2543 1536 2590 in
1567 2542 1788 2607 negociis
1823 2541 1922 2590 loci
1955 2541 2009 2589 in
2032 2541 2144 2590 loco
2167 2540 2370 2589 habebit
2394 2539 2642 2589 esculenta

616 2641 664 2680 et
686 2631 947 2695 poculenta
987 2660 997 2670 -
1039 2640 1088 2680 et
1122 2634 1318 2695 quando
1354 2640 1495 2682 extra
1528 2633 1691 2681 locum
1728 2632 1879 2681 fuerit
1917 2639 2148 2680 oneratus
2185 2630 2386 2679 habebit
2410 2631 2642 2694 expensas

617 2730 939 2786 congruentes
964 2751 974 2760 ·
999 2722 1427 2787 Promiseruntque
1457 2724 1596 2772 ambe
1631 2724 1873 2772 didaarum
1907 2722 2130 2785 parcium
2165 2720 2394 2786 premiss'a
2425 2758 2435 2768 .
2469 2759 2480 2770 .
2517 2759 2528 2769 .
2562 2722 2642 2770 ob·

617 2814 809 2860 seruare
843 2850 853 2860 .
888 2849 898 2860 .
939 2849 949 2859 .
985 2812 1115 2860 saluo
1151 2820 1314 2861 tamen
1338 2813 1446 2862 iure
1468 2813 1848 2877 predicefforum
1883 2822 1933 2863 et
1966 2813 2287 2863 successorum
2317 2813 2435 2861 dieti
2473 2812 2642 2862 vicarii

619 2905 668 2951 in
710 2911 890 2951 euentu
930 2920 1028 2951 non
1071 2903 1382 2951 obseruancie
1422 2904 1758 2967 premissorum
1791 2914 1939 2969 prout
1973 2905 2279 2969 premittitur
2318 2903 2643 2969 prosequendi

618 2995 726 3043 loco
751 3002 799 3043 et
823 3002 1041 3057 tempore
1062 2994 1315 3057 oportunis
1352 3031 1362 3041 .
1400 3031 1411 3042 .
1444 3033 1453 3042 .
1488 2995 1617 3043 A&a
1650 3003 1791 3044 erant
1825 2996 1918 3045 hec
1957 2997 2011 3044 in
2049 3012 2244 3045 camera
2283 3034 2292 3043 .
2331 3031 2343 3043 .
2379 3032 2390 3042 .
2427 2993 2643 3059 magistri

620 3085 788 3135 Dauid
802 3083 1124 3149 Monypenny
1141 3084 1365 3132 canonici
1382 3084 1704 3134 Morauienfis
1718 3088 1849 3151 apud
1870 3086 2336 3138 San&umandream
2355 3086 2477 3135 hora
2491 3086 2643 3135 tercia

618 3176 724 3241 post
762 3175 1027 3224 merediem
1067 3174 1146 3223 vel
1187 3174 1380 3223 eocirca
1428 3213 1438 3223 .
1486 3213 1495 3223 .
1539 3214 1549 3224 .
1592 3178 1895 3241 presentibus
1946 3215 1957 3227 .
2004 3216 2015 3227 .
2071 3216 2082 3227 .
2136 3178 2371 3243 magistro
2416 3178 2642 3226 Johanne
