2762 3834
62 2058 148 2111 175

646 368 1072 420 REGISTRUM
1105 371 1202 420 DE
1238 371 1792 422 ABERBROTHOC.
2149 379 2241 422 155

198 498 344 545 finem
383 496 739 546 occidentalem
778 501 874 549 orti
916 503 1044 551 dieue
1087 505 1274 568 capelle
1316 506 1378 554 de
1419 505 1465 552 16
1498 505 1708 571 Almery
1735 534 1745 545 ·
1772 506 1907 554 etad
1935 543 1944 553 .
1974 543 1984 553 .
2014 543 2024 553 .
2050 506 2242 570 peciam

200 590 296 637 orti
337 589 684 637 extendentem
727 591 874 653 vsque
913 593 977 639 ad
1016 593 1163 642 finem
1206 596 1302 644 orti
1339 596 1547 646 Patricii
1588 597 1763 662 Hagus
1804 597 1868 645 ad
1908 597 2124 645 austrum
2158 626 2168 636 ·
2195 606 2244 645 et

199 682 379 730 ibidem
402 718 412 728 .
442 718 452 728 .
476 719 486 729 .
505 680 728 729 saisinam
757 682 1105 731 hereditariam
1129 722 1139 732 .
1168 722 1179 733 .
1208 723 1218 733 .
1238 687 1274 735 J
1276 688 1461 736 ohanni
1483 688 1741 753 Chepman
1765 689 1991 753 burgensi
2017 690 2078 737 de
2098 689 2242 738 Abir-

198 773 406 821 brothoc
432 772 492 820 de
518 771 660 820 dietis
685 772 831 820 terris
857 811 866 820 .
893 809 904 820 .
933 810 944 820 .
971 773 1176 823 donauit
1201 812 1212 823 .
1238 816 1246 824 .
1274 817 1282 826 .
1312 777 1468 842 Super
1495 780 1669 843 quibus
1695 819 1704 828 .
1732 818 1743 829 .
1772 818 1781 828 .
1808 781 1965 829 di&us
1986 780 2021 829 J
2024 780 2242 829 ohannes

199 905 208 912 .
236 904 245 912 .
273 904 281 912 .
308 866 460 929 peciit
487 904 498 914 .
527 902 537 913 .
565 904 575 913 .
600 863 956 912 instrumenta·
982 863 1109 913 Acca
1137 866 1336 917 fuerunt
1369 870 1461 918 hec
1488 908 1497 918 .
1525 909 1536 919 .
1567 908 1576 919 .
1602 872 1727 920 hora
1760 872 1917 920 tercia
1941 872 2020 920 vel
2048 872 2244 920 eocirca

198 958 306 1021 post
346 958 614 1007 merediem
656 994 666 1004 .
708 997 716 1005 .
758 996 767 1005 .
806 955 1113 1020 presentibus
1149 995 1159 1005 .
1197 996 1207 1005 .
1248 998 1257 1006 .
1297 959 1586 1009 Alexandro
1632 962 1840 1012 Stewart
1865 993 1875 1002 ·
1901 980 2095 1012 necnon
2138 1002 2147 1011 .
2186 1002 2194 1011 .
2232 1003 2240 1011 .

198 1050 432 1098 fratribus
456 1049 492 1099 J
494 1050 688 1098 ohanne
712 1047 959 1097 Ancwaill
990 1049 1244 1112 suppriore
1270 1078 1280 1088 ·
1308 1050 1572 1100 Wilhelmo
1597 1053 1788 1102 Ardros
1820 1055 1880 1102 de
1916 1054 1962 1102 le
2000 1054 2206 1119 Almery
2233 1082 2242 1091 ·

200 1150 249 1190 et
275 1142 470 1191 Thoma
504 1142 598 1191 Bet
630 1142 690 1190 de
723 1140 973 1189 communi
999 1140 1286 1188 -monachis
1330 1142 1446 1190 dicti
1483 1144 1766 1192 monasterii
1801 1172 1811 1182 ·
1835 1145 1870 1193 J
1873 1147 2026 1194 acobo
2051 1123 2240 1210 Wyat'-

202 1233 424 1282 Waltero
450 1234 633 1299 Young
652 1262 661 1272 ·
684 1232 909 1282 Henrico
931 1232 1041 1298 Ego
1066 1261 1077 1271 ·
1104 1232 1324 1280 Roberto
1349 1231 1487 1281 Rede
1507 1263 1517 1273 ·
1538 1234 1572 1282 J
1577 1235 1769 1284 ohanne
1797 1235 1939 1301 Tyry
1959 1265 1970 1275 ·
1989 1236 2241 1285 Willelmo

198 1323 374 1373 Lidda]
401 1352 411 1362 ·
439 1325 633 1373 Thema
656 1324 765 1390 Ego
791 1353 800 1363 ·
838 1331 887 1373 et
913 1324 1110 1372 Thoma
1136 1322 1360 1389 Caytour
1387 1361 1397 1371 .
1427 1362 1437 1371 .
1467 1362 1477 1372 .

265 1416 331 1465 Et
367 1433 458 1481 ego
490 1416 771 1464 Willelmus
809 1414 1026 1466 Calwart
1052 1453 1063 1464 .
1092 1454 1100 1464 .
1127 1454 1137 1464 .
1165 1415 1387 1465 notarius
1421 1415 1618 1480 presens
1646 1454 1656 1464 .
1686 1454 1696 1465 .
1723 1456 1734 1466 .
1759 1418 2134 1467 instrumentum
2160 1458 2168 1466 .
2195 1459 2204 1466 .
2232 1458 2240 1466 .

200 1509 423 1557 confeci.
453 1546 463 1556 .
493 1545 503 1556 .
529 1507 764 1573 fignoque
799 1516 848 1556 et
882 1507 1083 1557 nomine
1119 1508 1240 1556 meis
1271 1545 1280 1554 .
1307 1548 1315 1556 .
1345 1544 1355 1555 .
1384 1524 1594 1556 vnacum
1632 1508 1924 1573 appensione
1948 1509 2091 1575 figilli
2126 1511 2241 1558 diffi

199 1600 371 1648 balliui
392 1599 582 1665 fignaui
610 1638 620 1647 .
648 1640 657 1648 .
683 1639 692 1647 .

201 1850 374 1922 Carta
397 1872 639 1936 perticate
665 1880 798 1920 terre
823 1873 874 1920 in
900 1873 945 1921 le
968 1873 1198 1938 Almory.

202 2032 463 2105 Omnibus
504 2093 515 2103 .
559 2094 568 2103 .
613 2093 624 2104 .
663 2054 940 2103 Malcomus
975 2094 983 2103 .
1020 2094 1029 2103 .
1064 2095 1073 2103 .
1111 2056 1261 2104 abbas
1297 2091 1307 2102 .
1348 2091 1360 2102 .
1399 2094 1408 2102 .
1445 2054 1506 2102 de
1532 2054 1869 2103 Abirbrothoc
1896 2092 1906 2102 .
1934 2093 1942 2102 .
1970 2094 1978 2102 .
2007 2055 2241 2104 salutem·

203 2145 381 2196 Sciatis
417 2164 506 2195 nos
531 2187 539 2195 .
568 2187 576 2195 .
605 2187 613 2196 .
641 2146 915 2196 conceffifl'e
953 2185 963 2195 .
999 2187 1008 2196 .
1046 2186 1055 2196 .
1093 2147 1128 2196 J
1131 2146 1314 2195 ohanni
1353 2144 1611 2210 Chapman
1646 2145 1873 2210 burgenfi
1899 2183 1908 2193 .
1937 2183 1947 2193 .
1975 2185 1984 2193 .
2010 2147 2071 2194 de
2097 2146 2242 2195 Abir-

202 2239 406 2288 brothoc
426 2279 435 2288 .
460 2276 470 2286 .
492 2279 501 2288 .
520 2239 657 2288 illam
680 2240 976 2303 perticatam
1000 2247 1132 2287 terre
1152 2255 1264 2287 cum
1288 2237 1612 2303 pertinenciis
1636 2238 1879 2286 iacentem
1904 2237 1955 2284 in
1979 2238 2025 2286 le
2041 2237 2240 2285 Almere

201 2331 261 2379 de
285 2331 620 2380 Abirbrothoc
661 2331 792 2380 inter
833 2338 1018 2380 terram
1059 2331 1094 2379 J
1097 2331 1238 2380 acobi
1279 2330 1416 2396 Vyot
1456 2330 1520 2378 ad
1560 2329 1778 2378 austrum
1815 2336 1864 2377 et
1888 2329 2073 2377 domini
2110 2330 2240 2378 dele

201 2422 401 2471 Almere
439 2424 503 2471 ad
537 2424 738 2472 boream
775 2431 823 2472 et
861 2424 1097 2488 gabulum
1142 2421 1307 2471 Sancti
1347 2421 1608 2471 Michaelis
1650 2422 1710 2470 de
1751 2421 1796 2469 le
1834 2421 2036 2470 Almere
2061 2459 2072 2469 .
2101 2459 2112 2469 .
2141 2459 2152 2470 .
2178 2423 2241 2470 ad

204 2515 507 2564 occidentem
532 2543 542 2553 ·
568 2515 860 2564 Tenendam
886 2554 894 2562 .
923 2554 931 2563 .
958 2553 968 2564 .
994 2515 1047 2563 in
1071 2515 1217 2563 feodo
1243 2521 1293 2562 et
1315 2513 1591 2562 hereditate
1615 2513 1977 2576 imperpetuum
2001 2550 2012 2561 .
2039 2553 2047 2561 .
2075 2553 2083 2561 .
2110 2513 2240 2561 Red-

202 2606 363 2654 dendo
389 2643 401 2655 .
429 2643 440 2655 .
468 2645 478 2654 .
504 2607 645 2655 nobis
674 2644 684 2654 .
714 2644 724 2655 .
753 2643 764 2655 .
791 2615 875 2656 aut
907 2606 1075 2654 nostro
1104 2605 1347 2654 monacho
1372 2606 1433 2653 de
1457 2605 1503 2653 le
1527 2603 1728 2653 Almere
1755 2604 1835 2652 sex
1863 2604 2039 2653 solidos
2065 2605 2239 2653 vsualis

203 2706 396 2747 monete
420 2699 564 2763 regni
591 2698 763 2748 Scocie
797 2699 861 2747 ad
884 2699 1007 2746 duos
1041 2698 1159 2746 anni
1197 2697 1433 2746 terminos
1461 2734 1471 2744 .
1500 2734 1511 2744 .
1540 2732 1551 2743 .
1576 2695 1708 2744 saluo
1746 2703 1910 2745 tamen
1947 2698 2054 2744 iure
2078 2696 2237 2745 nostre

204 2789 474 2853 regalitatis
500 2830 509 2839 .
537 2827 548 2838 .
577 2828 588 2838 .
614 2790 767 2855 Apud
809 2789 1189 2838 monasterium.
1216 2828 1224 2838 .
1254 2825 1265 2837 .
1292 2787 1518 2836 vicefimo
1556 2804 1687 2835 nono
1729 2787 1807 2835 die
1849 2787 2021 2836 menfis
2060 2787 2238 2836 Marcii

206 2896 332 2929 anno
357 2881 561 2930 Domini
584 2881 837 2930 millesimo
863 2888 997 2930 cccc⁰
1021 2879 1558 2945 sexagefimoseptimo.
