2762 3834
34 773 124 819 405

619 361 1046 413 REGISTRUM
1078 363 1175 413 DE
1211 365 1761 419 ABERBROTHOC.
2115 379 2206 430 327

173 564 478 637 Dunberow
505 584 748 635 affedatur
773 586 1063 636 Alexandro
1092 587 1300 637 Gardin.

177 802 189 815 .
228 803 239 814 .
280 804 290 815 .
328 766 503 815 Pateat
538 805 546 814 .
591 805 600 814 .
644 805 654 814 .
696 783 787 814 nos
833 765 1006 814 Dauid
1047 803 1058 815 .
1100 804 1110 814 .
1148 805 1158 816 .
1202 768 1427 817 abbatem
1465 807 1475 818 .
1517 808 1529 819 .
1569 809 1579 819 .
1616 773 1677 821 de
1725 774 2058 824 Abirbrothoc
2096 813 2106 823 .
2147 813 2156 823 .
2198 813 2208 822 .

175 857 398 907 affedaffe
436 895 447 906 .
494 894 505 906 .
551 895 563 906 .
600 857 892 910 Alexandro
933 856 1125 909 Gardin
1166 867 1214 907 et
1251 859 1347 908 suis
1388 861 1632 926 affignatis
1670 900 1681 911 .
1724 901 1734 912 .
1777 902 1787 912 .
1828 873 1983 914 terras
2022 865 2209 914 nostras

175 951 234 998 de
276 949 591 998 Dunberrow
639 957 689 998 et
734 949 1074 997 molendinum
1121 950 1332 998 eiusdem
1376 969 1487 1001 cum
1533 954 1735 1003 decimis
1774 957 2053 1020 garbalibus
2094 994 2104 1004 .
2145 995 2155 1005 .
2196 995 2207 1006 .

173 1043 390 1091 iacentes
436 1041 489 1090 in
535 1040 796 1105 regalitate
839 1040 1007 1089 nostra
1053 1041 1114 1089 de
1152 1040 1485 1091 Abirbrothoc
1531 1044 1660 1093 infra
1704 1046 2093 1096 vicecomitatum
2146 1050 2207 1096 de

173 1133 350 1182 Forfar
385 1151 476 1198 pro
515 1133 738 1182 terminis
785 1132 1113 1181 nouendecim
1161 1150 1402 1189 annorum
1461 1172 1473 1183 .
1525 1173 1536 1183 .
1582 1172 1592 1183 .
1645 1153 1735 1200 pro
1773 1138 1866 1186 suis
1905 1138 2120 1186 seruiciis
2159 1149 2207 1187 et

172 1225 558 1291 gratitudinibus
617 1264 628 1274 .
687 1262 698 1273 .
757 1261 768 1272 .
817 1234 867 1274 et
915 1223 1163 1289 signanter
1214 1241 1304 1288 pro
1358 1233 1495 1274 certa
1543 1228 1727 1276 summa
1776 1231 2013 1292 peccunie
2065 1231 2205 1278 nobis

177 1355 187 1365 .
228 1354 239 1366 .
282 1354 293 1365 .
333 1316 583 1381 persoluta
618 1345 631 1375 ¹·
673 1317 886 1374 termino
935 1333 1053 1364 vero
1099 1316 1331 1364 introitus
1373 1355 1382 1364 .
1425 1355 1434 1365 .
1477 1356 1486 1365 .
1528 1317 1794 1382 incipiente
1836 1321 1888 1368 in
1928 1320 2047 1368 festo
2083 1321 2206 1368 Pen-

174 1409 414 1459 thecostes
449 1410 615 1458 datam
650 1408 959 1473 presencium
1000 1408 1283 1456 immediate
1323 1408 1553 1472 sequente
1595 1448 1604 1458 .
1647 1449 1657 1459 .
1701 1449 1709 1458 .
1754 1410 2024 1459 Reddendo
2078 1451 2086 1459 .
2137 1450 2145 1459 .
2195 1451 2204 1459 .

172 1519 262 1566 pro
300 1501 443 1549 firma
483 1541 492 1550 .
531 1540 540 1549 .
578 1540 587 1549 .
625 1508 871 1549 terrarum
913 1539 922 1549 .
963 1539 972 1549 .
1014 1539 1023 1548 .
1067 1501 1188 1548 duas
1231 1500 1421 1548 celdras
1461 1501 1599 1548 ordei
1641 1509 1738 1549 tres
1779 1501 1969 1550 celdras
2010 1511 2057 1550 et
2099 1506 2206 1549 οᾶο

174 1593 328 1643 bollas
365 1593 552 1642 farrine
592 1593 850 1642 auenatice
889 1593 950 1641 de
987 1593 1215 1640 mensura
1250 1592 1346 1639 fori
1385 1593 1627 1640 currentis
1664 1593 1716 1640 in
1753 1594 1995 1657 granariis
2032 1593 2207 1641 nostris

175 1727 184 1735 .
223 1727 232 1735 .
272 1726 281 1734 .
319 1687 380 1734 de
419 1685 759 1734 Abirbrothoc
801 1685 865 1733 ad
905 1685 1143 1734 terminos
1184 1724 1193 1733 .
1237 1723 1246 1732 .
1288 1724 1297 1733 .
1342 1684 1573 1734 victualia
1611 1684 1829 1733 soluendi
1869 1726 1878 1734 .
1919 1725 1928 1734 .
1966 1725 1975 1734 .
2018 1702 2209 1733 necnon

173 1796 264 1843 pro
309 1777 595 1826 molendino
638 1817 647 1826 .
685 1817 695 1826 .
741 1814 752 1825 .
794 1776 1023 1825 multuris
1070 1784 1119 1825 et
1164 1777 1475 1825 libertatibus
1521 1777 1736 1825 eiusdem
1782 1817 1791 1826 .
1840 1817 1849 1826 .
1898 1818 1906 1826 .
1956 1778 2210 1827 tresdecim

175 1869 350 1918 solidos
375 1876 424 1918 et
447 1857 659 1933 quatuor
683 1868 913 1917 denarios
949 1908 959 1917 .
989 1908 999 1917 .
1029 1908 1039 1917 .
1076 1876 1273 1918 monete
1299 1908 1308 1918 .
1333 1906 1345 1918 .
1371 1908 1381 1918 .
1410 1868 1582 1919 Scocie
1608 1871 1670 1917 ad
1694 1870 1816 1917 duos
1841 1870 1957 1918 anni
1979 1872 2211 1918 terminos

297 2001 306 2010 .
355 1969 405 2010 et
445 1962 566 2010 duas
609 1961 800 2009 celdras
842 1968 890 2009 et
932 1968 1143 2025 quatuor
1184 1959 1340 2008 bollas
1381 1959 1540 2008 farine
1581 1960 1837 2009 auenatice
1875 1969 1924 2009 et
1962 1961 2212 2010 dimidiam

177 2054 394 2103 celdram
426 2039 565 2102 ordei
602 2052 824 2101 mensure
864 2052 1084 2118 predicte
1125 2069 1215 2116 pro
1258 2052 1462 2101 decimis
1499 2053 1779 2118 garbalibus
1817 2054 2029 2102 eiusdem
2070 2083 2079 2092 ·
2119 2072 2214 2101 vna

179 2162 286 2193 cum
307 2145 455 2194 certis
474 2144 824 2209 plaustratibus
842 2144 1068 2209 bigarum
1093 2174 1103 2184 ·
1128 2144 1362 2193 videlicet
1385 2172 1395 2182 ·
1423 2153 1631 2207 quatuor
1649 2145 1700 2209 ly
1721 2145 1921 2193 cartillis
1940 2145 2213 2209 tegularum

181 2244 389 2301 quatuor
428 2237 685 2302 glebarum
724 2246 774 2286 et
811 2244 1023 2300 quatuor
1061 2236 1164 2284 feni
1185 2249 1312 2284 scum
1352 2235 1527 2285 ceteris
1566 2236 1739 2284 nostris
1780 2235 2039 2283 husbandis
2068 2236 2213 2283 semel

180 2329 229 2376 in
265 2346 396 2377 anno
432 2329 768 2388 conducendis
809 2329 1008 2392 quando
1043 2335 1276 2392 petantur
1316 2355 1326 2366 ·
1368 2336 1417 2376 et
1453 2326 1711 2374 duodecim
1752 2326 1904 2374 bollas
1945 2343 2211 2374 auenarum

183 2420 396 2469 custume
422 2446 432 2458 ·
457 2421 629 2468 decem
653 2427 702 2469 et
727 2422 835 2468 oao
860 2436 1074 2483 capones
1100 2427 1148 2467 et
1172 2419 1376 2467 totidem
1400 2418 1559 2482 pullos
1582 2418 1774 2466 adultos
1811 2445 1822 2455 ·
1862 2417 2030 2465 Eciam
2056 2417 2211 2465 dictus

184 2512 469 2561 Alexander
500 2520 566 2572 vet
611 2512 684 2560 sui
731 2510 956 2577 affignati
1005 2551 1014 2559 .
1066 2551 1075 2559 .
1126 2551 1135 2560 .
1185 2511 1367 2559 facient
1413 2527 1523 2558 cum
1570 2510 1705 2573 equis
1747 2516 1956 2572 quatuor
1997 2509 2212 2573 cariagia

187 2603 440 2652 cellerario
486 2603 653 2652 nostro
691 2642 701 2652 .
745 2641 755 2651 .
793 2641 804 2652 .
845 2604 908 2652 ad
955 2602 1128 2652 festum
1173 2602 1368 2651 Natalis
1415 2602 1619 2650 Domini
1667 2610 1716 2650 et
1762 2601 1859 2649 alia
1900 2608 2109 2664 quatuor
2150 2601 2212 2647 ad

187 2694 357 2744 festum
410 2696 594 2745 Pasche
642 2733 654 2744 .
702 2733 713 2743 .
763 2733 774 2744 .
821 2695 1028 2759 Insuper
1078 2732 1088 2742 .
1139 2732 1150 2742 .
1201 2731 1212 2742 .
1261 2694 1550 2758 equitabunt
1607 2710 1716 2741 cum
1775 2693 1983 2740 nouiciis
2040 2691 2212 2739 nostris

189 2788 474 2835 ordinandis
497 2787 799 2836 inueniendo
824 2787 1027 2835 cuilibet
1051 2804 1220 2834 eorum
1246 2803 1425 2850 equum
1450 2803 1560 2833 cum
1596 2784 1734 2832 freno
1759 2792 1807 2832 et
1832 2785 1955 2832 cella
1991 2783 2215 2846 tempori-

188 2880 277 2927 bus
301 2879 556 2944 oportunis
581 2878 615 2926 fi
640 2888 837 2943 petatur
875 2906 884 2916 ·
923 2879 988 2926 Et
1023 2916 1034 2926 .
1075 2915 1086 2927 .
1125 2915 1136 2926 .
1173 2878 1318 2926 liberi
1353 2885 1497 2927 erunt
1522 2877 1582 2926 ab
1608 2877 1830 2924 omnibus
1860 2876 1967 2923 aliis
1992 2875 2215 2923 oneribus

193 2969 552 3018 husbandorum
598 3008 609 3019 .
661 3008 672 3019 .
722 3007 732 3018 .
782 2970 999 3033 exceptis
1045 2969 1180 3032 quod
1228 3006 1239 3016 .
1285 3006 1296 3016 .
1342 3006 1352 3016 .
1403 2984 1709 3016 communem
1764 2967 1935 3015 sectam
1982 3006 1990 3014 .
2040 3006 2049 3013 .
2098 3005 2106 3013 .
2155 2966 2215 3012 ad

191 3060 348 3115 curias
372 3062 561 3110 nostras
585 3062 936 3126 presentabunt
972 3099 980 3108 .
1019 3099 1027 3108 .
1065 3099 1075 3108 .
1114 3059 1284 3107 Eciam
1317 3099 1326 3108 .
1360 3098 1370 3108 .
1404 3099 1414 3108 .
1450 3059 1762 3107 concedimus
1796 3095 1805 3105 .
1838 3095 1847 3105 .
1882 3095 1890 3104 .
1932 3054 2213 3103 Alexandro

193 3159 241 3200 et
262 3151 357 3201 suis
381 3151 628 3217 aflignatis
668 3190 679 3200 .
721 3190 731 3201 .
778 3190 788 3200 .
829 3150 1115 3214 potestatem
1150 3191 1159 3200 .
1204 3190 1212 3199 .
1257 3191 1265 3199 .
1314 3150 1419 3215 [ad]
1448 3150 1779 3197 inhabitantes
1811 3147 1861 3194 in
1896 3146 2035 3194 dictis
2072 3144 2214 3192 terris
