2762 3834
653 338 744 393 RE
751 339 1084 394 GISTRUM
1114 338 1216 392 DE
1251 340 1817 394 ABERBROTHOCL.
2204 344 2268 398 75

202 484 303 529 tate
327 476 526 526 nostra·
552 477 831 528 Reddendo
869 516 880 528 .
916 514 933 528 2
973 516 985 528 .
1023 481 1131 528 οᾶο
1166 495 1360 528 marcas
1388 478 1566 529 vsualis
1600 486 1800 528 monete
1839 476 2016 546 Scocie
2053 515 2065 527 .
2105 515 2116 527 .
2156 516 2168 526 .
2206 480 2269 527 ad

201 569 324 617 duos
347 569 466 618 anni
490 570 728 619 terminos
767 608 779 619 .
818 608 830 619 .
870 609 881 620 .
919 588 978 620 ac
1001 570 1232 620 faciendo
1267 608 1278 620 .
1313 608 1324 620 .
1361 609 1371 620 .
1408 578 1509 620 tres
1528 571 1680 621 se&as
1697 572 1761 620 ad
1779 578 1880 620 tres
1899 569 2063 620 curias
2077 570 2270 620 nostras

202 662 440 727 capitales
479 700 490 711 .
530 700 542 711 .
582 700 593 711 .
631 663 692 712 de
723 663 1064 713 Abirbrothoc
1099 701 1111 713 .
1151 701 1162 712 .
1199 701 1210 712 .
1243 681 1338 713 nec
1380 682 1482 714 non
1520 665 1851 714 intereffendo
1895 664 2123 713 omnibus
2159 663 2268 713 aliis

202 754 354 804 curiis
390 755 569 804 nostris
606 756 846 821 quociens
887 794 899 806 .
945 795 956 806 .
996 795 1007 806 .
1049 757 1238 806 fuerint
1276 755 1341 807 ad
1386 758 1670 807 huiusmodi
1702 759 1918 808 iuridice
1958 757 2231 824 premuniti
2257 787 2267 796 ·

200 844 466 912 prestando
514 849 672 897 eciam
712 881 726 898 ἡ
771 886 782 898 .
825 885 836 897 .
877 849 1021 898 nobis
1061 885 1073 898 .
1117 885 1129 898 .
1177 886 1188 897 .
1225 850 1561 900 iuramentum
1599 851 1854 901 fidelitatis
1888 879 1900 891 ·
1941 858 1993 900 et
2035 850 2268 900 faciendo

201 941 406 990 domino
428 942 733 1008 nostro'regi
758 941 1252 991 seruiciumdebitum
1275 950 1327 992 et
1352 945 1641 993 consuetum
1679 982 1690 993 .
1730 981 1741 993 .
1781 981 1792 993 .
1829 943 2039 1008 Insuper
2075 942 2111 991 fi
2148 959 2265 992 con-

201 1034 364 1100 tingat
397 1073 407 1083 .
442 1072 453 1083 .
494 1071 505 1083 .
539 1034 794 1083 dominum
826 1033 863 1083 J
865 1034 1112 1084 ohannem
1147 1042 1232 1085 aut
1262 1035 1474 1085 heredes
1516 1037 1626 1085 suos
1663 1036 1718 1085 in
1760 1034 2010 1085 solucione
2043 1035 2268 1101 predicte

204 1164 215 1176 .
253 1165 264 1175 .
297 1164 307 1176 .
345 1128 529 1176 summe
555 1130 664 1175 0830
690 1143 970 1176 marcarum
1005 1164 1017 1175 .
1052 1164 1064 1176 .
1095 1160 1108 1175 ·.
1143 1126 1359 1177 deficere
1391 1165 1403 1178 .
1439 1167 1449 1178 .
1487 1167 1499 1178 .
1535 1129 1726 1195 obligat
1755 1129 1803 1179 se
1840 1137 1890 1179 et
1912 1129 2124 1178 heredes
2159 1128 2268 1178 suos

206 1257 214 1268 .
253 1257 263 1268 .
302 1258 313 1268 .
347 1227 507 1289 terras
544 1219 656 1268 suas
698 1220 760 1268 de
802 1219 1120 1285 Ballyshame
1144 1220 1206 1268 de
1232 1220 1448 1270 Brekkis
1489 1229 1538 1270 et
1574 1223 1635 1270 de
1675 1222 1947 1271 Kenbrede
1986 1259 1997 1270 .
2035 1259 2048 1271 .
2090 1258 2102 1271 .
2136 1221 2270 1271 infra

202 1300 600 1363 'vicecomitatum
645 1313 706 1361 de
741 1312 920 1361 Forfar
962 1329 1160 1361 necnon
1199 1313 1366 1362 omnia
1394 1314 1528 1362 bona
1570 1315 1654 1363 sua
1697 1351 1709 1362 .
1748 1351 1762 1363 .
1808 1351 1820 1363 .
1857 1315 1922 1363 ad
1962 1314 2268 1364 voluntatem

197 1444 210 1453 .
249 1444 260 1455 .
297 1443 310 1454 .
348 1405 665 1454 dominorum
689 1404 882 1453 abbatis
907 1411 957 1453 et
983 1411 1259 1453 conuentus
1292 1442 1305 1453 .
1344 1442 1355 1453 .
1392 1441 1403 1453 .
1438 1404 1784 1471 distringenda
1817 1406 1925 1455 fore
1957 1444 1967 1454 .
2002 1444 2013 1454 .
2051 1444 2062 1454 .
2096 1408 2269 1471 quous-

199 1514 296 1564 que
322 1498 411 1548 eiis
436 1507 536 1547 tam
562 1498 625 1547 de
662 1495 891 1562 dampnis
917 1497 1141 1563 expenfis
1167 1505 1217 1547 et
1248 1497 1479 1546 interesse
1514 1515 1665 1562 quam
1697 1499 1759 1547 de
1793 1499 1981 1547 summa
2002 1499 2270 1564 principali

203 1630 214 1641 .
252 1630 264 1641 .
303 1629 314 1640 .
351 1591 503 1641 fuerit
539 1590 847 1640 satisfactum
887 1590 923 1639 fi
965 1608 1062 1655 que
1103 1591 1157 1639 in
1198 1591 1395 1640 dese8w
1433 1591 1700 1640 solucionis
1746 1591 1932 1640 summe
1978 1592 2271 1657 principalis

198 1682 469 1734 sustineant
497 1723 505 1732 .
543 1721 554 1733 .
587 1720 599 1733 .
635 1683 697 1733 In
723 1699 932 1749 quorum
961 1723 970 1733 .
1007 1721 1018 1732 .
1049 1721 1058 1731 .
1084 1683 1421 1733 testimonium
1449 1720 1461 1732 .
1494 1721 1505 1731 .
1542 1721 1552 1732 .
1578 1683 1710 1748 parti
1735 1683 1978 1748 presentis
2002 1683 2270 1733 indenture

199 1778 480 1827 remanenti
505 1792 618 1826 cum
641 1777 837 1843 prefato
859 1776 1063 1825 domino
1086 1814 1097 1825 .
1126 1814 1136 1824 .
1163 1815 1173 1825 .
1199 1774 1413 1842 sigillum
1433 1814 1443 1825 .
1471 1813 1482 1825 .
1509 1813 1520 1824 .
1543 1775 1781 1841 capituli.
1808 1813 1820 1824 .
1848 1814 1858 1824 .
1879 1775 1949 1824 est
1972 1776 2271 1841 appensum·

192 1879 248 1920 vet
270 1870 404 1936 parti
427 1870 708 1919 remanenti
733 1870 867 1934 apud
889 1886 980 1919 nos
1005 1907 1016 1918 .
1047 1906 1066 1917 -.
1104 1906 1115 1917 .
1147 1869 1360 1935 figillum
1399 1906 1409 1917 .
1447 1906 1458 1917 .
1496 1906 1508 1917 .
1546 1868 1740 1917 domini
1765 1868 2015 1918 Johannis
2052 1906 2063 1918 .
2101 1906 2112 1917 .
2151 1906 2163 1917 .
2201 1868 2272 1917 est

200 1965 467 2030 appensum
494 1964 627 2029 apud
650 1963 987 2028 supradi&um
1011 1962 1365 2011 monasterium
1395 1979 1526 2010 anno
1552 1961 1717 2010 mense
1741 1968 1793 2010 et
1817 1961 1898 2010 die
1918 1960 2270 2026 suprascriptis.

204 2224 492 2298 Affedacio
517 2253 767 2294 terrarum
793 2244 855 2293 de
880 2242 1140 2292 Lathame.

90 2431 149 2482 87
206 2409 487 2483 Uniuerfis
522 2468 532 2479 .
568 2467 578 2479 .
610 2467 620 2478 .
654 2428 910 2478 Walterus
944 2465 958 2476 .
995 2454 1007 2476 .-
1041 2465 1055 2476 .
1086 2426 1238 2475 abbas
1275 2462 1287 2473 .
1323 2462 1334 2473 .
1372 2462 1383 2472 .
1418 2424 1479 2472 de
1524 2423 1868 2473 Abirbrothoc
1914 2424 2120 2474 salutem
2158 2462 2169 2473 .
2207 2414 2221 2473 ¹.

210 2523 390 2575 Sciatis
411 2539 505 2572 nos
542 2559 554 2572 .
584 2560 595 2571 .
629 2558 642 2571 .
676 2519 950 2571 conceffiss'e
984 2557 996 2569 .
1032 2558 1045 2569 .
1085 2557 1097 2569 .
1133 2517 1391 2569 Willelmo
1428 2518 1489 2566 de
1533 2515 1910 2582 Strathaquhyn
1944 2516 2178 2582 burgenfi
2213 2519 2272 2567 de

204 2613 394 2665 -Dunde
414 2622 567 2665 totam
584 2623 771 2665 terram
791 2614 853 2663 de
871 2612 1083 2663 Latham
1104 2650 1147 2661 .,
1167 2649 1179 2660 .
1203 2612 1452 2660 iacentem
1471 2610 1604 2659 infra
1619 2610 1934 2676 regalitatem
1953 2648 1965 2659 .
1982 2648 1993 2659 .
2015 2648 2027 2659 .
2047 2611 2109 2659 de
2128 2610 2274 2659 Abir—

210 2709 419 2757 brothoc
437 2723 584 2773 quam
604 2708 640 2757 J
643 2709 826 2757 acobus
849 2703 979 2756 Euie
1003 2722 1094 2771 per
1112 2743 1126 2755 .
1153 2743 1165 2754 .
1191 2744 1203 2756 .
1224 2703 1518 2754 Villelmum
1546 2702 1664 2752 Scot
1689 2710 1739 2751 et
1758 2702 2017 2751 Andream
2042 2702 2274 2752 Demstar

337 2840 347 2848 .
389 2800 658 2865 refignauit
701 2837 712 2848 .
748 2839 758 2849 .
797 2838 807 2848 .
853 2797 1149 2848 Tenendam
1187 2835 1199 2847 .
1243 2834 1256 2846 .
1294 2834 1308 2846 .
1345 2796 1468 2846 ficut
1513 2796 1763 2860 predictus
1809 2794 2031 2844 Jacobus
2079 2795 2272 2844 tenuit·

214 2891 376 2957 Igitur
401 2892 557 2940 sciant
578 2893 832 2957 presentes
857 2899 906 2940 et
928 2891 1086 2940 futuri
1110 2907 1202 2939 nos
1234 2927 1245 2938 .
1278 2927 1291 2938 .
1327 2927 1338 2938 .
1365 2889 1599 2937 ordinare
1632 2927 1642 2937 .
1680 2925 1691 2936 .
1724 2926 1734 2937 .
1759 2887 2010 2937 ›Jacobum
2035 2889 2096 2937 de
2122 2888 2273 2954 Boyis

213 2985 309 3034 hac
338 2984 443 3034 vice
465 2984 704 3033 balliuum
730 2982 952 3032 nostrum
988 3020 999 3032 .
1035 3020 1048 3032 .
1085 3021 1096 3031 .
1132 2981 1338 3031 salinam
1367 2982 1487 3030 dare
1514 2982 1576 3030 de
1613 2981 1756 3030 dietis
1798 2981 1945 3030 terris
1986 3018 1997 3029 .
2037 3019 2047 3030 .
2087 3018 2103 3029 -.
2145 2982 2273 3030 dicto

219 3077 473 3127 willelmo
511 3114 521 3124 .
560 3114 569 3124 .
610 3114 620 3125 .
658 3075 720 3124 In
760 3075 899 3124 cuius
934 3076 1010 3125 rei
1041 3075 1376 3125 testimonium
1411 3072 1623 3139 figillum
1656 3072 1877 3121 nostrum
1913 3073 1985 3122 est
2008 3074 2273 3138 appensum

217 3210 228 3219 .
269 3208 280 3218 .
322 3208 332 3218 .
369 3169 504 3218 sexto
530 3169 611 3218 die
634 3166 812 3216 menfis
838 3164 1020 3217 Marcii
1044 3178 1176 3217 anno
1199 3166 1407 3215 Domini
1433 3171 1499 3215 m⁰
1525 3172 1659 3216 occc⁰
1676 3166 1810 3215 1)(νίιο
1837 3165 2037 3231 [xlvi‘ae]
