2762 3834
44 905 105 948 10

50 3050 106 3093 11

612 386 1052 441 REGISTRUM
1077 388 1176 440 DE
1212 388 1779 443 ABERBROTHOC.
2196 399 2227 447 9

157 595 385 669 Tarwas
421 617 611 666 vicaria
644 617 833 667 soluere
867 617 1015 666 debet
1051 617 1350 667 monasterio
1381 618 1667 684 pensionem
1705 634 1921 669 annuam
1959 622 2066 668 οόὶο
2099 636 2226 668 mar-

158 726 348 760 carum.

160 874 439 949 Univerfis
477 934 488 944 .
529 933 541 944 .
584 933 595 944 .
633 895 837 945 ecclesie
873 895 988 944 filiis
1029 933 1041 944 .
1083 933 1096 945 .
1138 933 1149 944 .
1187 895 1479 945 Alexander
1519 932 1531 944 .
1572 934 1584 945 .
1626 934 1638 946 .
1680 896 1962 963 Episcopus.
1993 898 2225 965 Abyrdo-

158 990 320 1040 nensis
365 1029 375 1040 .
422 1028 433 1039 .
479 1028 491 1039 .
532 983 864 1039 Vniuersitati
890 989 1050 1038 uestre
1079 997 1252 1038 notum
1286 989 1493 1038 facimus
1534 1026 1551 1038 ..
1588 1027 1600 1038 .
1639 1027 1651 1038 .
1690 991 1826 1056 quod
1849 992 2078 1041 dominus
2106 991 2226 1042 Gal-

157 1085 315 1133 fridus
341 1085 402 1133 de
428 1083 624 1149 Wellys
648 1090 919 1148 perpetuus
945 1083 1160 1131 vicarius
1186 1083 1247 1130 de
1275 1082 1480 1131 Tarwas
1515 1083 1567 1131 in
1603 1085 1853 1149 presentia
1876 1086 2045 1134 nostra
2093 1124 2105 1135 .

158 1175 399 1226 confessus
425 1175 495 1225 est
520 1176 772 1240 quandam
804 1192 1020 1223 annuam
1058 1174 1344 1239 pensionem
1381 1179 1488 1223 octo
1520 1177 1836 1226 marcharum
1875 1177 2223 1243 sterlingorum

157 1271 331 1320 deberi
366 1268 666 1318 monasterio
693 1269 754 1316 de
781 1268 1139 1334 Abyrbrothoc
1176 1268 1238 1316 de
1263 1268 1454 1317 vicaria
1487 1270 1572 1318 sua
1607 1271 1668 1318 de
1696 1271 1936 1338 Tarways
1985 1309 1996 1320 .
2044 1309 2055 1320 .
2104 1310 2115 1321 .
2162 1274 2223 1321 de

156 1364 363 1413 decimis
404 1362 518 1411 lane
562 1369 611 1410 et
653 1378 898 1427 agnorum
937 1361 1153 1409 eiusdem
1188 1360 1374 1408 vicarie
1415 1360 1764 1411 soluendarum
1807 1394 1817 1404 -
1860 1364 1999 1414 cuius
2025 1365 2227 1429 quidem

156 1456 405 1522 pensionis
432 1455 728 1504 solutionem
759 1454 1021 1502 distulerat
1059 1471 1149 1519 per
1188 1453 1443 1501 biennium
1469 1455 1600 1502 vnde
1633 1457 1894 1506 tenebatur
1925 1459 1977 1506 in
2014 1458 2225 1507 sedecim

156 1547 372 1598 marchis
398 1548 460 1596 de
485 1546 665 1612 quibus
698 1545 1088 1594 misericorditer
1119 1545 1336 1611 gratiam
1369 1546 1456 1595 fibi
1489 1546 1599 1595 fieri
1634 1549 1782 1613 petiit
1817 1567 1847 1598 a
1879 1550 2079 1599 domino
2106 1533 2226 1606 Gal„-

156 1643 289 1692 frido
332 1650 453 1691 tunc
492 1640 732 1704 temporis
775 1639 954 1688 abbate
998 1639 1060 1687 de
1099 1639 1442 1689 Abirbrothoc
1481 1647 1530 1690 et
1569 1642 1633 1690 ad
1672 1641 1967 1692 instanciam
2009 1645 2227 1694 nostram

156 1736 490 1787 remissionem
528 1733 746 1800 optinuit
778 1734 840 1782 de
874 1733 956 1781 sex
985 1732 1204 1782 marchis
1242 1760 1253 1771 ·
1292 1732 1364 1782 ita
1398 1741 1565 1783 tamen
1590 1736 1724 1799 quod
1747 1735 1878 1784 dista
1905 1736 2117 1785 remifiio
2142 1737 2228 1786 fibi

156 1840 207 1880 et
239 1829 541 1880 monasterio
575 1828 660 1877 suo
687 1845 786 1893 quo
812 1818 976 1876 minus
1011 1827 1258 1892 integram
1298 1826 1582 1891 pensionem
1610 1829 1810 1895 exigere
1840 1829 1982 1895 poffit
2013 1831 2075 1879 de
2100 1831 2228 1880 disto

157 1925 362 1973 domino
379 1922 613 1973 Galfrido
631 1929 681 1970 et
699 1919 1050 1970 successoribus
1069 1920 1164 1968 suis
1185 1919 1237 1968 in
1262 1920 1596 1985 prejudicium
1617 1938 1719 1971 non
1742 1923 1886 1972 cedat
1907 1923 1959 1971 in
1975 1923 2195 1973 futurum
2217 1953 2227 1963 ·

157 2008 438 2083 protestans
474 2016 676 2081 insuper
701 2015 836 2079 quod
859 2031 950 2079 per
974 2012 1254 2062 huiusmodi
1284 2012 1615 2062 remissionem
1640 2014 1771 2063 diam
1799 2015 2029 2065 Galfrido
2054 2017 2230 2065 factam

158 2112 252 2160 hac
277 2110 388 2160 uice
414 2127 514 2158 non
547 2108 767 2158 intendit
798 2107 1037 2157 recedere
1069 2125 1100 2156 a
1128 2105 1311 2155 litteris
1348 2105 1691 2156 instrumentis
1729 2115 1778 2157 et
1816 2109 2229 2158 conuentionibus

158 2196 304 2269 super
335 2204 484 2253 modo
517 2210 567 2252 et
600 2201 763 2250 forma
787 2201 917 2249 diae
950 2199 1199 2266 pensionis
1230 2200 1353 2249 alias
1377 2200 1559 2250 habitis
1584 2208 1635 2250 et
1658 2201 1800 2266 penis
1830 2201 1883 2251 in
1906 2202 2087 2250 eisdem
2114 2219 2228 2250 con-

159 2297 310 2347 tentis
335 2327 346 2337 ·
371 2296 437 2346 Et
452 2296 506 2344 in
527 2294 864 2345 testimonium
883 2292 1223 2358 premissorum
1244 2293 1455 2357 sigillum
1477 2292 1699 2342 nostrum
1718 2294 2027 2358 presentibus
2045 2295 2228 2359 apponi

159 2390 368 2440 fecimus
406 2417 416 2427 ·
453 2389 644 2439 Datum
683 2387 817 2453 apud
849 2385 1113 2435 canoniam
1146 2386 1363 2435 nostram
1402 2387 1463 2435 de
1503 2386 1750 2452 Abyrden
1782 2386 1862 2435 die
1898 2386 2140 2436 Mercurii
2175 2388 2227 2436 in

160 2483 283 2532 festo
324 2483 468 2531 Beati
494 2480 767 2547 Augustini
809 2478 1027 2545 episcopi
1064 2487 1112 2528 et
1138 2479 1352 2528 do&0ris
1390 2497 1520 2528 anno
1556 2479 1725 2546 gracie
1756 2479 2013 2528 millesimo
2038 2487 2227 2529 trecen-

161 2576 331 2625 tefimo
357 2575 605 2625 tricesimo
630 2574 808 2638 primo.

161 2839 338 2914 Carta
359 2861 608 2926 hostilagii
631 2861 788 2910 nostri
814 2861 876 2910 de
902 2859 1074 2926 Kony.

164 3019 431 3100 Omnibus
482 3083 494 3095 .
549 3084 559 3094 .
613 3083 624 3094 .
674 3046 830 3096 frater
874 3045 1135 3096 Galfridus
1187 3082 1198 3093 .
1251 3081 1263 3094 .
1318 3083 1329 3094 .
1381 3046 1532 3095 abbas
1580 3045 1640 3094 de
1683 3045 2020 3094 Abirbrothoc
2076 3082 2088 3093 .
2142 3081 2153 3091 .
2213 3081 2222 3091 .

165 3139 382 3189 Nouerit
407 3137 699 3188 vniuersitas
718 3138 883 3187 vestra
906 3154 997 3186 nos
1036 3175 1048 3186 .
1087 3175 1099 3185 .
1138 3175 1149 3185 .
1184 3136 1365 3186 dedisse
1400 3175 1410 3185 .
1450 3175 1461 3185 .
1503 3175 1513 3185 .
1551 3137 1772 3186 Roberto
1795 3136 1897 3187 filio
1921 3135 2121 3185 Ranloti
2144 3135 2225 3183 del

164 3234 372 3298 Mernys
409 3270 421 3281 .
461 3270 472 3282 .
513 3270 524 3281 .
562 3239 749 3281 terram
771 3230 1025 3297 hostilagii
1050 3229 1206 3279 nostri
1228 3230 1289 3278 de
1309 3228 1463 3295 Kolly
1488 3258 1498 3268 ·
1527 3228 1819 3278 Tenendam
1856 3265 1868 3277 .
1908 3237 1919 3276 .’
1958 3264 1968 3275 .
2005 3227 2056 3275 in
2080 3225 2221 3274 feodo

1187 3339 1214 3368 Β
