2762 3834
567 368 665 417 340
1014 358 1439 416 REGISTRUM
1473 357 1570 412 DE
1605 356 2167 411 ABERBROTHOC.

568 570 867 644 commistio
892 588 976 638 sub
1002 588 1157 653 sigillo
1183 585 1430 635 communi
1456 583 1519 633 ad
1542 585 1810 648 petendum
1829 585 1959 634 bona
1979 583 2172 634 Thome
2191 585 2311 652 Fyff
2327 603 2418 652 pro
2438 591 2614 638 annuis

566 682 759 732 debitis.

417 865 514 909 425
567 841 842 913 Uniuerfis
892 898 902 908 .
949 897 960 907 .
1005 897 1016 907 .
1065 858 1234 907 David
1280 895 1291 906 .
1330 895 1341 905 .
1389 895 1400 906 .
1443 857 1594 907 abbas
1637 893 1648 906 .
1695 894 1706 905 .
1752 895 1763 906 .
1810 859 1873 907 αθ
1915 858 2193 910 Abirbroth
2238 898 2249 909 .
2295 899 2306 910 .
2351 900 2362 911 .
2411 863 2612 912 sa1utem

567 992 578 1002 .
617 991 628 1002 .
669 990 680 1001 .
712 952 970 1002 Noueritis
993 968 1083 999 nos
1107 950 1270 999 fecisse
1307 986 1319 998 .
1359 987 1370 998 .
1410 987 1421 998 .
1459 950 1686 1000 dominos
1706 950 1952 1002 Jacobum
1976 953 2244 1003 Lawsone·
2269 954 2612 1005 Alexandrum

565 1044 711 1095 Crale
737 1073 746 1084 ·
772 1043 808 1093 J
811 1044 1055 1092 ohannem
1082 1041 1330 1091 Dunbrek
1354 1071 1365 1082 ·
1390 1043 1659 1091 monachos
1703 1080 1714 1092 .
1758 1076 1770 1092 1
1814 1080 1826 1092 .
1867 1042 2165 1109 presbiteros
2189 1063 2247 1095 ac
2271 1044 2463 1095 nostros
2499 1065 2612 1096 con·

562 1137 738 1186 fratres
775 1164 785 1175 ·
827 1136 1080 1184 dominum
1117 1135 1153 1184 J
1156 1135 1401 1183 ohannem
1442 1133 1629 1201 Ogilvy
1665 1135 1727 1184 de
1764 1129 1993 1201 Fyngafk
2029 1135 2237 1185 militem
2281 1166 2291 1176 ·
2330 1137 2610 1187 Johannem

562 1228 706 1294 Lessy
730 1229 792 1277 de
820 1227 1061 1295 Wardrys
1086 1256 1096 1266 ·
1123 1226 1468 1276 Alexandrum
1495 1226 1737 1293 Chalmyr
1762 1227 1825 1276 de
1846 1226 2008 1277 Cultis
2033 1255 2044 1266 ·
2068 1226 2315 1277 Thomam
2343 1227 2584 1296 Chalmyr
2601 1260 2611 1269 ·

562 1322 595 1370 J
599 1322 841 1370 ohannem
867 1320 1095 1370 Wormet
1119 1320 1412 1384 burgensem
1435 1321 1499 1368 de
1522 1319 1760 1368 Aberden
1786 1349 1796 1359 ·
1823 1326 1873 1368 et
1895 1318 2171 1368 Patricium
2193 1319 2368 1386 Vldny
2386 1350 2397 1361 ·
2418 1321 2611 1371 nostros

564 1452 574 1462 .
614 1451 624 1461 .
665 1452 676 1462 .
713 1421 1060 1479 procuratores
1099 1451 1110 1461 .
1157 1451 1167 1460 .
1212 1449 1223 1460 .
1268 1411 1331 1460 ad
1357 1411 1744 1476 comparendum
1772 1427 1940 1460 coram
1973 1411 2220 1476 prepofito
2255 1413 2317 1461 de
2352 1412 2610 1463 Abbirden

560 1506 755 1556 balliuis
791 1505 1005 1555 eiusdem
1042 1513 1092 1554 et
1127 1504 1236 1553 aliis
1271 1504 1450 1569 quibus
1483 1503 1727 1552 incumbit
1762 1504 1825 1551 ad
1868 1541 1880 1552 .
1921 1540 1933 1551 .
1978 1541 1988 1552 .
2030 1505 2299 1568 petendum
2335 1544 2345 1554 .
2383 1546 2392 1554 .
2431 1546 2439 1554 .
2478 1515 2610 1555 tene-

560 1607 727 1648 menta
749 1607 908 1647 terras
928 1597 1196 1662 peccunias
1215 1614 1274 1645 ac
1292 1596 1423 1645 bona
1441 1594 1644 1644 mobilia
1659 1603 1709 1644 et
1723 1594 1997 1645 immobilia
2013 1594 2208 1646 Thome
2227 1596 2348 1663 Fyff
2357 1598 2611 1663 burgensis

560 1686 623 1739 de
657 1690 894 1739 Aberden
921 1698 971 1739 et
995 1690 1167 1739 eadem
1204 1687 1347 1737 nobis
1383 1725 1394 1736 .
1429 1726 1439 1735 .
1479 1726 1491 1737 .
1528 1688 1896 1753 importandum
1936 1717 1947 1728 ·
1989 1696 2038 1737 et
2073 1688 2107 1736 fi
2141 1688 2330 1738 necesse
2366 1690 2516 1740 fuerit
2547 1692 2611 1740 ad

560 1783 897 1847 recipiendum
947 1820 958 1830 .
1003 1819 1015 1830 .
1051 1822 1060 1830 .
1108 1779 1328 1832 saisinam
1367 1782 1429 1829 de
1468 1779 1839 1845 quibuscunque
1878 1780 2173 1830 tenementis
2214 1798 2272 1829 ac
2312 1782 2457 1830 terris
2493 1781 2607 1830 dieti

562 1874 754 1924 Thome
802 1892 890 1940 per
935 1874 1235 1940 prepositum
1283 1874 1583 1924 antediGmm
1629 1874 1794 1922 datam
1843 1874 1923 1922 vel
1970 1914 1979 1922 .
2028 1913 2037 1922 .
2089 1911 2101 1922 .
2150 1873 2272 1923 alios
2318 1874 2607 1939 potestatem

558 1968 794 2017 habentes
836 2006 846 2016 .
884 2008 892 2017 .
931 2006 940 2016 .
979 1984 1070 2033 pro
1095 1967 1469 2031 quibuscunque
1493 1965 1691 2014 summis
1714 1965 2070 2030 peccuniarum
2090 1982 2182 2031 pro
2207 1967 2383 2015 annuis
2404 1966 2608 2015 redditi-

557 2063 648 2111 bus
685 2062 826 2110 nobis
860 2079 950 2126 per
992 2062 1203 2111 eundem
1240 2060 1487 2110 Thomam
1526 2058 1706 2108 debitis
1750 2095 1761 2106 .
1798 2096 1808 2106 .
1857 2096 1868 2106 .
1909 2065 1962 2106 vt
1996 2057 2049 2106 in
2085 2058 2265 2107 litteris
2309 2096 2320 2107 .
2365 2096 2376 2107 .
2423 2096 2433 2107 .
2477 2060 2608 2123 regis

556 2155 638 2203 seu
664 2154 975 2202 dominorum
1012 2153 1211 2202 concilii
1246 2152 1443 2219 plenius
1479 2152 1764 2201 continetur
1807 2189 1818 2200 .
1862 2189 1873 2200 .
1919 2188 1931 2200 .
1974 2151 2128 2217 Apud
2171 2190 2181 2201 .
2226 2190 2237 2201 .
2285 2190 2295 2200 .
2338 2152 2607 2217 capitulum

556 2247 636 2296 die
660 2248 833 2295 octauo
857 2245 1033 2295 menfis
1059 2246 1250 2311 Aprilis
1275 2263 1406 2295 anno
1431 2244 1639 2294 Domini
1662 2244 1918 2293 millefirno
1943 2244 2334 2310 quingentesimo
2358 2246 2588 2294 secundo.

562 2491 888 2582 [Commissio
911 2534 1002 2582 pro
1028 2534 1125 2566 vno
1150 2518 1322 2583 anno.]

404 2690 502 2740 426
550 2675 710 2748 Nota
734 2725 743 2735 ·
772 2694 1055 2745 Commiffio
1077 2697 1192 2746 data
1216 2696 1286 2745 est
1311 2715 1441 2746 anno
1466 2697 1674 2746 Domini
1702 2696 1956 2747 millefimo
1974 2697 2365 2762 quingentesimo
2388 2697 2605 2745 secundo

553 2805 683 2838 nono
708 2788 788 2837 die
812 2788 987 2836 mensis
1011 2786 1135 2836 Maii
1161 2789 1386 2838 durando
1410 2806 1500 2855 per
1524 2805 1707 2840 annum
1731 2789 1840 2854 post
1862 2790 2028 2838 datam
2064 2787 2371 2854 presencium
2407 2815 2418 2826 ·
2452 2788 2489 2836 J
2492 2786 2603 2836 usti-

554 2881 694 2931 ciarii
730 2882 840 2930 sunt
880 2879 1134 2929 Johannes
1169 2880 1356 2946 Ogilvy
1387 2882 1449 2931 de
1486 2882 1718 2948 Fyngask
1758 2909 1769 2921 ·
1812 2881 2088 2930 Willelmus
2121 2880 2500 2945 Ouchtirlowny
2536 2880 2601 2927 (16

554 2974 725 3023 eodem
762 3002 772 3012 ·
808 2972 1025 3020 Thomas
1052 2970 1237 3037 Ogilvy
1264 3003 1274 3013 ·
1300 2973 1481 3022 milites
1513 3000 1523 3010 ·
1549 2973 1803 3022 Walterus
1827 2971 2088 3038 Lychtone
2115 2972 2178 3021 dc
2203 2970 2484 3021 Vllishavin
2510 2999 2521 3010 ·
2551 2978 2599 3019 et

551 3066 837 3116 Alexander
863 3064 1086 3128 Baldovy
1111 3064 1172 3112 (1.6
1198 3065 1383 3112 eodem.
