2762 3834
41 2242 98 2286 88

600 348 1024 399 REGISTRUM
1058 348 1156 398 DE
1193 350 1749 404 ABERBROTHOC.
1965 364 1967 366 ’
2104 366 2197 417 387

150 553 482 624 Auchorrow
508 573 753 622 affedatur
777 574 1084 622 Archibaldo
1113 574 1309 641 Ogilwy
1336 585 1385 625 et
1409 577 1443 625 J
1447 587 1591 627 onete
1616 579 1785 643 sponse
1810 581 1904 630 sue.

148 732 275 806 Nos
312 754 558 818 Georgius
602 794 609 802 .
655 794 663 802 .
708 794 716 802 .
762 755 911 802 abbas
937 755 998 802 de
1025 755 1250 803 Arbroth
1288 795 1295 803 .
1335 795 1343 804 .
1382 796 1390 804 .
1429 758 1698 808 affedamus
1739 801 1747 809 .
1788 802 1796 809 .
1838 802 1846 810 .
1886 763 2193 814 Archibaldo

149 846 335 912 Ogilvy
360 853 410 894 et
432 845 468 894 J
471 855 615 895 onete
643 845 868 895 Currour
893 846 1061 910 sponse
1086 847 1168 894 sue
1191 847 1426 896 moderne
1465 889 1474 897 .
1513 889 1522 898 .
1560 890 1568 899 .
1606 868 1695 915 pro
1721 860 1824 902 toto
1850 863 2070 920 tempore
2095 858 2194 906 vite

198 978 206 986 .
251 978 259 986 .
303 938 472 986 villam
497 938 714 986 nostram
741 938 800 986 de
825 938 1165 986 Auchorrowe
1207 977 1216 985 .
1263 975 1273 985 .
1319 976 1330 986 .
1374 956 1485 988 cum
1514 942 1717 992 decimis
1752 947 2034 1009 garbalibus
2078 989 2086 996 .
2131 989 2139 996 .
2184 990 2191 998 .

146 1031 357 1079 termino
383 1047 501 1079 vero
526 1031 759 1079 introitus
804 1069 814 1079 .
857 1056 889 1080 .·
910 1068 922 1079 .
965 1030 1236 1094 incipiente
1262 1039 1483 1096 tempore
1509 1036 1827 1087 confectionis
1851 1041 2157 1103 presencium
2181 1071 2191 1080 ·

148 1123 398 1173 Soluendo
446 1163 455 1172 .
506 1160 517 1171 .
568 1162 577 1171 .
625 1140 805 1173 nouem
841 1123 992 1172 libras
1029 1124 1109 1172 sex
1145 1123 1324 1171 solidos
1350 1132 1399 1173 et
1424 1130 1531 1175 octo
1556 1129 1784 1178 denarios
1829 1169 1838 1179 .
1887 1170 1896 1179 .
1944 1170 1954 1180 .
1996 1143 2191 1182 monete

147 1253 157 1263 .
204 1254 214 1263 .
260 1253 271 1264 .
319 1215 492 1265 Scoeie
535 1216 598 1264 ad
637 1253 647 1263 .
689 1252 700 1264 .
740 1252 752 1263 .
789 1214 911 1263 festa
954 1253 964 1263 .
1013 1252 1024 1263 .
1071 1253 1081 1263 .
1128 1215 1480 1266 Penthecostes
1522 1226 1571 1267 et
1614 1219 1778 1271 Sancti
1827 1223 2033 1273 Martini
2076 1265 2084 1273 .
2129 1266 2137 1274 .
2182 1266 2190 1274 .

145 1325 253 1356 cum
300 1316 527 1372 rynmart
574 1314 622 1355 et
667 1308 835 1373 wedyr
880 1315 928 1355 et
973 1307 1200 1356 omnibus
1244 1308 1353 1357 aliis
1394 1309 1757 1361 husbandorum
1802 1316 2032 1365 oneribus
2075 1356 2084 1365 .
2127 1357 2135 1366 .
2181 1357 2190 1366 .

147 1399 378 1448 Preterea
401 1417 501 1447 non
526 1399 696 1448 licebit
719 1400 952 1464 predictis
989 1440 998 1448 .
1036 1438 1046 1448 .
1085 1438 1095 1448 .
1132 1401 1298 1449 villam
1337 1439 1348 1449 .
1388 1440 1397 1450 .
1432 1441 1441 1450 .
1480 1404 1623 1452 alteri
1661 1406 1876 1456 affedare
1904 1408 2002 1456 fine
2027 1410 2192 1458 nostra

143 1491 353 1541 licencia
391 1532 399 1540 .
439 1532 448 1540 .
487 1529 497 1540 .
543 1492 765 1540 cottariis
791 1492 1010 1557 exceptis
1054 1522 1063 1531 ·
1105 1493 1170 1541 Et
1206 1492 1240 1541 fi
1281 1533 1289 1541 .
1331 1534 1339 1541 .
1380 1534 1388 1542 .
1429 1496 1557 1545 male
1580 1498 1913 1561 persoluentes
1952 1541 1960 1549 .
2005 1542 2013 1549 .
2057 1542 2065 1550 .
2108 1513 2191 1551 aut

143 1583 360 1632 iniuriosi
386 1584 643 1634 extiterint
668 1584 837 1633 licebit
862 1585 1005 1633 nobis
1046 1625 1054 1633 .
1099 1625 1107 1633 .
1152 1625 1159 1633 .
1205 1567 1310 1634 de.
1350 1627 1358 1634 .
1398 1625 1405 1632 .
1444 1588 1561 1637 villa
1592 1583 1847 1655 disponere
1894 1631 1903 1640 .
1945 1631 1954 1641 .
1995 1632 2004 1640 .
2041 1594 2190 1643 Anno

143 1676 349 1726 Domini
373 1683 440 1725 m⁰
464 1677 855 1742 quingentesimo
880 1694 1026 1726 nono.

144 1938 356 2027 Quarta
390 1977 505 2024 pars
541 1959 656 2008 ville
693 1960 753 2008 de
786 1959 1129 2025 Westyrperse
1167 1960 1408 2010 affedatur
1453 1960 1645 2010 Thome
1691 1961 1889 2028 Ogilwy
1926 1972 1974 2011 et
2012 1963 2192 2013 Jonete

144 2054 442 2120 Abyrnethy
467 2054 638 2118 sponse
664 2055 760 2102 sue.

146 2213 273 2285 Nos
300 2235 549 2299 Georgius
592 2274 600 2282 .
642 2273 650 2282 .
694 2272 704 2282 .
742 2233 893 2282 abbas
931 2273 939 2282 .
975 2274 984 2281 .
1023 2273 1031 2281 .
1070 2235 1132 2282 de
1152 2233 1378 2282 Arbroth
1415 2270 1425 2281 .
1469 2273 1478 2280 .
1515 2273 1523 2281 .
1562 2211 1867 2281 affedamus.
1902 2271 1911 2280 .
1952 2273 1960 2281 .
1999 2233 2190 2281 Thome

149 2326 343 2393 Ogilwy
388 2335 437 2376 et
480 2326 663 2375 Jonete
709 2326 994 2392 Abirnethy
1038 2326 1207 2391 sponse
1250 2326 1330 2375 sue
1374 2366 1382 2375 .
1428 2364 1438 2374 .
1482 2365 1492 2374 .
1533 2343 1624 2390 pro
1666 2326 1888 2375 terminis
1930 2327 2100 2376 decem
2142 2336 2190 2375 et

147 2436 322 2468 nouem
348 2437 592 2468 annorum
627 2457 637 2467 .
671 2458 680 2467 .
718 2457 728 2467 .
762 2427 990 2482 quartam
1015 2426 1205 2482 partem
1226 2419 1342 2467 ville
1366 2418 1531 2467 nostre
1557 2419 1618 2466 de
1636 2418 1960 2482 Westirperse
1983 2419 2189 2467 iacentis

146 2511 198 2559 in
237 2512 455 2561 dominio
494 2509 662 2559 nostro
704 2511 765 2559 de
803 2510 1149 2576 Kyncoldrum
1192 2527 1302 2558 cum
1347 2550 1355 2558 .
1397 2548 1407 2558 .
1448 2548 1459 2560 .
1502 2510 1706 2558 decimis
1745 2510 2029 2574 garbalibus
2071 2547 2082 2558 .
2125 2549 2135 2559 .
2178 2549 2187 2559 .

151 2602 397 2652 Soluendo
441 2641 451 2651 .
495 2641 506 2652 .
552 2641 562 2651 .
605 2611 705 2652 tres
729 2603 880 2652 libras
910 2610 1010 2652 tres
1043 2602 1223 2651 solidos
1248 2611 1296 2651 et
1321 2610 1532 2666 quatuor
1568 2602 1797 2650 denarios
1839 2640 1847 2649 .
1892 2638 1903 2648 .
1943 2639 1953 2649 .
1995 2611 2189 2651 monete

150 2731 162 2745 .
207 2732 218 2742 .
262 2732 273 2743 .
320 2694 493 2744 Scoeie
535 2696 600 2744 ad
642 2733 653 2744 .
697 2734 706 2743 .
750 2734 760 2744 .
802 2695 926 2744 festa
968 2732 976 2742 .
1019 2734 1028 2743 .
1071 2733 1081 2743 .
1124 2694 1474 2744 Penthecostes
1516 2702 1565 2742 et
1609 2692 1775 2743 Sancti
1819 2693 2027 2742 Martini
2070 2731 2079 2740 .
2125 2732 2134 2742 .
2180 2733 2188 2741 .

149 2803 257 2835 cum
297 2795 522 2852 rynmart
558 2796 607 2836 et
642 2788 845 2853 weddyr
887 2805 945 2836 ac
987 2786 1214 2835 omnibus
1253 2786 1360 2834 aliis
1397 2786 1761 2835 husbandorum
1798 2786 2026 2834 oneribus
2068 2825 2076 2833 .
2123 2822 2134 2832 .
2178 2825 2185 2833 .

149 2876 382 2928 Preterea
423 2916 434 2928 .
480 2917 491 2928 .
537 2917 548 2929 .
593 2881 626 2928 fi
662 2919 679 2931 ,.
724 2919 733 2928 .
776 2918 788 2929 .
829 2879 1016 2928 fuerint
1056 2916 1067 2928 .
1112 2918 1121 2927 .
1161 2918 1170 2928 .
1213 2879 1341 2927 male
1388 2877 1721 2943 persoluentes
1765 2913 1776 2925 .
1823 2914 1834 2924 .
1885 2913 1893 2922 .
1937 2884 2020 2925 aut
2062 2876 2186 2924 iniu-

149 2969 258 3017 riofi
298 2970 467 3020 licebit
507 2972 648 3020 nobis
694 3009 704 3020 .
751 3009 762 3020 .
806 3010 816 3019 .
862 2972 922 3019 de
970 3009 980 3019 .
1023 3010 1031 3019 .
1073 3008 1085 3019 .
1129 2978 1307 3034 quarta
1345 2976 1486 3033 parte
1522 2986 1634 3017 cum
1670 3005 1682 3017 .
1727 3006 1737 3016 .
1781 3006 1791 3016 .
1832 2968 2033 3016 decimis
2072 3004 2082 3015 .
2123 3005 2134 3015 .
2174 3003 2184 3014 .

151 3061 403 3126 disponere
443 3102 453 3111 .
500 3101 510 3111 .
558 3101 566 3110 .
615 3063 766 3111 Anno
791 3062 998 3111 Domini
1022 3069 1088 3110 m⁰
1119 3059 1508 3126 quingentefimo
1534 3076 1678 3108 nono.
