2762 3834
63 642 157 690 363

68 2201 160 2252 364

655 362 1081 413 REGISTRUM
1116 363 1211 413 DE
1247 365 1798 418 ABERBROTHOC.
2139 376 2232 427 297

207 499 637 571 procuratorium
662 521 724 569 ad
749 521 1017 584 petendum
1042 520 1193 570 libros
1218 525 1278 572 ab
1303 526 1660 574 executoribus.

210 720 218 727 .
256 719 264 728 .
300 719 308 727 .
347 679 521 727 Pateat
563 717 571 725 .
611 717 619 725 .
657 717 666 725 .
707 694 797 725 nos
821 676 993 726 Dauid
1017 678 1255 744 abbatem⁴
1283 717 1293 728 .
1340 719 1350 728 .
1397 719 1408 729 .
1450 683 1510 731 de
1545 683 1877 732 Abirbrothoc
1919 722 1927 730 .
1966 721 1974 731 .
2013 722 2021 730 .
2066 684 2240 731 consti—

210 771 346 820 tuisse
392 807 401 817 .
448 807 458 817 .
505 807 515 817 .
560 768 780 816 nostrum
818 768 1119 818 confratrem
1154 771 1403 820 dominum
1438 774 1716 823 Johannem
1753 774 1912 838 Fethy
1947 775 2237 822 monachum

326 900 337 911 .
379 861 597 909 nostrum
649 898 658 908 .
710 897 721 908 .
773 897 784 908 .
833 868 1204 924 procuratorem
1251 900 1261 910 .
1314 901 1323 911 .
1372 901 1382 912 .
1429 866 1490 913 ad
1531 866 1796 930 petendum
1841 904 1851 913 .
1898 903 1907 913 .
1954 903 1964 913 .
2008 866 2240 929 quosdam

208 955 359 1002 libros
400 954 521 1002 iuris
565 952 793 1001 canonici
833 952 1065 1002 videlicet
1106 953 1376 1003 decretales
1417 965 1465 1005 et
1505 958 1705 1006 decreta
1744 957 1860 1005 olim
1902 957 2241 1005 accomodatos

210 1045 440 1110 magistro
477 1045 767 1093 Alexandro
804 1043 961 1108 Inglis
997 1045 1246 1108 quondam
1279 1047 1625 1096 archidiacono
1665 1049 2012 1099 Sanctiandree
2047 1048 2131 1096 sub
2159 1049 2243 1095 sua

210 1147 420 1203 ypoteca
467 1146 515 1185 et
563 1136 872 1202 obligacione
920 1153 978 1184 ac
1024 1137 1242 1185 manuali
1287 1140 1643 1205 subscripcione
1690 1159 1719 1189 a
1758 1141 1853 1189 suis
1903 1140 2242 1190 executoribus

210 1230 474 1279 heredibus
500 1238 548 1277 et
573 1228 821 1292 affignatis
845 1255 855 1265 ·
883 1227 1033 1285 Quod
1057 1228 1089 1275 fi
1116 1228 1232 1277 dicti
1266 1267 1277 1277 .
1313 1268 1323 1278 .
1358 1268 1369 1279 .
1402 1232 1553 1279 dictos
1577 1232 1728 1280 libros
1751 1232 2013 1280 secundum
2037 1232 2242 1278 formam

212 1320 533 1386 obligacionis
579 1327 836 1384 gratanter
884 1355 895 1367 0
944 1356 954 1367 .
1002 1357 1010 1367 .
1057 1318 1314 1369 restituere
1364 1359 1374 1369 .
1419 1358 1430 1370 .
1476 1359 1486 1369 .
1535 1322 1867 1370 recusauerint
1912 1323 2081 1369 damus
2125 1359 2135 1368 .
2179 1359 2187 1368 .
2231 1358 2241 1367 .

210 1415 501 1479 potestatem
544 1451 553 1460 .
599 1451 609 1460 .
652 1451 661 1460 .
707 1413 836 1460 dicto
864 1411 1030 1459 nostro
1057 1412 1321 1461 constituto
1347 1413 1411 1460 ad
1433 1413 1727 1461 mouendum
1750 1413 1861 1461 lites
1886 1422 2057 1461 contra
2091 1412 2243 1459 dictos

336 1544 346 1554 .
397 1523 563 1555 coram
612 1523 908 1569 quocunque
956 1505 1119 1553 iudice
1169 1506 1467 1569 competenti
1510 1514 1558 1554 et
1606 1506 1850 1569 signanter
1909 1522 2070 1553 coram
2119 1543 2127 1551 .
2177 1543 2185 1551 .
2234 1543 2243 1550 .

210 1598 443 1664 magistro
468 1597 639 1645 Dauid
675 1597 927 1645 Meld1·um
965 1597 1205 1645 canonico
1231 1597 1571 1646 Dunkeldenfi
1597 1614 1655 1644 ac
1681 1596 1872 1644 officiali
1897 1594 2243 1644 Samffiandree

209 1690 474 1756 principali
499 1685 697 1753 eiusque
724 1688 1058 1737 commifl'ariis
1085 1729 1093 1737 .
1121 1729 1130 1737 .
1158 1729 1166 1737 .
1192 1689 1343 1753 Apud
1366 1687 1700 1737 Abirbrothoc
1726 1687 1946 1736 vicefimo
1972 1687 2050 1734 die
2074 1686 2245 1733 menfis

209 1782 334 1832 Julii
359 1800 490 1831 anno
516 1781 722 1830 Domini
746 1780 1002 1830 millefimo
1029 1787 1162 1830 cccc⁰
1186 1781 1498 1845 nonagesimo
1522 1780 1674 1829 sexto.

210 2032 577 2103 Abirbrothoc
602 2052 654 2099 in
681 2051 983 2100 Ratounraw
1009 2059 1344 2101 tenementum
1370 2050 1611 2099 affedatur
1638 2047 1886 2097 Willelmo
1912 2049 2107 2096 Arrate.

213 2216 473 2289 Omnibus
517 2276 527 2286 .
566 2276 576 2286 .
613 2277 623 2286 .
667 2238 837 2287 Dauid
885 2240 1035 2288 abbas
1080 2277 1090 2288 .
1134 2278 1144 2287 .
1189 2276 1200 2287 .
1244 2241 1304 2288 de
1352 2240 1687 2289 Abirbrothoc
1729 2280 1738 2290 .
1784 2279 1794 2289 .
1839 2280 1848 2290 .
1890 2243 2087 2290 salutem
2131 2279 2139 2288 .
2180 2277 2189 2287 .
2235 2279 2243 2286 .

215 2329 390 2379 Sciatis
408 2348 497 2379 nos
530 2369 539 2380 .
575 2370 585 2379 .
625 2368 634 2378 .
668 2331 943 2380 conceffisse
977 2370 985 2380 .
1021 2369 1031 2379 .
1072 2371 1083 2381 .
1120 2331 1371 2380 Willelmo
1391 2331 1574 2379 Arrate
1593 2333 1817 2397 burgensi
1837 2334 1896 2380 de
1913 2332 2243 2380 Abirbrothoc

212 2440 360 2470 vnum
385 2423 558 2471 toftum
598 2431 729 2471 terre
755 2424 816 2471 de
841 2423 886 2470 le
912 2424 1210 2472 Bowchishil
1241 2425 1305 2472 ad
1336 2424 1660 2472 edificandum
1697 2433 2024 2473 tenementum
2057 2434 2243 2473 tantum

210 2514 378 2562 iacens
402 2515 453 2562 in
479 2515 524 2562 le
551 2514 852 2563 Ratounraw
879 2516 942 2563 ad
967 2515 1208 2563 orientem
1233 2525 1281 2564 et
1305 2516 1434 2564 inter
1471 2533 1748 2565 communes
1776 2518 1988 2566 venellas
2024 2518 2085 2564 ad
2121 2517 2241 2564 occi-

211 2607 405 2655 dentem
432 2616 481 2656 et
506 2607 745 2656 orientem
772 2609 994 2672 partibus
1030 2610 1091 2657 ab
1128 2607 1343 2670 Vtrisque
1386 2633 1395 2643 ·
1435 2607 1725 2656 Tenendum
1771 2646 1781 2657 .
1828 2646 1838 2656 .
1881 2647 1890 2656 .
1935 2610 1983 2655 in
2021 2609 2161 2656 feodo
2197 2617 2243 2655 et

211 2698 487 2748 hereditate
519 2700 881 2764 imperpetuum
921 2729 932 2739 ·
970 2700 1243 2750 Reddendo
1287 2737 1297 2746 .
1344 2737 1353 2747 .
1400 2737 1410 2746 .
1455 2700 1668 2764 quinque
1703 2701 1877 2749 solidos
1915 2741 1923 2749 .
1961 2741 1968 2749 .
2007 2740 2015 2749 .
2052 2709 2242 2748 monete

322 2829 330 2838 .
381 2790 552 2840 Scocie
601 2792 664 2840 ad
710 2793 831 2840 duos
880 2793 998 2840 anni
1044 2792 1280 2841 terminos
1323 2827 1332 2836 .
1373 2827 1383 2836 .
1426 2828 1435 2836 .
1479 2791 1787 2854 recipiendos
1828 2809 1914 2856 per
1955 2792 2242 2839 monachum

215 2882 577 2930 communitatis
620 2920 629 2929 .
675 2919 685 2930 .
729 2921 738 2930 .
779 2890 828 2930 et
868 2883 1058 2931 firmam
1099 2882 1245 2947 burgi
1288 2919 1298 2929 .
1335 2919 1345 2929 .
1384 2921 1393 2930 .
1438 2884 1714 2932 consuetam
1756 2892 1943 2932 tantum
1986 2921 1996 2931 .
2031 2921 2040 2931 .
2081 2921 2090 2931 .
2136 2884 2241 2931 Nec

214 2972 381 3020 licebit
405 2973 535 3021 dicto
564 2973 814 3021 Willelmo
840 2982 924 3022 aut
947 2973 1210 3021 heredibus
1235 2972 1329 3020 suis
1356 2973 1534 3021 dictum
1573 2974 1746 3022 toftum
1778 2991 2066 3038 quocunque
2102 2977 2241 3022 modo

217 3061 433 3110 alienare
459 3063 558 3110 fine
584 3063 750 3111 nostra
775 3063 972 3127 speciali
996 3063 1206 3111 licencia
1242 3102 1251 3110 .
1290 3100 1301 3110 .
1335 3101 1344 3110 .
1382 3065 1533 3127 Apud
1556 3064 1899 3112 monasterium
1935 3104 1943 3112 .
1980 3102 1989 3111 .
2026 3103 2034 3112 .
2071 3074 2241 3128 quarto

216 3153 295 3201 die
320 3153 493 3202 mensis
515 3155 726 3218 Augusti
752 3171 882 3202 anno
906 3154 1112 3202 Domini
1135 3160 1203 3201 m⁰
1228 3161 1360 3204 cccc·
1383 3157 1692 3221 nonagefimo
1718 3156 1858 3204 sext0.

1193 3248 1222 3292 2
1249 3261 1278 3292 P
