2762 3834
30 2161 114 2205 201

606 385 1033 437 REGISTRUM
1066 386 1163 435 DE
1194 383 1748 435 ABERBROTHOC.
2104 385 2197 439 177

157 538 168 563 .·
192 553 203 563 .
231 552 241 562 .
271 513 520 564 Soluendo
546 555 557 565 .
583 555 593 565 .
617 555 626 564 .
651 534 743 582 pro
779 518 923 567 firma
958 526 1007 567 et
1048 519 1253 567 decimis
1276 518 1559 584 garbalibus
1584 518 1854 567 earundem
1878 523 2124 566 terrarum
2149 525 2197 566 et

153 608 423 657 molendini
439 609 769 674 quadraginta
784 618 833 659 et
850 618 1062 674 quatuor
1076 611 1227 660 libras
1243 610 1418 660 vsualis
1432 617 1630 659 monete
1645 610 1789 675 regni
1807 607 1980 659 Scocie
1997 610 2061 658 ad
2076 610 2197 658 duos

154 700 271 749 anni
294 701 530 749 terminos
549 701 738 750 vsuales
761 738 771 748 .
790 738 798 747 .
819 738 830 749 .
856 719 1068 751 vnacum
1091 711 1318 768 rynmart
1342 711 1392 753 et
1415 704 1591 753 wethir
1627 710 1675 752 et
1700 703 1969 767 caponibus
1995 702 2197 767 aliisque

155 793 387 841 oneribus
407 831 417 841 .
443 831 452 840 .
477 792 871 840 .hu1bandorum
895 829 907 842 .
932 830 941 840 .
968 830 978 841 .
1005 794 1247 842 consuetis
1271 831 1281 842 .
1305 831 1316 842 .
1340 795 1434 844 ‚Et
1450 795 1661 860 prediflfi
1681 794 1879 844 Helena
1897 801 1946 843 et
1964 793 2199 844 Oliuerus

158 923 167 932 .
200 922 210 931 .
249 922 259 932 .
296 886 506 933 durante
545 883 852 933 affedacione
889 921 900 931 .
934 921 945 931 .
982 921 992 932 .
1028 885 1361 948 prouidebunt
1395 925 1403 934 .
1441 924 1452 934 .
1484 924 1495 936 .
1532 886 1734 935 honeste
1773 903 1866 951 pro
1905 886 2198 951 recepcione

157 976 342 1025 domini
367 976 556 1025 abbatis
582 976 643 1024 de
667 975 1005 1024 Abirbrothoc
1043 982 1093 1024 et
1127 976 1208 1024 sue
1245 977 1431 1026 familie
1469 978 1896 1043 quocienscunque
1934 978 2199 1043 contigerit

155 1067 310 1132 ipsum
337 1085 449 1117 cum
470 1067 657 1116 familia
677 1067 762 1115 sua
785 1066 968 1114 dietum
994 1066 1265 1114 dominium
1290 1067 1484 1118 vifitare
1516 1069 1567 1118 in
1593 1070 1706 1118 aula
1730 1087 1926 1119 camera
1950 1072 2200 1134 quoquina

157 1167 205 1208 et
229 1159 418 1208 stabulo
444 1177 556 1208 cum
580 1159 807 1207 omnibus
842 1156 1120 1207 necefl'ariis
1156 1158 1207 1206 in
1238 1158 1514 1208 huiusmodi
1540 1162 1764 1210 domibus
1784 1162 2029 1226 requisitis
2052 1170 2199 1227 prout

159 1251 377 1301 Thomas
404 1251 590 1318 Ogilvy
624 1251 711 1300 fibi
744 1250 1042 1316 prouidebat
1082 1256 1305 1314 tempore
1347 1250 1662 1301 affedacionis
1699 1253 1787 1302 fibi
1827 1254 1953 1302 facte
1978 1292 1987 1302 .
2014 1294 2023 1303 .
2051 1291 2062 1302 .
2089 1253 2200 1303 Nec

157 1345 326 1393 licebit
365 1344 599 1409 predictis
628 1383 638 1392 .
671 1380 683 1392 .
716 1383 725 1393 .
759 1352 919 1393 terras
962 1343 1192 1392 villarum
1233 1343 1589 1392 antedictarum
1617 1381 1627 1391 .
1660 1382 1670 1392 .
1704 1381 1715 1392 .
1742 1344 1956 1393 affedare
1985 1382 1995 1392 .
2025 1382 2034 1392 .
2063 1383 2074 1394 .
2101 1345 2200 1393 fine

160 1434 325 1485 nostra
347 1437 547 1502 speciali
570 1436 783 1485 licencia
810 1473 820 1484 .
850 1474 860 1483 .
889 1470 899 1482 .
926 1435 1125 1484 cotariis
1151 1435 1390 1483 duntaxat
1412 1434 1628 1498 exceptis
1651 1462 1660 1472 ·
1684 1435 1919 1483 Preterea
1940 1435 1974 1483 fi
1994 1437 2203 1500 predicti

164 1567 173 1577 .
201 1569 209 1577 .
238 1567 247 1576 .
272 1528 400 1576 male
434 1527 769 1592 persoluentes
810 1534 896 1575 aut
932 1526 1075 1575 nobis
1101 1564 1111 1575 .
1136 1563 1147 1575 .
1174 1566 1182 1576 .
1208 1525 1430 1575 iniuriosi
1456 1565 1465 1575 .
1495 1563 1505 1573 .
1535 1563 1545 1574 .
1573 1526 1828 1575 extiterint
1859 1527 2028 1576 licebit
2061 1528 2202 1576 nobis

161 1659 170 1668 .
210 1658 220 1668 .
259 1657 269 1667 .
307 1620 368 1668 de
397 1619 634 1684 predictis
670 1658 679 1667 .
718 1656 729 1667 .
766 1656 777 1667 .
814 1635 907 1683 pro
941 1618 1084 1667 libito
1117 1655 1128 1667 .
1160 1656 1170 1667 .
1207 1656 1218 1667 .
1243 1617 1512 1667 voluntatis
1539 1655 1550 1666 .
1579 1654 1590 1666 .
1619 1655 1630 1666 .
1657 1618 1912 1682 disponere
1938 1656 1947 1666 .
1976 1656 1986 1666 .
2014 1656 2025 1667 .
2052 1619 2205 1683 Apud

163 1693 498 1760 Abirbrothoc
523 1713 695 1759 o&auo
721 1710 801 1759 die
825 1709 1001 1759 menfis
1027 1709 1149 1776 May
1175 1727 1305 1760 anno
1329 1709 1537 1758 Domini
1561 1726 1609 1757 m
1635 1726 1751 1758 cccc
1774 1708 1984 1757 lxxviii⁰.

166 1959 373 2032 Contra
397 1980 680 2045 episcopum
702 1979 1070 2028 Morauiensem
1094 1979 1155 2026 de
1182 1977 1486 2027 obediencia.

167 2139 240 2212 In
265 2163 366 2211 Dei
393 2163 593 2211 nomine
619 2179 761 2211 amen
787 2191 797 2201 ·
824 2161 923 2210 Per
945 2161 1041 2210 hoc
1080 2198 1091 2210 .
1132 2200 1142 2210 .
1182 2198 1194 2210 .
1230 2168 1397 2226 pateat
1420 2201 1429 2210 .
1456 2200 1464 2209 .
1494 2198 1504 2208 .
1531 2161 1664 2224 quod
1682 2177 1812 2209 anno
1847 2161 2209 2211 incarnacionis

167 2254 413 2304 dominice
437 2254 694 2303 millefimo
721 2259 856 2303 cccc⁰
879 2253 1232 2319 septuagesimo
1269 2257 1442 2302 oEtauo
1466 2280 1476 2290 ·
1500 2252 1676 2301 menfis
1722 2270 1836 2301 vero
1878 2252 2092 2317 Augusti
2128 2254 2207 2301 die

168 2354 344 2410 quarta
366 2373 377 2384 ·
401 2346 671 2395 indictione
696 2346 958 2395 vndecima
981 2375 992 2385 ·
1016 2346 1332 2411 pontificatus
1359 2383 1370 2394 .
1392 2384 1403 2394 .
1425 2385 1434 2395 .
1459 2345 1585 2395 Sixti
1610 2385 1619 2394 .
1645 2383 1656 2394 .
1686 2382 1696 2393 .
1720 2362 1847 2409 pape
1884 2345 2047 2408 quarti
2078 2362 2208 2393 anno

167 2438 369 2502 septimo
406 2465 416 2476 ·
457 2438 509 2486 in
544 2475 554 2486 .
593 2475 604 2486 .
647 2475 658 2487 .
700 2438 1083 2503 subscriptorum
1126 2437 1382 2503 presencia
1426 2436 1750 2502 personaliter
1797 2435 2047 2484 constituti
2088 2476 2096 2484 .
2142 2476 2150 2484 .
2196 2473 2207 2484 .

169 2527 447 2579 Willelmus
484 2566 496 2578 .
531 2568 541 2578 .
582 2567 593 2579 .
632 2529 887 2595 episcopus
934 2529 1260 2579 Morauienfis
1302 2547 1362 2578 ex
1408 2547 1506 2578 vna
1552 2536 1601 2577 et
1637 2568 1646 2577 .
1684 2567 1693 2577 .
1740 2565 1750 2576 .
1793 2527 2050 2593 Georgeus
2093 2568 2101 2576 .
2146 2566 2156 2575 .
2196 2565 2206 2575 .

171 2621 316 2670 abbas
356 2659 367 2670 .
405 2659 415 2670 .
456 2659 466 2670 .
505 2623 567 2670 de
593 2622 931 2671 Abirbrothoc
970 2661 980 2671 .
1021 2660 1032 2672 .
1071 2661 1081 2671 .
1118 2641 1178 2672 ex
1203 2622 1393 2671 altera.
1420 2662 1429 2672 .
1456 2662 1464 2671 .
1491 2621 1553 2670 In
1579 2621 1732 2672 caufis
1771 2660 1780 2670 .
1823 2658 1835 2669 .
1878 2658 1888 2669 .
1930 2621 2207 2685 dependen-

171 2713 297 2762 tibus
320 2714 452 2763 inter
474 2715 721 2779 predictos
757 2715 981 2763 dominos
1015 2715 1150 2764 circa
1184 2714 1523 2763 obedienciam
1557 2730 1648 2777 per
1685 2750 1696 2761 .
1751 2751 1761 2761 .
1817 2749 1828 2760 .
1867 2712 2146 2776 episcopum
2182 2730 2211 2759 a

171 2804 297 2853 dieto
336 2843 347 2853 .
387 2843 398 2854 .
436 2845 446 2855 .
491 2806 667 2855 abbate
702 2806 908 2871 petitam
944 2844 954 2855 .
994 2843 1006 2857 .
1043 2846 1052 2856 .
1082 2807 1332 2856 mediante
1371 2846 1379 2855 .
1418 2846 1427 2854 .
1468 2846 1477 2855 .
1509 2806 1705 2854 Thoma
1735 2804 1961 2870 episcopo
1997 2804 2210 2851 Abirdo-

173 2896 306 2945 nenfi
342 2937 351 2946 .
387 2937 396 2946 .
434 2937 443 2947 .
483 2899 764 2947 contractus
789 2898 943 2947 factus
969 2897 1038 2946 est
1070 2938 1079 2947 .
1115 2938 1123 2947 .
1163 2938 1172 2947 .
1205 2907 1353 2963 prout
1390 2898 1664 2947 habebatur
1700 2897 1753 2945 in
1794 2896 2004 2960 quadam
2038 2895 2211 2943 cedula

176 2988 379 3052 papirea
396 3006 486 3053 per
505 3028 514 3038 .
537 3026 548 3037 .
570 3028 579 3038 .
600 2990 827 3038 abbatem
845 2990 1063 3054 perle&a
1080 2989 1356 3038 huiusmodi
1379 2990 1466 3038 sub
1491 2996 1663 3038 tenore
1678 3015 1688 3027 ·
1708 2988 1800 3054 My
1822 2988 1934 3036 lord
1950 3018 1960 3029 ·
1977 3004 2047 3035 we
2065 2987 2210 3035 knaw

175 3078 279 3128 that
298 3097 398 3128 owr
415 3081 558 3145 place
576 3082 674 3129 and
693 3098 764 3129 we
781 3081 871 3129 has
886 3081 1063 3146 kyrkis
1086 3081 1259 3130 within
1278 3098 1404 3147 your
1429 3081 1570 3129 dioce
1594 3080 1671 3128 for
1689 3081 1772 3128 the
1797 3079 2029 3145 quhylkis
2053 3095 2124 3126 we
2143 3077 2210 3125 sal

176 3169 237 3217 do
261 3177 311 3219 to
336 3189 461 3236 your
483 3172 772 3236 lordeschep
798 3210 808 3221 .
836 3210 845 3220 .
873 3210 884 3220 .
912 3189 963 3221 as
989 3190 1059 3222 we
1083 3172 1192 3222 haff
1209 3173 1352 3221 down
1376 3172 1453 3221 till
1488 3189 1586 3237 ony
1610 3171 1853 3235 bischopis
1887 3171 1940 3219 in
1977 3169 2209 3219 Scotland

1172 3281 1197 3310 z
