2742 3848
636 359 1066 411 REGISTRUM
1101 358 1199 410 DE
1235 358 1800 411 ABERBROTHOC.
2154 363 2251 409 513

34 586 126 641 777
183 564 336 637 Idem
365 586 548 637 affedat
572 605 665 653 pro
690 589 1022 638 nouendecim
1048 588 1192 638 annis
1217 588 1440 638 Roberto
1477 588 1658 637 Mawle
1684 589 1746 637 de
1771 587 1993 637 Panmur
2034 617 2045 627 ·
2088 587 2252 636 Eliza·

183 680 298 729 beth
325 679 491 729 Masar
516 681 622 730 elus
646 683 817 746 sponse
843 712 854 722 ·
882 689 932 730 et
952 681 1147 730 Thome
1167 680 1349 731 Mawle
1369 698 1540 730 eorum
1563 681 1667 730 filio
1693 688 1743 731 et
1768 680 2029 746 apparenti
2048 681 2223 730 heredi
2243 709 2252 718 ·

183 790 455 838 eorumque
492 772 744 838 affignatis
779 791 882 822 non
917 773 1120 822 maioris
1156 773 1308 823 status
1351 802 1361 813 ·
1406 774 1624 824 decimas
1659 774 1888 839 garbales
1920 774 1982 823 (16
2017 774 2253 841 Carmyle

184 883 305 931 quas
348 866 577 915 dominus
617 875 666 915 et
705 866 907 915 domina
952 867 1170 915 seniores
1219 867 1531 932 occupabant
1572 896 1582 906 ·
1626 866 1878 917 Soluendo
1920 868 2254 933 quadraginta

184 975 376 1007 marcas
402 964 600 1008 monete
629 957 804 1008 Scocie
830 988 840 998 ·
869 962 932 1008 22
958 959 1221 1009 Februarii
1252 963 1398 1008 1532.

185 1218 339 1290 Idem
364 1239 547 1291 affedat
572 1241 754 1291 eisdem
778 1258 870 1306 pro
895 1240 1226 1290 nouendecim
1253 1241 1396 1290 annis
1418 1241 1636 1290 decimas
1656 1242 1886 1308 garbales
1912 1243 1974 1291 de
1997 1242 2050 1309 ly
2072 1242 2255 1309 Manys

185 1335 246 1383 (16
279 1334 544 1383 Panmowr
582 1364 592 1374 ·
634 1335 856 1402 Petlewy
897 1363 907 1372 ·
949 1334 1262 1384 Ballischane
1304 1363 1314 1373 ·
1364 1334 1603 1400 Kyrkton
1640 1335 1701 1384 (16
1738 1335 1962 1384 Panbrid
2003 1363 2014 1373 ·
2053 1335 2207 1385 Botht
2243 1364 2253 1374 ·

185 1427 499 1494 Balmaquhy
537 1446 649 1477 cum
685 1430 728 1478 le
763 1430 913 1478 barne.
942 1429 1138 1494 yaz‘rdis
1175 1458 1185 1468 ·
1227 1427 1547 1493 Carncorthy
1585 1457 1595 1467 ·
1643 1427 1872 1494 Skethyn
1914 1457 1925 1467 ·
1972 1427 2209 1494 Carnegy
2245 1456 2255 1465 ·

187 1518 385 1587 Skryne
412 1539 524 1570 cum
558 1521 837 1586 pendiculis
864 1529 914 1571 et
937 1522 1225 1570 molendino
1251 1550 1261 1560 ·
1291 1509 1510 1570 Glaister
1535 1550 1545 1561 ·
1572 1520 1834 1570 Auchrine
1868 1550 1879 1561 ·
1913 1529 1962 1570 et
1987 1521 2209 1571 Balwiffe
2247 1549 2256 1558 ·

184 1614 316 1662 infra
339 1614 628 1679 parochiam
653 1615 715 1664 de
741 1615 963 1664 Panbrid
1008 1642 1018 1652 ·
1061 1624 1110 1664 et
1149 1613 1496 1664 Cammestone
1526 1615 1659 1663 infra
1681 1615 1970 1680 parochiam
1987 1616 2058 1676 7(16
2083 1616 2257 1666 Mone-

185 1705 288 1772 kyn
330 1733 341 1743 ·
386 1705 639 1756 Soluendo
675 1707 809 1756 infra
844 1706 1195 1756 monasterium
1220 1725 1312 1773 pro
1337 1708 1543 1757 decimis
1568 1709 1630 1757 de
1654 1709 1707 1774 ly
1732 1708 1915 1774 Manys
1941 1709 2002 1757 de
2027 1708 2259 1758 Panmwr

185 1803 292 1848 οᾶο
317 1799 476 1848 bollas
500 1800 739 1849 frumenti
764 1801 887 1849 duas
913 1800 1107 1849 celdras
1130 1800 1270 1849 ordei
1293 1809 1341 1849 et
1366 1802 1489 1849 duas
1509 1801 1701 1850 coldras
1723 1809 1772 1851 et
1791 1804 1902 1850 octo
1921 1801 2078 1850 bollas
2097 1802 2257 1851 farine

188 1894 414 1942 mensure
438 1894 535 1943 fori
560 1895 808 1944 currentis
845 1925 856 1936 ·
893 1895 1115 1960 Petlewy
1141 1895 1264 1943 duas
1300 1893 1459 1942 bollas
1483 1894 1721 1943 frumenti
1745 1896 1826 1943 sex
1852 1894 2009 1943 bollas
2046 1895 2185 1943 ordei
2211 1902 2259 1944 et

190 1987 420 2036 vndecim
434 1987 592 2037 bollas
611 1989 772 2038 farine
795 2019 806 2029 ·
831 1988 1144 2038 Ballischane
1164 1988 1245 2037 sex
1264 1987 1423 2036 bollas
1448 1988 1686 2036 frumenti
1705 1989 2082 2052 quatuordecim
2102 1989 2259 2038 bollas

192 2080 333 2129 ordei
358 2088 407 2129 et
431 2081 611 2147 viginti
648 2089 862 2146 quatuor
897 2082 1054 2130 bollas
1090 2081 1251 2130 farine
1287 2106 1298 2117 ·
1335 2079 1602 2145 Kyrktone
1628 2080 1690 2128 de
1714 2079 1939 2129 Panbrid
1972 2084 2079 2129 οὲὶο
2104 2081 2260 2130 bollas

194 2173 431 2222 frumenti
456 2174 578 2222 duas
604 2174 798 2223 celdras
823 2173 962 2223 ordei
987 2175 1110 2223 duas
1135 2173 1328 2222 celdras
1353 2180 1404 2222 et
1428 2180 1530 2222 tres
1562 2172 1719 2222 bollas
1752 2173 1913 2222 farine
1951 2201 1960 2211 ·
1997 2173 2129 2223 Both
2161 2183 2260 2223 tres

194 2266 348 2314 bollas
372 2266 511 2315 ordei
535 2275 583 2315 et
607 2267 837 2315 vndecim
856 2266 1015 2315 bollas
1037 2266 1197 2315 farine
1223 2294 1233 2305 ·
1262 2267 1576 2333 Balmaquhy
1595 2285 1706 2317 cum
1724 2270 1874 2317 barne
1885 2270 2062 2333 yardis
2079 2286 2258 2317 nouem

194 2358 350 2407 bollas
375 2360 515 2408 ordei
541 2367 589 2409 et
615 2378 760 2408 vnam
788 2360 1009 2409 celdram
1044 2359 1205 2408 farine
1243 2385 1253 2395 ·
1291 2359 1609 2426 Carncorthy
1635 2368 1736 2409 tres
1760 2361 1917 2409 bollas
1943 2361 2082 2409 ordei
2107 2370 2156 2409 et
2182 2362 2261 2410 sex

195 2451 352 2501 bollas
377 2452 537 2501 farine
573 2481 583 2493 ·
625 2452 888 2518 Skythyne
924 2459 1137 2517 quatuor
1162 2452 1319 2501 bonas
1345 2453 1485 2502 ordei
1517 2462 1567 2503 et
1593 2454 1866 2503 o&odecim
1890 2454 2046 2503 bollas
2070 2454 2230 2503 farine
2251 2483 2260 2493 ·

200 2543 435 2611 Carnegy
461 2553 674 2610 quatuor
698 2545 856 2594 bollas
882 2545 1023 2594 ordei
1047 2553 1097 2594 et
1122 2562 1269 2594 vnam
1296 2546 1515 2595 celdram
1540 2546 1701 2594 farine
1726 2576 1737 2586 ·
1768 2544 1966 2612 Skryne
1992 2563 2139 2596 vnam
2166 2546 2261 2595 cel-

197 2613 338 2686 dram
358 2638 595 2688 frumenti
615 2638 950 2704 quadraginta
967 2638 1126 2688 bollas
1146 2637 1285 2687 ordei
1305 2646 1354 2687 et
1374 2645 1474 2687 tres
1495 2638 1688 2688 celdras
1708 2646 1758 2688 et
1776 2641 1883 2687 ofito
1902 2638 2059 2688 bollas
2078 2639 2263 2687 farine·

198 2729 484 2780 Pendiculis
516 2749 627 2780 cum
664 2731 952 2780 molendino
986 2731 1249 2780 duodecim
1284 2731 1443 2780 bollas
1478 2731 1619 2780 ordei
1657 2739 1706 2781 et
1743 2734 1850 2780 0800
1886 2731 2043 2781 bollas
2068 2732 2261 2780 farine·

203 2821 420 2871 Glaister
455 2831 669 2888 quatuor
704 2824 862 2873 bollas
897 2823 1037 2872 ordei
1074 2831 1124 2873 et
1149 2841 1297 2873 vnam
1334 2824 1555 2873 celdram
1591 2824 1752 2873 farine
1795 2851 1806 2860 ·
1844 2824 2106 2874 Auchrine
2142 2824 2263 2872 duas

201 2914 356 2964 bollas
381 2915 618 2966 frumenti
642 2916 862 2980 quinque
886 2916 1046 2965 bollas
1071 2917 1212 2965 ordei
1237 2923 1286 2965 et
1312 2933 1494 2965 nouem
1518 2917 1675 2965 bollas
1707 2917 1867 2966 farine
1904 2945 1914 2956 ·
1953 2925 2002 2965 et
2038 2916 2261 2965 Balwifl'e

202 3015 414 3070 quatuor
440 3008 599 3057 bollas
634 3008 874 3057 frumenti
910 3009 1084 3056 decem
1119 3008 1278 3056 bollas
1313 3009 1454 3057 ordei
1479 3017 1529 3058 et
1553 3009 1838 3073 quindecim
1873 3009 2030 3057 bollas
2066 3009 2260 3057 farine·

203 3107 250 3147 et
286 3116 376 3164 pro
412 3101 618 3150 decimis
654 3101 716 3149 de
751 3100 1098 3151 Cammestone
1134 3117 1281 3148 vnam
1317 3100 1501 3149 bollam
1536 3101 1775 3149 frumenti
1810 3100 2069 3149 duodecim
2108 3099 2264 3148 bollas

207 3191 344 3240 ordei
370 3198 419 3240 et
443 3192 622 3257 viginti
648 3193 770 3241 duas
795 3192 952 3240 bollas
977 3192 1138 3241 farine
1175 3218 1185 3229 ·
1225 3195 1289 3239 22
1315 3192 1579 3241 Februarii
1607 3196 1753 3240 1532.

1171 3287 1201 3330 3
1236 3299 1265 3330 Τ
