2762 3834
46 1837 105 1888 49

601 395 1029 447 REGISTRUM
1064 397 1160 445 DE
1197 396 1752 450 ABERBROTHOC.
2091 406 2179 453 361

154 532 232 580 die
268 530 443 579 menfis
478 529 781 578 Nouembris
817 545 947 577 anno
971 527 1178 577 Domini
1215 537 1282 577 m⁰
1306 531 1542 596 quingen⁰
1566 532 1738 596 quinto
1778 561 1787 571 ·
1830 527 2188 596 Quamquidem

153 630 337 671 cartam
363 619 631 670 >terrarum
679 627 728 669 et
776 620 929 669 annui
977 621 1200 670 redditus
1247 640 1306 670 ac
1353 623 1624 687 capellanie
1681 624 2026 672 fundacionem
2081 642 2190 673 cum

153 714 377 763 omnibus
401 713 511 761 aliis
537 713 631 761 suis
665 712 859 777 punfflzis
897 712 1267 777 quibuscunque
1295 712 1394 778 'per
1433 715 1614 764 distum
1652 715 1893 763 Kar-olum
1927 716 2103 764 fastam
2139 716 2190 762 in

153 807 372 856 articulis
409 805 784 855 condicionibus
812 805 971 853 modis
996 822 1054 854 ac
1080 806 1465 855 circumstanciis
1501 807 1596 855 suis
1633 807 1999 871 quibuscunque
2034 808 2191 856 forma

153 900 339 966 pariter
364 908 412 949 et
438 900 611 948 effefflm
634 898 684 946 in
712 898 939 946 omnibus
965 905 1014 946 et
1036 916 1125 962 per
1161 898 1323 946 omnia
1350 906 1404 947 ut
1438 898 1715 963 premissum
1755 899 1825 946 est
1863 900 2189 963 approbamus

152 991 451 1040 ratificamus
487 1003 537 1040 et
570 1007 662 1055 pro
701 990 842 1038 nobis
880 996 929 1038 et
968 989 1312 1040 succefforibus
1347 991 1523 1039 nostris
1554 992 1918 1056 quibuscunque
1949 992 2189 1056 imperpe-

153 1092 289 1134 tuum
324 1083 671 1131 confirmamus
694 1099 785 1147 per
820 1089 1043 1130 tenorem
1079 1083 1385 1146 presencium
1419 1084 1551 1132 saluo
1590 1084 1794 1132 seruicio
1829 1084 1970 1131 nobis
2006 1090 2054 1131 et
2088 1084 2189 1131 suc-

155 1174 415 1225 cefforibus
478 1174 658 1223 nostris
725 1174 892 1223 debito
933 1184 1005 1223 ‘et
1070 1176 1299 1224 consueto
1359 1204 1368 1214 ·
1428 1175 1488 1223 In
1545 1176 1680 1224 cuius
1737 1176 1809 1224 rei
1861 1174 2188 1224 testimonium

153 1268 365 1333 figillum
402 1284 662 1316 commune
706 1267 909 1332 capituli
949 1267 1103 1316 nostri
1139 1268 1441 1333 presentibus
1485 1268 1555 1316 est
1596 1267 1859 1332 appensum
1894 1268 2024 1331 apud
2057 1267 2187 1315 idem

153 1360 423 1425 capitulum
726 1360 805 1408 die
829 1360 1006 1408 menfis
1031 1359 1213 1409 Marcii
1238 1378 1367 1409 anno
1391 1360 1595 1409 Domini
1618 1366 1685 1408 m⁰
1709 1361 1943 1424 quingen⁰
1966 1359 2151 1423 quinto.

155 1618 391 1706 Almory
429 1672 437 1681 -
478 1641 633 1692 Carta
659 1642 853 1691 Thome
878 1642 1094 1691 Peirson.

157 1810 419 1885 Omnibus
459 1869 468 1878 .
507 1869 515 1878 .
554 1869 563 1877 .
605 1828 851 1894 Georgius
887 1866 897 1876 .
935 1866 945 1875 .
982 1864 992 1876 .
1027 1828 1177 1876 abbas
1214 1865 1223 1875 .
1259 1866 1269 1875 .
1307 1867 1316 1875 .
1355 1828 1416 1876 de
1437 1829 1657 1878 Arbroth
1695 1868 1706 1878 .
1745 1868 1755 1878 .
1794 1870 1802 1878 .
1839 1828 2039 1877 salutem
2079 1864 2088 1874 .
2129 1864 2139 1873 .
2180 1862 2189 1872 .

155 1922 412 1972 Noueritis
432 1938 520 1970 nos
541 1919 722 1969 dedifl'e
752 1958 763 1969 .
792 1958 802 1968 .
831 1957 841 1968 .
871 1919 1064 1968 Thome
1083 1918 1283 1968 Peirson
1305 1920 1530 1969 seruitori
1554 1922 1719 1969 nostro
1743 1921 2004 1969 heredibus
2030 1918 2120 1966 suis
2145 1924 2192 1964 et

153 2014 402 2081 affignatis
427 2054 436 2063 .
473 2051 484 2062 .
525 2051 536 2062 .
570 2020 752 2061 terram
778 2013 996 2060 nostram
1021 2011 1207 2060 scilicet
1231 2011 1283 2076 ly
1308 2011 1452 2061 Rude
1478 2031 1585 2062 cum
1612 2012 1928 2078 pertinenciis
1952 2011 2189 2059 iacentem

151 2108 203 2156 in
227 2107 280 2173 ly
303 2107 514 2171 Almory
540 2106 603 2154 ad
628 2105 871 2154 orientem
904 2104 1035 2153 inter
1073 2111 1228 2152 terras
1252 2103 1492 2152 Willelmi
1526 2104 1769 2153 Browster
1801 2104 1865 2152 ad
1889 2101 2189 2151 occidentem

153 2208 201 2249 et
225 2208 382 2250 terras
416 2199 607 2248 nostras
633 2200 695 2247 ad
721 2198 963 2247 orientem
990 2205 1038 2246 et
1064 2196 1273 2246 croftum
1309 2195 1527 2261 magistri
1563 2196 1747 2244 fabrice
1773 2196 1834 2243 ad
1858 2193 2043 2243 boriam
2080 2209 2188 2240 cum

129 2293 399 2341 communi
433 2292 641 2341 introitu
684 2299 733 2339 et
769 2291 903 2339 exitu
946 2290 1007 2338 ad
1046 2287 1260 2337 austrum
1299 2289 1462 2337 versus
1499 2288 1833 2351 Homlogrene
1873 2286 2092 2350 partibus
2127 2285 2187 2331 ab

154 2383 369 2448 utrisque
414 2420 425 2430 .
468 2420 479 2431 .
523 2421 532 2431 .
575 2383 852 2432 Reddendo
894 2421 904 2430 .
952 2420 961 2429 .
1008 2419 1017 2429 .
1062 2381 1303 2429 monacho
1339 2380 1663 2428 elimofinario
1702 2417 1712 2427 .
1753 2416 1761 2425 .
1803 2415 1813 2425 .
1857 2379 1977 2425 duos
2012 2376 2186 2423 solidos

155 2476 304 2523 annui
328 2475 552 2523 redditus
597 2512 607 2522 .
654 2512 664 2521 .
712 2512 721 2521 .
758 2481 954 2521 monete
983 2472 1156 2522 Scocie
1182 2472 1243 2519 ad
1288 2509 1298 2518 .
1344 2509 1354 2518 .
1398 2509 1407 2518 .
1450 2470 1570 2519 festa
1608 2508 1618 2519 .
1659 2509 1669 2519 .
1710 2508 1720 2517 .
1758 2467 2101 2517 Penthecostes
2138 2474 2186 2513 et

158 2566 321 2616 Sancti
347 2566 557 2615 Martini
594 2604 604 2614 .
658 2604 668 2614 .
721 2604 731 2613 .
769 2583 882 2614 cum
909 2565 1133 2613 omnibus
1159 2564 1267 2611 aliis
1293 2563 1522 2611 oneribus
1561 2600 1571 2610 .
1616 2601 1625 2610 .
1675 2600 1684 2609 .
1734 2561 1843 2610 Nec
1866 2560 2034 2608 licebit
2058 2558 2185 2607 dieto

156 2658 345 2707 Thome
389 2696 399 2706 .
444 2698 453 2707 .
500 2696 510 2706 .
552 2666 734 2707 terram
773 2698 782 2706 .
822 2697 830 2706 .
870 2695 881 2705 .
921 2657 1139 2706 alienare
1174 2657 1448 2719 cuicunque
1485 2655 1625 2703 alteri
1662 2655 1759 2702 fine
1794 2653 1958 2700 nostra
1992 2650 2183 2715 speciali

150 2751 360 2801 licencia
393 2791 404 2801 .
440 2790 449 2799 .
485 2790 494 2800 .
532 2752 685 2816 Apud
723 2790 731 2799 .
766 2791 774 2801 .
812 2789 821 2799 .
861 2750 1130 2815 capitulum
1164 2748 1297 2797 xxvi⁰
1320 2747 1399 2795 die
1431 2745 1602 2795 mensis
1627 2744 1805 2794 Marcii
1831 2760 1958 2792 anno
1984 2741 2181 2790 Domini

151 2851 217 2893 m⁰
239 2844 474 2909 quingen⁰
498 2845 579 2894 vi⁰.

1124 3279 1207 3328 22
