2742 3848
89 835 183 890 677

89 1763 184 1818 678

684 339 1115 392 REGISTRUM
1148 340 1247 391 DE
1283 339 1842 391 ABERBROTHOC.
2204 344 2302 397 475

239 474 615 539 Glenfarquhar
670 476 943 540 sumptibus
1000 475 1098 524 suis
1158 492 1270 525 cum
1328 474 1551 541 requifiti
1609 475 1797 525 fuerint
1855 505 1865 515 ·
1926 474 1958 524 6
2005 474 2301 525 Decembris

239 566 386 620 1527.

238 818 392 891 Idem
417 856 509 905 pro
534 839 755 889 seruiciis
779 840 1081 905 infrascripti
1105 848 1155 889 et
1180 849 1317 890 certa
1341 842 1529 889 summa
1551 840 1763 906 pecunie
1788 840 1973 891 affedat
1996 857 2088 905 pro
2112 857 2300 889 nouen-

239 932 400 981 decim
447 932 592 981 annis
634 949 665 980 a
701 931 782 980 die
835 931 1001 981 Sancti
1042 932 1182 981 Petri
1228 932 1497 982 aduincula
1546 933 1674 987 1527
1724 932 1948 982 Johanni
1995 932 2190 982 Betoun
2239 934 2300 981 de

240 1024 441 1091 Creych
479 1054 490 1064 ·
535 1023 824 1090 Margarete
868 1023 989 1090 Hay
1032 1024 1138 1073 eius
1173 1024 1344 1089 sponse
1386 1053 1396 1063 ·
1439 1035 1490 1074 et
1530 1023 1702 1073 Dauid
1748 1024 1945 1074 Betoun
1987 1042 2158 1074 eorum
2198 1024 2301 1073 filio

236 1117 572 1183 primogenito
598 1124 648 1166 et
672 1117 846 1166 heredi
877 1117 1142 1182 apparenti
1177 1146 1187 1156 ·
1225 1116 1415 1181 suisque
1451 1115 1702 1182 affignatis
1737 1133 1837 1165 non
1874 1116 2076 1166 maioris
2111 1115 2263 1166 status
2290 1145 2300 1155 ·

236 1210 308 1259 ita
332 1219 499 1260 tamen
534 1210 670 1274 quod
705 1227 807 1258 non
842 1209 1014 1259 licebit
1050 1208 1342 1274 Margarete
1373 1207 1665 1274 affignatum
1701 1207 2003 1258 constituere
2039 1235 2049 1246 ·
2085 1209 2302 1258 decimas

235 1303 464 1368 garbales
489 1302 692 1352 ecclefie
717 1303 1020 1368 parochialis
1042 1303 1104 1352 de
1129 1301 1363 1366 Dwnbog
1386 1327 1396 1338 ·
1425 1299 1678 1351 Soluendo
1703 1309 1903 1351 centum
1927 1301 2081 1351 libras
2106 1309 2303 1350 monete

240 1394 413 1446 Scocie
449 1396 513 1445 ad
547 1396 672 1445 festa
708 1395 1029 1445 quencionis
1071 1393 1251 1445 Sancte
1290 1394 1468 1445 Crucis
1504 1402 1554 1443 et
1589 1393 1858 1443 aduincula
1907 1393 2077 1446 Sancti
2113 1394 2252 1444 Petri
2289 1422 2299 1433 ·

237 1492 302 1537 20
326 1487 622 1537 Decembris
651 1489 794 1542 1527.

237 1743 391 1815 Idem
432 1763 684 1829 presentat
719 1765 975 1813 dominum
1008 1763 1318 1814 Willelmum
1354 1763 1569 1830 Blantyr
1603 1764 1929 1829 presbiterum
1966 1765 2031 1813 ad
2067 1765 2303 1814 vicariam

236 1857 599 1922 penfionariam
642 1859 750 1905 octo
789 1856 1032 1906 librarum
1073 1855 1277 1906 ecclesie
1314 1855 1617 1921 parochialis
1655 1857 1717 1906 de
1755 1856 1897 1923 Fyue
1945 1856 2304 1906 Abirdonensis

236 1949 442 1999 diocefis
484 1966 596 1998 cum
637 1948 764 1998 tofto
804 1956 854 1998 et
896 1949 1056 1998 crofta
1097 1966 1211 1998 cum
1252 1966 1431 1998 vacare
1472 1949 1741 2016 contigerit
1781 1967 1872 2015 per
1910 1948 2300 2015 refignacionem

236 2041 425 2092 domini
451 2041 660 2091 Andre-e
685 2041 871 2095 Panter
896 2070 908 2081 ·
935 2045 1000 2090 20
1024 2041 1320 2091 Decembris
1349 2042 1493 2096 1527.

92 2324 187 2379 679
239 2299 394 2372 Idem
434 2321 686 2386 presentat
709 2320 999 2384 magistrum
1029 2318 1065 2368 J
1068 2319 1278 2368 acobum
1305 2317 1647 2385 Skrymgeour
1683 2320 1978 2369 canonicum
2015 2320 2303 2369 Lesmoren-

239 2414 338 2462 sem
363 2413 427 2462 ad
442 2412 679 2461 vicariam
702 2419 995 2477 perpetuam
1014 2410 1217 2460 ecclefie
1235 2411 1535 2475 parochialis
1557 2411 1619 2460 de
1641 2410 1928 2477 Kynnarny
1945 2412 2303 2461 Abirdonenfis

239 2505 460 2571 dyocesis
486 2511 748 2554 vacantem
782 2521 873 2568 per
910 2511 1119 2553 mortem
1156 2503 1346 2552 domini
1378 2502 1630 2569 Nicholay
1656 2503 1896 2553 Paterson
1933 2532 1942 2542 ·
1986 2508 2046 2551 14
2071 2503 2302 2553 Januarii

244 2597 390 2651 1527.

27 2883 29 2886 ’
97 2875 192 2925 680
242 2850 397 2923 Idem
427 2871 610 2921 affedat
644 2889 736 2937 pro
772 2872 1103 2921 nouendecim
1140 2871 1284 2921 annis
1311 2871 1566 2921 Willelmo
1606 2870 1773 2922 Smart
1809 2872 2068 2938 capellano
2105 2873 2302 2937 eiusque

246 2963 496 3030 aflignatis
553 2964 929 3013 subtenentibus
976 2971 1026 3013 et
1074 2963 1447 3013 coadiutoribus
1499 2982 1600 3013 non
1647 2964 1851 3013 maioris
1898 2965 2051 3013 status
2098 2965 2304 3013 terciam

245 3064 437 3120 partem
472 3064 720 3105 terrarum
745 3055 862 3104 ville
899 3056 961 3104 de
997 3055 1237 3121 Kyrkton
1272 3056 1338 3105 de
1370 3055 1522 3122 wae
1555 3055 1790 3105 videlicet
1825 3057 1873 3121 ly
1885 3056 2126 3121 schadow
2162 3056 2309 3119 thryd

247 3164 442 3196 necnon
473 3148 814 3197 molendinum
840 3148 901 3196 de
926 3146 1078 3212 wae
1105 3164 1217 3196 cum
1244 3147 1369 3196 tofto
1395 3148 1556 3197 crofta
1587 3155 1636 3196 et
1666 3147 1957 3212 preuilegiis
1982 3155 2032 3195 et
2057 3146 2304 3195 communi
