2762 3834
664 391 1085 442 REGISTRUM
1119 392 1215 440 DE
1253 391 1807 442 ABERBROTHOC.
2165 400 2257 449 159

284 556 293 566 .
346 536 356 566 ;
404 536 538 567 meos
589 557 599 567 .
652 558 662 567 .
715 558 725 568 .
773 522 982 571 balliuos
1033 561 1043 571 .
1093 562 1103 571 .
1152 562 1163 572 .
1212 525 1274 573 ad
1310 525 1605 574 tradendum
1655 563 1666 574 .
1718 562 1728 572 .
1780 562 1790 573 .
1839 492 2088 573 Malcomo
2134 563 2143 572 .
2189 563 2199 572 .
2245 562 2256 573 .

217 611 381 659 abbati
431 648 442 658 .
492 648 504 658 .
554 644 564 655 .
614 611 675 658 de
711 611 1048 661 Abirbrothoc
1098 651 1108 662 .
1160 652 1170 662 .
1222 651 1233 662 .
1282 616 1498 664 saifinam
1539 616 1888 665 hereditariam
1927 617 1988 664 de
2024 617 2257 680 lapicidio

217 718 326 748 meo
351 702 412 749 de
439 699 808 764 Ouchtirlovny
834 702 955 750 alias
979 703 1130 769 Kelly
1173 742 1182 752 .
1224 743 1235 752 .
1273 743 1284 754 .
1322 707 1475 770 Apud
1498 707 1797 756 mansionem
1821 724 1977 756 meam
2004 708 2064 755 de
2091 702 2257 756 Ouch'-

217 794 436 859 tirlovny
462 793 582 842 alias
623 792 775 858 Kelly
812 793 1003 841 decimo
1046 796 1199 843 tercio
1237 797 1315 844 die
1350 798 1524 846 menfis
1560 798 1851 847 Decembris
1887 815 2017 846 anno
2053 798 2256 846 Domini

218 886 471 935 millefimo
496 884 980 948 quadringentesimo
1004 886 1295 952 sexagesimo
1321 892 1507 937 octauo.

218 1135 618 1206 Perambulacio
642 1156 773 1204 inter
798 1163 956 1204 terras
981 1157 1042 1203 de
1070 1156 1272 1205 Terwas
1298 1165 1346 1205 et
1370 1158 1557 1222 Vldny.

220 1319 292 1389 In
332 1340 432 1389 Dei
474 1341 671 1388 nomine
714 1356 858 1388 amen
894 1367 904 1377 ·
940 1340 1038 1388 Per
1062 1340 1156 1387 hoc
1196 1377 1206 1387 .
1244 1377 1255 1387 .
1293 1377 1303 1388 .
1336 1348 1502 1404 pateat
1547 1378 1556 1388 .
1598 1378 1608 1388 .
1653 1377 1662 1387 .
1706 1342 1837 1404 quod
1872 1358 2001 1388 anno
2034 1342 2257 1389 incarna-

219 1432 373 1480 cionis
398 1432 643 1480 dominice
666 1432 921 1481 millefimo
947 1431 1426 1496 quadringentefimo
1450 1431 1742 1495 sexagefimo
1777 1449 1908 1479 nono
1945 1461 1954 1469 ·
1991 1432 2257 1479 indiffione

220 1525 430 1572 secunda
454 1553 464 1562 ·
488 1524 805 1588 pontificatus
847 1562 858 1572 .
901 1562 911 1572 .
950 1562 960 1572 .
1000 1523 1144 1572 Pauli
1183 1561 1193 1571 .
1236 1561 1246 1571 .
1287 1561 1297 1571 .
1334 1539 1460 1587 pape
1485 1523 1685 1571 secundi
1711 1540 1839 1570 anno
1864 1524 2066 1586 quinto·
2095 1541 2258 1571 coram

222 1654 231 1663 .
276 1654 285 1664 .
333 1654 342 1663 .
387 1616 619 1664 Johanne
662 1615 902 1681 Ogistone
943 1616 1234 1664 ‘vicecomite
1273 1616 1334 1662 (16
1372 1614 1626 1662 Abirdene
1662 1631 1752 1677 pro
1788 1614 2022 1661 tribunali
2062 1616 2259 1662 sedente

222 1746 231 1755 .
278 1746 297 1777 ,ι
335 1746 345 1755 .
392 1707 686 1756 Malcolmus
730 1744 740 1754 .
787 1746 798 1756 .
845 1746 855 1756 .
900 1709 1049 1756 abbas
1087 1746 1097 1756 .
1139 1746 1148 1755 .
1191 1745 1200 1755 .
1239 1707 1300 1755 de
1326 1706 1547 1753 Arbroth
1593 1743 1602 1752 .
1650 1744 1658 1753 .
1704 1743 1714 1752 .
1758 1706 1985 1768 quasdam
2016 1706 2184 1752 literas
2208 1707 2260 1752 in

218 1815 518 1863 pergameno
564 1799 769 1863 scriptas
818 1828 827 1837 ·
878 1817 1023 1847 vnam
1067 1799 1299 1847 videlicet
1346 1796 1594 1845 cuiusdam
1642 1805 1774 1845 terre
1820 1796 2261 1860 perambulacionis

218 1889 402 1953 septem
427 1889 595 1954 figillis
627 1891 937 1953 quorundam
971 1891 1281 1938 dominorum
1321 1926 1331 1936 .
1376 1927 1385 1936 .
1428 1926 1438 1936 .
1474 1889 1526 1935 in
1563 1888 1676 1936 alba
1711 1904 1826 1935 cera
1856 1888 2010 1935 rubea
2039 1887 2262 1950 impress'a

219 1980 618 2044 impendentibus
643 1982 899 2046 sigillatam
929 2013 938 2022 ·
965 1990 1014 2030 et
1039 1982 1186 2030 aliam
1210 1981 1405 2029 literam
1430 1980 1515 2028 sub
1540 1981 1699 2028 forma
1735 1979 1917 2043 publici
1954 1979 2262 2027 instrumenti

219 2067 308 2136 per
331 2073 578 2121 notarium
618 2111 628 2121 .
669 2111 678 2121 .
720 2111 730 2121 .
770 2073 939 2121 Dauid
964 2073 1103 2122 Rede
1138 2073 1458 2136 subscriptam
1495 2072 1747 2137 figilloque
1786 2109 1796 2118 .
1838 2109 1848 2118 .
1890 2109 1898 2117 .
1938 2071 2175 2118 Willelmi
2201 2072 2261 2118 de

222 2164 392 2229 Vldny
419 2165 530 2212 alba
567 2181 681 2212 cera
704 2166 859 2213 rubea
887 2164 1112 2229 imprefl'a
1153 2203 1162 2212 .
1204 2202 1214 2212 .
1255 2202 1264 2212 .
1303 2165 1619 2228 impendente
1644 2163 1902 2228 sigillatam
1930 2194 1939 2202 -
1963 2162 2261 2225 presentauit

222 2274 278 2304 ac
305 2294 315 2303 .
345 2294 355 2304 .
385 2294 395 2304 .
421 2256 571 2304 michi
613 2257 808 2304 notario
837 2294 846 2304 .
875 2295 886 2304 .
917 2295 926 2305 .
953 2257 1159 2305 tradidit
1186 2295 1196 2305 .
1226 2294 1236 2304 .
1270 2295 1279 2304 .
1320 2257 1585 2320 copiandas
1612 2293 1622 2303 .
1653 2293 1662 2302 .
1691 2292 1701 2302 .
1728 2254 1939 2301 iudicem
1967 2291 1977 2300 .
2006 2290 2015 2298 .
2046 2291 2056 2300 .
2085 2254 2260 2316 suppli-

223 2349 379 2396 cando
405 2356 458 2396 ut
483 2348 570 2396 fibi
607 2348 979 2413 transsumptum
1026 2387 1036 2397 .
1081 2387 1090 2397 .
1134 2386 1144 2396 .
1187 2349 1238 2396 in
1275 2348 1434 2395 forma
1467 2346 1588 2394 iuris
1624 2346 1901 2393 discernere
1938 2345 2226 2408 dignaretur
2250 2372 2260 2381 ·

225 2424 554 2502 Quasquidem
580 2440 748 2488 literas
799 2478 809 2488 .
862 2479 871 2488 .
923 2478 933 2488 .
974 2458 1033 2488 ex
1057 2447 1294 2504 precepto
1342 2477 1350 2486 .
1400 2479 1407 2486 .
1459 2479 1466 2485 .
1515 2438 1692 2485 iudicis
1740 2477 1748 2485 .
1798 2476 1806 2484 .
1857 2476 1864 2484 .
1914 2436 2100 2499 perlegi
2139 2476 2147 2483 .
2198 2476 2205 2483 .
2250 2476 2258 2483 .

223 2529 492 2578 huiusmodi
521 2532 605 2579 sub
635 2540 807 2580 tenore
835 2561 844 2570 ·
874 2531 1227 2581 Contrauerfia
1267 2531 1377 2595 [etc
1419 2538 1472 2578 ut
1510 2531 1656 2593 supra
1681 2529 1775 2577 No.
1804 2528 1888 2592 53]
1919 2568 1926 2575 .
1954 2567 1962 2576 .
1989 2568 1997 2576 .
2031 2527 2262 2590 Sequitur

225 2628 365 2669 tenor
391 2623 593 2670 alterius
616 2623 759 2671 litere
801 2664 809 2671 .
849 2664 857 2671 .
899 2663 907 2671 .
948 2624 999 2670 in
1023 2623 1155 2672 hunc
1180 2624 1379 2671 modum
1412 2650 1421 2660 ·
1454 2622 1513 2670 In
1546 2621 1643 2669 Dei
1680 2621 1878 2668 nomine
1903 2637 2044 2668 amen
2074 2619 2183 2683 [etc.
2212 2627 2261 2666 ut

225 2714 367 2776 supra
397 2713 490 2762 No.
522 2715 638 2780 109]
679 2756 687 2763 .
726 2756 734 2763 .
774 2755 782 2763 .
815 2715 932 2763 Post
965 2716 1374 2779 quarumquidem
1411 2715 1666 2762 literarum
1705 2752 1712 2760 .
1751 2752 1760 2760 .
1798 2752 1807 2759 .
1846 2712 2261 2759 examinacionem

224 2803 354 2851 idem
384 2806 658 2854 vicecomes
684 2824 742 2855 ac
765 2807 912 2857 iudex
946 2807 996 2854 in
1029 2807 1122 2854 hac
1152 2815 1294 2870 parte
1327 2806 1663 2854 auctoritatem
1701 2804 1834 2851 suam
1871 2803 2092 2867 apposuit
2128 2811 2176 2850 et
2212 2810 2263 2848 ut

226 2893 338 2942 huic
384 2898 599 2959 presenti
646 2898 950 2961 transumpto
999 2937 1007 2945 .
1058 2937 1066 2944 .
1117 2937 1124 2945 .
1173 2898 1245 2946 ita
1290 2899 1439 2962 plena
1483 2899 1605 2945 fides
1652 2897 1943 2944 adhibeatur
1985 2935 1993 2943 .
2035 2935 2042 2942 .
2088 2935 2095 2942 .
2146 2895 2262 2941 ficut

227 2985 320 3032 suis
344 2988 667 3051 originalibus
691 2989 915 3036 decreuit
951 3028 959 3036 .
998 3028 1005 3036 .
1045 3028 1053 3036 .
1090 2989 1142 3035 in
1170 2988 1359 3053 fignum
1386 2989 1523 3037 cuius
1548 2988 1755 3052 figillum
1781 2987 1920 3035 suum
1956 3026 1963 3034 .
1999 3026 2006 3033 .
2042 3026 2049 3033 .
2087 2985 2264 3048 apponi

227 3075 341 3123 fecit
379 3094 475 3125 vna
513 3096 623 3126 cum
662 3080 956 3142 appenfione
997 3079 1265 3143 figillorum
1306 3080 1583 3127 officiliatus
1621 3079 1681 3125 de
1717 3078 2005 3126 Abbirdene
2048 3086 2095 3123 et
2139 3092 2264 3122 com-

228 3167 386 3215 munis
409 3169 552 3232 burgi
579 3170 640 3217 de
667 3170 954 3217 Abbirdene
980 3187 1071 3233 per
1114 3210 1122 3217 .
1162 3210 1170 3217 .
1208 3210 1217 3218 .
1262 3177 1450 3233 patrem
1477 3169 1779 3217 Malcomum
1805 3167 2124 3230 prescriptum
2162 3204 2170 3212 .
2209 3203 2217 3211 .
2256 3204 2263 3211 .
