2762 3834
644 358 1067 418 REGISTRUM
1101 359 1198 411 DE
1235 361 1787 421 ABERBROTHOC.
2135 379 2230 434 329

193 492 483 571 Alexandro
521 491 670 556 Irnys
711 515 722 539 ι
765 531 774 540 .
820 531 829 540 .
874 491 1127 541 dimidiam
1170 494 1359 558 partem
1400 498 1515 548 ville
1556 496 1719 550 nostre
1761 502 1821 551 de
1863 502 2086 571 Baldovy
2122 524 2230 556 cum

191 583 394 634 decimis
433 582 720 648 garbalibus
771 619 782 630 .
836 619 848 630 .
905 621 915 631 .
970 585 1061 647 pro
1106 591 1209 634 toto
1250 594 1471 653 tempore
1512 592 1612 641 vite
1667 629 1679 639 .
1736 629 1747 641 .
1802 630 1814 641 .
1866 596 2076 644 termino
2115 604 2231 647 vero

191 675 422 725 introitus
460 712 471 723 .
512 711 523 723 .
563 712 575 723 .
613 674 888 738 incipiente
913 675 965 722 in
991 674 1115 724 festo
1143 677 1163 742 [
1588 682 1608 747 ]
1637 683 1716 732 die
1740 680 1904 733 datam
1928 687 2231 749 presencium

191 767 474 817 immediate
496 765 731 831 sequente
770 803 780 814 .
822 803 833 814 .
874 803 886 815 .
924 766 1200 816 Reddendo
1240 806 1250 816 .
1295 807 1306 818 .
1352 809 1360 817 .
1398 787 1488 835 pro
1514 773 1658 822 firma
1693 811 1703 823 .
1744 812 1755 823 .
1794 815 1804 824 .
1843 777 2058 841 quinque
2081 779 2231 828 libras

191 866 239 907 et
263 865 353 922 pro
379 857 574 906 decima
605 893 623 916 ,.
663 892 676 905 .
715 893 726 904 .
765 863 865 905 tres
890 856 1042 905 libras
1068 857 1148 907 sex
1184 859 1361 909 solidos
1397 870 1445 911 et
1481 867 1588 912 οὲὶο
1624 866 1853 915 denarios
1890 905 1900 916 .
1940 905 1951 917 .
1990 907 1998 917 .
2035 878 2229 920 monete

242 988 252 998 .
291 987 302 997 .
345 948 520 999 Scocie
556 986 567 997 .
607 987 618 997 .
658 986 669 997 .
708 949 772 998 ad
795 950 1034 998 terminos
1072 990 1081 1000 .
1118 988 1128 1001 .
1167 989 1178 1000 .
1213 951 1431 1001 soluendi
1458 956 1711 1005 consuetos
1749 986 1759 996 ·
1798 966 1980 1009 etcum
2006 962 2229 1011 omnibus

191 1041 299 1092 aliis
342 1041 574 1107 oneribus
613 1040 980 1090 husbandorum
1016 1080 1025 1090 .
1066 1080 1076 1090 .
1116 1079 1126 1090 .
1166 1042 1275 1091 Nec
1316 1043 1484 1093 licebit
1520 1047 1751 1109 predictis
1794 1086 1804 1096 .
1850 1086 1861 1097 .
1907 1086 1917 1096 .
1958 1052 2226 1115 predictam

138 1177 148 1183 .
191 1133 444 1182 dimidiam
469 1139 661 1197 partem
712 1170 723 1181 .
774 1169 783 1180 .
835 1170 846 1180 .
896 1132 1046 1181 alicui
1097 1171 1107 1180 .
1160 1171 1170 1181 .
1223 1171 1233 1182 .
1282 1133 1496 1184 affedare
1539 1175 1548 1185 .
1593 1174 1603 1184 .
1648 1175 1658 1186 .
1703 1137 1803 1188 fine
1826 1141 1991 1190 nostra
2018 1142 2228 1192 licencia

242 1266 252 1278 .
291 1264 301 1275 .
340 1226 564 1275 cottariis
602 1263 613 1274 .
654 1261 665 1274 .
706 1261 718 1274 .
756 1226 975 1290 exceptis
1001 1254 1011 1264 ·
1038 1225 1275 1275 Preterea
1300 1225 1334 1274 fi
1358 1228 1563 1291 predicti
1601 1267 1611 1278 .
1651 1267 1663 1278 .
1702 1268 1712 1279 .
1749 1231 1875 1280 male
1896 1233 2227 1297 pei-soluentes

191 1326 275 1368 aut
311 1318 454 1366 nobis
509 1355 520 1366 .
569 1355 581 1365 .
630 1355 641 1366 .
689 1316 913 1366 iniuriofi
956 1354 967 1366 .
1014 1354 1025 1365 .
1070 1355 1082 1367 .
1124 1317 1309 1368 fuerint
1343 1320 1512 1370 licebit
1546 1322 1685 1370 nobis
1733 1360 1744 1372 .
1796 1361 1806 1372 .
1857 1362 1868 1372 .
1917 1326 1977 1374 de
2012 1327 2228 1389 predi&a

192 1410 401 1459 dimidia
435 1418 578 1474 parte
629 1446 639 1457 .
690 1447 702 1457 .
754 1447 766 1458 .
815 1409 1076 1474 disponere
1110 1426 1201 1474 pro
1235 1411 1376 1460 libito
1416 1450 1426 1460 .
1465 1449 1476 1460 .
1517 1449 1528 1460 .
1566 1409 1716 1477 Apud
1739 1416 2083 1465 monasterium
2124 1455 2132 1465 .
2169 1456 2179 1466 .
2217 1456 2226 1465 .

192 1509 367 1567 quarto
394 1501 474 1550 die
498 1501 674 1550 menfis
698 1501 733 1550 J
736 1501 824 1549 ulii
849 1518 980 1550 anno
1005 1500 1213 1550 Domini
1237 1503 1490 1552 millesimo
1516 1504 1913 1570 quingentefimO.

194 1750 382 1838 Carny
407 1771 652 1822 affedatur
675 1772 710 1822 J
714 1780 859 1822 onete
885 1772 1060 1839 Brydy
1095 1774 1267 1823 reli&e
1293 1776 1540 1838 quondam
1566 1775 1756 1827 Thome
1782 1778 1985 1828 Brovn·
2011 1780 2228 1878 Roberto

196 1865 399 1915 Brovn·
424 1865 650 1915 Esobelle
674 1864 717 1916 Ι
720 1882 912 1915 amme·
939 1874 989 1915 et
1011 1866 1300 1915 Alexandro
1328 1865 1508 1916 Brovn.

248 2085 259 2097 .
299 2085 310 2097 .
347 2048 524 2098 Pateat
567 2085 578 2097 .
618 2085 630 2097 .
671 2086 682 2097 .
746 2064 836 2096 nos
870 2047 1041 2096 Dauid
1078 2085 1090 2096 .
1135 2084 1147 2095 .
1191 2085 1201 2095 .
1245 2047 1471 2096 abbatem
1513 2087 1522 2097 .
1560 2087 1569 2097 .
1606 2087 1616 2097 .
1656 2049 1717 2098 de
1750 2050 2084 2099 Abirbrothoc
2120 2082 2131 2099 ›.
2170 2089 2181 2099 .
2217 2089 2227 2099 .

197 2141 259 2189 ad
279 2140 470 2189 firmam
497 2138 719 2188 dimififfe
757 2179 766 2189 .
801 2178 810 2188 .
848 2178 858 2189 .
894 2139 1078 2188 Jonete
1104 2138 1277 2205 Brydy
1302 2167 1313 2178 ·
1338 2139 1507 2187 relicte
1549 2177 1558 2187 .
1602 2177 1613 2187 .
1658 2177 1668 2188 .
1707 2138 1898 2189 Thome
1919 2141 2086 2190 Brovn
2119 2180 2130 2191 .
2169 2180 2180 2190 .
2216 2181 2225 2191 .

199 2230 418 2281 Roberto
459 2231 631 2280 Brovn
656 2259 667 2271 ·
693 2230 921 2280 Esobelle
958 2231 1163 2279 Lamme
1204 2231 1373 2295 sponse
1411 2231 1528 2279 dieti
1568 2230 1773 2279 Roberti
1809 2258 1819 2268 ·
1854 2239 1903 2280 et
1942 2232 2225 2281 Alexandro

199 2322 365 2372 Brovn
389 2324 491 2372 filio
534 2361 545 2372 .
588 2361 599 2372 .
622 2308 653 2372 ’.
691 2323 810 2372 (1ίὸὶὶ
837 2323 1031 2371 Thome
1065 2360 1075 2371 .
1112 2360 1123 2371 .
1163 2360 1174 2371 .
1211 2330 1261 2371 et
1301 2360 1312 2371 .
1358 2361 1368 2371 .
1401 2359 1412 2371 .
1453 2323 1635 2371 Jonete
1678 2358 1690 2370 .
1740 2359 1752 2370 .
1794 2359 1805 2370 .
1848 2331 2003 2372 terras
2038 2324 2224 2373 nostras

199 2415 259 2464 de
286 2414 457 2481 Carny
493 2454 502 2464 .
542 2452 554 2464 .
599 2453 611 2464 .
653 2423 839 2464 terram
863 2416 958 2479 que
984 2422 1190 2465 vocatur
1215 2423 1349 2463 terra
1377 2414 1563 2462 fabrice
1593 2414 1833 2462 iacentem
1869 2431 2019 2478 prope
2057 2415 2223 2481 Carny

199 2512 248 2553 et
282 2514 466 2555 terram
498 2506 666 2555 subtus
700 2505 920 2555 Lamlaw
954 2514 1096 2555 extra
1132 2506 1370 2556 Wardam
1401 2506 1615 2554 nostram
1656 2542 1667 2554 .
1705 2545 1715 2554 .
1752 2545 1761 2554 .
1801 2506 2063 2555 Tenendas
2107 2545 2116 2555 .
2161 2545 2172 2556 .
2211 2545 2223 2556 .

200 2596 353 2647 veluti
378 2605 600 2662 tempore
626 2598 741 2647 date
764 2598 1043 2647 huiusmodi
1067 2598 1385 2647 affedacionis
1408 2598 1599 2662 prefata
1621 2597 1656 2645 J
1659 2605 1806 2646 oneta
1827 2583 2057 2661 prediffis
2082 2599 2224 2648 terris

246 2727 256 2737 .
291 2726 302 2738 .
338 2689 585 2753 gaudebat
609 2716 619 2727 ·
645 2688 922 2739 Reddendo
956 2728 966 2738 .
1004 2729 1013 2738 .
1050 2728 1059 2738 .
1096 2689 1338 2738 monacho
1364 2690 1424 2738 de
1451 2690 1697 2738 communi
1721 2728 1730 2738 .
1757 2727 1766 2737 .
1793 2728 1802 2737 .
1830 2689 2052 2737 vndecim
2077 2689 2225 2738 libras

200 2779 279 2829 sex
296 2780 478 2829 solidos
502 2787 553 2829 et
576 2781 687 2830 οᾶὶο
711 2780 942 2829 denarios
971 2820 981 2829 .
1024 2820 1033 2829 .
1076 2819 1086 2830 .
1119 2787 1315 2830 monete
1347 2820 1357 2830 .
1394 2819 1404 2830 .
1438 2819 1447 2829 .
1484 2779 1655 2830 Scocie
1689 2797 1779 2844 pro
1815 2780 1954 2828 firma
1994 2819 2002 2828 .
2038 2819 2047 2828 .
2080 2819 2089 2829 .
2132 2788 2224 2828 ter-

199 2887 363 2922 rarum
388 2873 450 2920 de
476 2871 646 2937 Carny
672 2901 682 2911 ·
706 2880 755 2921 et
778 2890 870 2937 pro
894 2880 1030 2921 terra
1051 2872 1239 2920 fabrice
1271 2911 1279 2920 .
1315 2911 1323 2920 .
1366 2911 1376 2921 .
1415 2880 1516 2920 tres
1534 2871 1711 2919 solidos
1734 2870 1973 2919 monacho
1998 2872 2058 2919 de
2080 2871 2223 2919 libra·

200 2963 275 3012 rio
298 2964 369 3014 ad
383 2965 508 3014 duos
531 2965 649 3014 anni
668 2966 906 3014 terminos
931 2964 1120 3014 vsuales
1160 3003 1170 3013 .
1219 3002 1229 3012 .
1262 3002 1271 3011 .
1315 2971 1364 3011 et
1387 2979 1478 3027 pro
1502 2961 1645 3011 terris
1668 2962 1832 3010 subtus
1856 2961 2070 3009 Lamlaw
2105 2962 2223 3009 duas

200 3054 353 3104 bollas
392 3056 551 3105 farine
589 3056 814 3105 mensure
848 3056 945 3105 fori
981 3055 1224 3104 currentis
1255 3055 1318 3103 ad
1353 3055 1589 3104 terminos
1632 3091 1643 3102 .
1687 3093 1696 3102 .
1734 3094 1743 3102 .
1787 3053 2036 3102 consuetos
2070 3079 2081 3090 ·
2113 3069 2218 3100 cum

201 3153 428 3209 rynmart·
448 3154 497 3196 et
521 3147 709 3196 weddir
733 3155 784 3196 et
819 3185 828 3196 .
864 3186 873 3196 .
912 3185 921 3196 .
962 3146 1072 3195 aliis
1096 3145 1325 3194 oneribus
1348 3145 1710 3194 huibandorum
1747 3183 1756 3192 .
1787 3184 1796 3193 .
1834 3183 1842 3192 .
1880 3144 2087 3192 Necnon
2107 3143 2219 3191 diesi

1152 3240 1181 3283 2
1207 3253 1237 3284 ‘r
