2762 3834
18 716 107 771 187

41 2327 123 2407 3188

614 311 1036 362 REGISTRUM
1071 312 1167 360 DE
1203 309 1754 361 ABERBROTHOC.
2110 312 2201 365 167

166 512 448 583 Affedacio
472 531 674 580 ecclefie
699 533 760 580 de
786 532 1028 581 Innernes
1053 535 1117 582 ad
1140 535 1510 583 edificacionem
1532 533 1822 583 dormitorii.

165 691 442 763 Uniuerfis
466 719 632 776 pateat
669 749 678 760 .
718 750 727 759 .
765 749 774 758 .
808 728 898 759 nos
923 712 1193 762 Ricardum
1224 753 1235 763 .
1271 753 1282 764 .
1321 753 1332 764 .
1369 718 1595 766 abbatem
1632 754 1642 764 .
1680 754 1689 763 .
1725 753 1734 763 .
1771 716 1831 763 de
1868 715 2202 763 Abirbrothoc

218 843 226 852 .
261 842 270 851 .
315 802 536 852 assedaffe
562 840 572 851 .
600 841 610 852 .
638 840 649 850 .
675 802 845 850 Dauid
878 840 888 850 .
927 841 936 851 .
973 840 983 850 .
1014 804 1237 868 episcopo
1263 806 1561 856 Morauienfi
1601 844 1610 854 .
1646 844 1655 854 .
1692 843 1702 854 .
1739 807 1916 871 garbas
1941 806 2202 854 decimales

272 933 282 942 .
327 894 528 943 ecclesie
574 932 583 942 .
623 932 634 942 .
674 932 685 942 .
726 895 787 942 de
825 893 1073 959 Innernys
1113 912 1203 959 pro
1242 897 1452 945 termino
1494 897 1575 945 sex
1611 913 1854 945 annorum
1889 896 1997 960 post
2038 898 2203 946 datam

168 987 472 1051 presencium
512 1024 523 1035 .
563 1024 573 1034 .
615 1024 625 1034 .
663 986 876 1034 termino
918 1002 1034 1034 vero
1074 986 1306 1036 introitus
1345 1027 1355 1036 .
1401 1027 1411 1036 .
1456 1029 1464 1036 .
1505 990 1770 1053 incipiente
1805 990 1858 1037 in
1888 990 2010 1037 festo
2039 989 2203 1039 Sancti

168 1079 305 1128 Petri
330 1080 462 1143 quod
487 1078 670 1127 dicitur
695 1079 758 1127 ad
783 1078 985 1126 uincula
1003 1078 1166 1126 datam
1189 1079 1492 1141 presencium
1513 1080 1795 1128 immediate
1820 1081 2051 1144 sequente
2090 1119 2100 1129 .
2139 1119 2150 1129 .
2191 1120 2202 1129 .

171 1171 420 1221 Soluendo
458 1210 467 1219 .
504 1209 513 1218 .
551 1209 560 1218 .
599 1170 961 1234 quinquaginta
995 1177 1095 1218 tres
1118 1169 1268 1218 libras
1303 1172 1383 1218 sex
1418 1171 1593 1219 solidos
1629 1180 1678 1220 et
1703 1175 1811 1219 oao
1836 1173 2064 1221 denarios
2101 1212 2109 1221 .
2148 1213 2156 1221 .
2194 1213 2203 1221 .

168 1271 363 1311 monete
405 1302 414 1311 .
458 1302 467 1311 .
506 1302 515 1311 .
552 1263 725 1312 Scocie
750 1263 813 1311 ad
837 1263 961 1311 festa
985 1261 1360 1310 Purificacionis
1384 1262 1547 1310 nostre
1571 1262 1788 1311 Domine
1813 1270 1862 1311 et
1886 1263 2070 1311 Pasche
2107 1302 2117 1311 .
2153 1303 2162 1311 .
2195 1303 2203 1311 .

168 1354 450 1403 immediate
475 1355 639 1403 datam
665 1354 974 1419 presencium
999 1354 1262 1418 sequencia
1305 1392 1315 1401 .
1362 1393 1370 1402 .
1418 1393 1427 1401 .
1470 1354 1569 1402 Pro
1605 1354 1781 1417 quibus
1813 1356 2007 1418 quidem
2043 1357 2206 1420 garbis

169 1447 489 1496 decimalibus
515 1487 523 1495 .
551 1487 560 1495 .
587 1486 596 1496 .
625 1456 675 1496 et
693 1448 917 1496 terminis
942 1448 1023 1496 sex
1049 1462 1291 1495 annorum
1320 1445 1701 1509 prescriptorum
1735 1447 1954 1510 prefatus
1977 1465 2206 1496 reueren-

170 1540 260 1586 dus
295 1546 437 1602 pater
475 1539 539 1587 ad
577 1538 946 1587 edificacionem
985 1576 996 1587 .
1044 1576 1054 1586 .
1100 1575 1111 1586 .
1153 1537 1431 1585 dormitorii
1466 1537 1619 1585 nostri
1655 1538 1715 1585 de
1739 1554 1870 1585 nouo
1907 1575 1917 1585 .
1957 1575 1967 1585 .
2008 1576 2017 1585 .
2060 1541 2209 1588 erecti

175 1631 315 1680 nobis
336 1648 424 1695 pre
449 1631 675 1680 manibus
700 1630 936 1695 persoluit
961 1631 1200 1680 tricentas
1224 1636 1273 1677 et
1309 1630 1650 1693 quadragenta
1679 1629 1829 1677 libras
1868 1666 1878 1676 .
1918 1665 1929 1675 .
1969 1667 1979 1677 .
2015 1640 2210 1678 monete

173 1760 183 1770 .
224 1760 234 1769 .
279 1760 289 1770 .
329 1721 502 1771 Scocie
527 1723 588 1770 de
623 1723 799 1786 quibus
842 1761 851 1770 .
893 1761 903 1770 .
946 1761 956 1770 .
1001 1730 1226 1771 tenemus
1262 1739 1353 1769 nos
1399 1759 1409 1769 .
1457 1759 1467 1769 .
1515 1759 1525 1768 .
1567 1721 1838 1785 persolutos
1882 1758 1892 1768 .
1944 1759 1954 1768 .
2006 1759 2017 1768 .
2061 1722 2213 1785 Apud

177 1813 525 1862 monasterium
549 1853 559 1861 .
588 1853 596 1862 .
624 1854 632 1862 .
661 1814 887 1863 vicefimo
913 1814 993 1863 die
1017 1814 1193 1862 menfis
1215 1813 1341 1863 Maii
1376 1831 1506 1863 anno
1543 1814 1750 1862 Domini
1775 1820 1842 1861 m⁰
1868 1821 2000 1863 cccc⁰
2026 1815 2211 1878 septua-

175 1907 353 1971 gefimo
375 1906 552 1969 primo.

172 2155 491 2242 Preceptum
517 2177 668 2225 safine
694 2177 941 2226 cuiusdam
968 2177 1124 2225 crofte
1150 2184 1198 2225 et
1223 2177 1395 2224 domus
1419 2176 1625 2224 iacentis
1650 2177 1700 2224 in
1727 2176 2045 2241 Banquhory.

174 2337 440 2424 Georgius
477 2398 486 2407 .
529 2395 539 2406 .
584 2397 592 2406 .
630 2359 778 2406 abbas
822 2397 832 2406 .
872 2393 882 2403 .
923 2395 932 2405 .
967 2357 1028 2405 de
1053 2357 1413 2422 Abyrbrothok
1451 2394 1461 2403 .
1501 2393 1512 2404 .
1551 2394 1562 2407 .
1599 2357 1886 2406 Alexandro
1923 2357 2113 2407 Burnat
2149 2360 2209 2407 de

172 2448 300 2514 Leys
325 2457 373 2498 et
398 2449 688 2498 Alexandro
714 2447 889 2495 Fresar
914 2448 974 2495 de
998 2447 1045 2495 le
1069 2446 1252 2512 Dwrys
1289 2488 1298 2497 .
1344 2487 1354 2497 .
1394 2486 1405 2496 .
1447 2448 1642 2497 balliuis
1676 2449 1854 2497 nostris
1878 2449 1930 2497 in
1954 2450 2047 2498 hac
2070 2458 2209 2514 parte

173 2541 373 2589 salutem
398 2571 408 2580 ·
433 2540 566 2598 Quia
602 2540 745 2588 nobis
784 2539 916 2588 clare
956 2540 1145 2588 constat
1183 2542 1317 2604 quod
1354 2541 1602 2605 quondam
1639 2540 1675 2588 J
1678 2540 1895 2589 ohannes
1936 2542 1996 2590 de
2037 2541 2208 2606 Deray

173 2640 311 2696 pater
334 2633 516 2681 Jonete
541 2633 603 2680 de
627 2631 801 2696 Deray
823 2631 1012 2680 latricis
1032 2632 1331 2695 presentium
1354 2633 1476 2681 obiit
1514 2670 1524 2680 .
1564 2669 1575 2680 .
1616 2670 1626 2680 .
1664 2632 1828 2680 sasitus
1867 2670 1877 2681 .
1917 2670 1928 2680 .
1968 2670 1978 2680 .
2017 2634 2077 2681 de
2114 2651 2209 2681 vna

175 2725 330 2773 crofta
353 2742 463 2773 cum
490 2725 635 2772 domo
656 2724 799 2787 super
825 2723 996 2770 eadem
1031 2723 1205 2772 fituata
1240 2762 1251 2773 .
1293 2762 1303 2773 .
1344 2763 1354 2772 .
1392 2725 1446 2772 in
1477 2724 1595 2772 villa
1632 2725 1692 2772 de
1735 2723 2037 2789 Banquhory
2078 2725 2208 2772 infra

174 2814 565 2864 vicecomitatum
608 2816 668 2863 de
709 2814 1049 2879 Kyncardayn
1076 2841 1085 2850 ·
1111 2823 1159 2863 et
1197 2816 1330 2878 quod
1364 2815 1496 2863 dieta
1532 2814 1716 2862 Joneta
1753 2814 1823 2862 est
1861 2851 1871 2862 .
1911 2851 1922 2861 .
1961 2852 1972 2862 .
2007 2815 2202 2878 propin-

176 2905 314 2967 quior
347 2906 490 2955 heres
520 2905 733 2954 eiusdem
781 2941 791 2952 .
841 2942 851 2952 .
900 2942 910 2951 .
959 2904 1206 2953 Johannis
1243 2942 1254 2953 .
1294 2942 1305 2952 .
1345 2942 1355 2953 .
1393 2913 1442 2954 et
1477 2905 1609 2968 quod
1642 2904 1712 2952 est
1747 2904 1987 2969 legittime
2024 2904 2201 2952 etatis-

177 3002 224 3042 et
247 2997 377 3059 quod
398 2998 459 3045 de
482 2997 625 3045 nobis
663 3033 674 3043 .
715 3033 725 3043 .
766 3033 776 3042 .
813 3002 1011 3043 tenetur
1044 2995 1096 3042 in
1133 2995 1294 3060 capite
1319 3022 1329 3032 ·
1351 2996 1488 3044 vobis
1523 3032 1534 3043 .
1569 3032 1580 3043 .
1615 3032 1626 3043 .
1662 2995 1950 3043 mandamus
1974 2996 2200 3057 quatinus

177 3085 299 3136 diae
322 3088 357 3136 J
360 3096 505 3137 onete
531 3088 609 3136 vel
632 3088 716 3135 suo
743 3093 878 3135 certo
903 3089 1156 3134 attornato
1181 3086 1328 3134 latori
1351 3086 1648 3149 presentium
1674 3084 1874 3134 safinam
1899 3085 2024 3133 dioto
2046 3086 2197 3134 crofte
