<?xml version="1.0" encoding="UTF-8"?>
<!DOCTYPE html PUBLIC "-//W3C//DTD XHTML 1.0 Transitional//EN"
    "http://www.w3.org/TR/xhtml1/DTD/xhtml1-transitional.dtd">
<html xmlns="http://www.w3.org/1999/xhtml" xml:lang="en" lang="en">
 <head>
  <title>
</title>
<meta http-equiv="Content-Type" content="text/html;charset=utf-8" />
  <meta name='ocr-system' content='tesseract 3.04.00' />
  <meta name='ocr-capabilities' content='ocr_page ocr_carea ocr_par ocr_line ocrx_word'/>
</head>
<body>
  <div class='ocr_page' id='page_1' title='image "./libersthomedea8602arbruoft_0578.png"; bbox 0 0 2742 3848; ppageno 0'>
   <div class='ocr_carea' id='block_1_1' title="bbox 405 575 503 624">
    <p class='ocr_par' dir='ltr' id='par_1_1' title="bbox 405 575 503 624">
     <span class='ocr_line' id='line_1_1' title="bbox 405 575 503 624; baseline 0.02 -2"><span class='ocrx_word' id='word_1_1' title='bbox 405 575 503 624; x_wconf 78' lang='grc'>686</span> 
     </span>
    </p>
   </div>
   <div class='ocr_carea' id='block_1_2' title="bbox 406 1856 501 1910">
    <p class='ocr_par' dir='ltr' id='par_1_2' title="bbox 406 1856 501 1910">
     <span class='ocr_line' id='line_1_2' title="bbox 406 1856 501 1910; baseline 0.053 -6"><span class='ocrx_word' id='word_1_2' title='bbox 406 1856 501 1910; x_wconf 83' lang='grc'>687</span> 
     </span>
    </p>
   </div>
   <div class='ocr_carea' id='block_1_3' title="bbox 411 2509 506 2556">
    <p class='ocr_par' dir='ltr' id='par_1_3' title="bbox 411 2509 506 2556">
     <span class='ocr_line' id='line_1_3' title="bbox 411 2509 506 2556; baseline 0.011 -1"><span class='ocrx_word' id='word_1_3' title='bbox 411 2509 506 2556; x_wconf 81' lang='grc'>688</span> 
     </span>
    </p>
   </div>
   <div class='ocr_carea' id='block_1_4' title="bbox 549 345 2153 404">
    <p class='ocr_par' dir='ltr' id='par_1_4' title="bbox 549 345 2153 404">
     <span class='ocr_line' id='line_1_4' title="bbox 549 345 2153 404; baseline -0.002 -4"><span class='ocrx_word' id='word_1_4' title='bbox 549 352 647 404; x_wconf 83' lang='grc'>478</span> <span class='ocrx_word' id='word_1_5' title='bbox 999 348 1426 401; x_wconf 88' lang='lat' dir='ltr'><strong>REGISTRUM</strong></span> <span class='ocrx_word' id='word_1_6' title='bbox 1461 348 1558 398; x_wconf 87' lang='lat' dir='ltr'>DE</span> <span class='ocrx_word' id='word_1_7' title='bbox 1595 345 2153 399; x_wconf 87' lang='lat' dir='ltr'><strong>ABERBROTHOC.</strong></span> 
     </span>
    </p>
   </div>
   <div class='ocr_carea' id='block_1_5' title="bbox 554 554 2616 1643">
    <p class='ocr_par' dir='ltr' id='par_1_5' title="bbox 554 554 2616 1643">
     <span class='ocr_line' id='line_1_5' title="bbox 555 554 2609 640; baseline -0.002 -14"><span class='ocrx_word' id='word_1_8' title='bbox 555 554 707 628; x_wconf 84' lang='lat' dir='ltr'><strong>Idem</strong></span> <span class='ocrx_word' id='word_1_9' title='bbox 732 593 823 640; x_wconf 90' lang='lat' dir='ltr'>pro</span> <span class='ocrx_word' id='word_1_10' title='bbox 848 575 1068 625; x_wconf 83' lang='lat' dir='ltr'>seruiciis</span> <span class='ocrx_word' id='word_1_11' title='bbox 1091 573 1391 637; x_wconf 83' lang='lat' dir='ltr'>infrascripti</span> <span class='ocrx_word' id='word_1_12' title='bbox 1415 580 1465 621; x_wconf 90' lang='lat' dir='ltr'>et</span> <span class='ocrx_word' id='word_1_13' title='bbox 1490 579 1628 621; x_wconf 88' lang='lat' dir='ltr'>certa</span> <span class='ocrx_word' id='word_1_14' title='bbox 1650 571 1837 622; x_wconf 89' lang='lat' dir='ltr'>summa</span> <span class='ocrx_word' id='word_1_15' title='bbox 1859 573 2070 638; x_wconf 83' lang='lat' dir='ltr'>pecunie</span> <span class='ocrx_word' id='word_1_16' title='bbox 2105 571 2288 622; x_wconf 82' lang='lat' dir='ltr'>affedat</span> <span class='ocrx_word' id='word_1_17' title='bbox 2309 590 2401 638; x_wconf 89' lang='lat' dir='ltr'>pro</span> <span class='ocrx_word' id='word_1_18' title='bbox 2425 590 2609 622; x_wconf 88' lang='lat' dir='ltr'>nouen-</span> 
     </span>
     <span class='ocr_line' id='line_1_6' title="bbox 555 662 2611 731; baseline -0.002 -13"><span class='ocrx_word' id='word_1_19' title='bbox 555 668 715 718; x_wconf 89' lang='lat' dir='ltr'>decim</span> <span class='ocrx_word' id='word_1_20' title='bbox 757 667 899 716; x_wconf 75' lang='lat' dir='ltr'>anniS</span> <span class='ocrx_word' id='word_1_21' title='bbox 934 665 1188 715; x_wconf 89' lang='lat' dir='ltr'>Willelmo</span> <span class='ocrx_word' id='word_1_22' title='bbox 1231 664 1388 713; x_wconf 81' lang='lat' dir='ltr'>Baird</span> <span class='ocrx_word' id='word_1_23' title='bbox 1424 664 1485 713; x_wconf 87' lang='lat' dir='ltr'>de</span> <span class='ocrx_word' id='word_1_24' title='bbox 1522 662 1689 730; x_wconf 88' lang='lat' dir='ltr'>Sydde</span> <span class='ocrx_word' id='word_1_25' title='bbox 1731 664 1828 714; x_wconf 89' lang='lat' dir='ltr'>suis</span> <span class='ocrx_word' id='word_1_26' title='bbox 1869 665 2121 731; x_wconf 81' lang='lat' dir='ltr'>affignatis</span> <span class='ocrx_word' id='word_1_27' title='bbox 2157 665 2526 715; x_wconf 87' lang='lat' dir='ltr'>coadiutoribus</span> <span class='ocrx_word' id='word_1_28' title='bbox 2562 674 2611 714; x_wconf 92' lang='lat' dir='ltr'>et</span> 
     </span>
     <span class='ocr_line' id='line_1_7' title="bbox 554 755 2612 824; baseline -0.001 -16"><span class='ocrx_word' id='word_1_29' title='bbox 554 759 919 811; x_wconf 87' lang='lat' dir='ltr'>subtenentibus</span> <span class='ocrx_word' id='word_1_30' title='bbox 960 775 1061 806; x_wconf 92' lang='lat' dir='ltr'>non</span> <span class='ocrx_word' id='word_1_31' title='bbox 1101 756 1303 806; x_wconf 89' lang='lat' dir='ltr'>maioris</span> <span class='ocrx_word' id='word_1_32' title='bbox 1344 755 1496 806; x_wconf 83' lang='lat' dir='ltr'>status</span> <span class='ocrx_word' id='word_1_33' title='bbox 1540 763 1699 806; x_wconf 85' lang='lat' dir='ltr'>terras</span> <span class='ocrx_word' id='word_1_34' title='bbox 1735 757 1852 807; x_wconf 88' lang='lat' dir='ltr'>ville</span> <span class='ocrx_word' id='word_1_35' title='bbox 1895 758 1957 807; x_wconf 91' lang='lat' dir='ltr'>de</span> <span class='ocrx_word' id='word_1_36' title='bbox 1998 757 2169 824; x_wconf 87' lang='lat' dir='ltr'>Cragy</span> <span class='ocrx_word' id='word_1_37' title='bbox 2206 774 2417 807; x_wconf 87' lang='lat' dir='ltr'>vnacum</span> <span class='ocrx_word' id='word_1_38' title='bbox 2456 757 2612 806; x_wconf 86' lang='lat' dir='ltr'>tribus</span> 
     </span>
     <span class='ocr_line' id='line_1_8' title="bbox 555 847 2613 916; baseline -0.001 -16"><span class='ocrx_word' id='word_1_39' title='bbox 555 851 742 916; x_wconf 81' lang='lat' dir='ltr'>quartis</span> <span class='ocrx_word' id='word_1_40' title='bbox 766 850 989 916; x_wconf 87' lang='lat' dir='ltr'>partibus</span> <span class='ocrx_word' id='word_1_41' title='bbox 1014 856 1258 898; x_wconf 87' lang='lat' dir='ltr'>terrarum</span> <span class='ocrx_word' id='word_1_42' title='bbox 1285 855 1334 897; x_wconf 88' lang='lat' dir='ltr'>et</span> <span class='ocrx_word' id='word_1_43' title='bbox 1360 848 1476 901; x_wconf 80' lang='lat' dir='ltr'>ville</span> <span class='ocrx_word' id='word_1_44' title='bbox 1502 848 1564 897; x_wconf 91' lang='lat' dir='ltr'>de</span> <span class='ocrx_word' id='word_1_45' title='bbox 1591 847 1840 915; x_wconf 91' lang='lat' dir='ltr'>Tulyhylt</span> <span class='ocrx_word' id='word_1_46' title='bbox 1877 877 1887 889; x_wconf 89' lang='lat'><strong>·</strong></span> <span class='ocrx_word' id='word_1_47' title='bbox 1926 866 2049 914; x_wconf 88' lang='lat' dir='ltr'>quas</span> <span class='ocrx_word' id='word_1_48' title='bbox 2073 857 2176 900; x_wconf 84' lang='lat' dir='ltr'>tres</span> <span class='ocrx_word' id='word_1_49' title='bbox 2211 857 2412 915; x_wconf 88' lang='lat' dir='ltr'>quartas</span> <span class='ocrx_word' id='word_1_50' title='bbox 2446 856 2613 914; x_wconf 81' lang='lat' dir='ltr'>partes</span> 
     </span>
     <span class='ocr_line' id='line_1_9' title="bbox 556 940 2614 1008; baseline -0.001 -17"><span class='ocrx_word' id='word_1_51' title='bbox 556 942 836 992; x_wconf 88' lang='lat' dir='ltr'>Willelmus</span> <span class='ocrx_word' id='word_1_52' title='bbox 883 941 1107 990; x_wconf 86' lang='lat' dir='ltr'>Doverte</span> <span class='ocrx_word' id='word_1_53' title='bbox 1155 948 1204 989; x_wconf 91' lang='lat' dir='ltr'>et</span> <span class='ocrx_word' id='word_1_54' title='bbox 1247 940 1525 990; x_wconf 88' lang='lat' dir='ltr'>Willelmus</span> <span class='ocrx_word' id='word_1_55' title='bbox 1566 940 1768 990; x_wconf 89' lang='lat' dir='ltr'>Watson</span> <span class='ocrx_word' id='word_1_56' title='bbox 1814 941 1913 991; x_wconf 88' lang='lat' dir='ltr'>iam</span> <span class='ocrx_word' id='word_1_57' title='bbox 1961 950 2208 1008; x_wconf 89' lang='lat' dir='ltr'>occupant</span> <span class='ocrx_word' id='word_1_58' title='bbox 2251 972 2262 982; x_wconf 91' lang='lat'>-</span> <span class='ocrx_word' id='word_1_59' title='bbox 2302 941 2522 991; x_wconf 86' lang='lat' dir='ltr'>iacentes</span> <span class='ocrx_word' id='word_1_60' title='bbox 2562 940 2614 988; x_wconf 92' lang='lat' dir='ltr'>in</span> 
     </span>
     <span class='ocr_line' id='line_1_10' title="bbox 554 1033 2614 1102; baseline -0 -19"><span class='ocrx_word' id='word_1_61' title='bbox 554 1035 761 1083; x_wconf 87' lang='lat' dir='ltr'>baronia</span> <span class='ocrx_word' id='word_1_62' title='bbox 786 1035 847 1083; x_wconf 89' lang='lat' dir='ltr'>de</span> <span class='ocrx_word' id='word_1_63' title='bbox 875 1033 1067 1082; x_wconf 87' lang='lat' dir='ltr'>Teruas</span> <span class='ocrx_word' id='word_1_64' title='bbox 1094 1033 1442 1082; x_wconf 83' lang='lat' dir='ltr'>vicecomitatu</span> <span class='ocrx_word' id='word_1_65' title='bbox 1478 1034 1540 1083; x_wconf 89' lang='lat' dir='ltr'>de</span> <span class='ocrx_word' id='word_1_66' title='bbox 1573 1034 1803 1084; x_wconf 85' lang='lat' dir='ltr'>Abirden</span> <span class='ocrx_word' id='word_1_67' title='bbox 1839 1044 1889 1084; x_wconf 90' lang='lat' dir='ltr'>et</span> <span class='ocrx_word' id='word_1_68' title='bbox 1922 1036 2186 1102; x_wconf 84' lang='lat' dir='ltr'>regalitate</span> <span class='ocrx_word' id='word_1_69' title='bbox 2222 1036 2283 1084; x_wconf 90' lang='lat' dir='ltr'>de</span> <span class='ocrx_word' id='word_1_70' title='bbox 2318 1034 2577 1100; x_wconf 90' lang='lat' dir='ltr'>Arbroyth</span> <span class='ocrx_word' id='word_1_71' title='bbox 2604 1062 2614 1072; x_wconf 87' lang='lat'><strong>·</strong></span> 
     </span>
     <span class='ocr_line' id='line_1_11' title="bbox 556 1125 2614 1193; baseline -0 -18"><span class='ocrx_word' id='word_1_72' title='bbox 556 1144 665 1175; x_wconf 90' lang='lat' dir='ltr'>cum</span> <span class='ocrx_word' id='word_1_73' title='bbox 711 1125 951 1191; x_wconf 88' lang='lat' dir='ltr'>potestate</span> <span class='ocrx_word' id='word_1_74' title='bbox 999 1132 1225 1175; x_wconf 84' lang='lat' dir='ltr'>tenentes</span> <span class='ocrx_word' id='word_1_75' title='bbox 1267 1132 1317 1174; x_wconf 90' lang='lat' dir='ltr'>et</span> <span class='ocrx_word' id='word_1_76' title='bbox 1358 1125 1672 1175; x_wconf 83' lang='lat' dir='ltr'>subtenentes</span> <span class='ocrx_word' id='word_1_77' title='bbox 1718 1127 2008 1193; x_wconf 87' lang='lat' dir='ltr'>imponendi</span> <span class='ocrx_word' id='word_1_78' title='bbox 2049 1136 2099 1177; x_wconf 90' lang='lat' dir='ltr'>et</span> <span class='ocrx_word' id='word_1_79' title='bbox 2138 1127 2430 1176; x_wconf 89' lang='lat' dir='ltr'>remouendi</span> <span class='ocrx_word' id='word_1_80' title='bbox 2473 1134 2522 1175; x_wconf 91' lang='lat' dir='ltr'>et</span> <span class='ocrx_word' id='word_1_81' title='bbox 2561 1126 2614 1191; x_wconf 89' lang='lat' dir='ltr'>ly</span> 
     </span>
     <span class='ocr_line' id='line_1_12' title="bbox 555 1217 2616 1284; baseline -0 -17"><span class='ocrx_word' id='word_1_82' title='bbox 555 1218 785 1268; x_wconf 88' lang='lat' dir='ltr'>owtsettis</span> <span class='ocrx_word' id='word_1_83' title='bbox 821 1217 1142 1267; x_wconf 89' lang='lat' dir='ltr'>construendi</span> <span class='ocrx_word' id='word_1_84' title='bbox 1177 1217 1312 1266; x_wconf 90' lang='lat' dir='ltr'>saluo</span> <span class='ocrx_word' id='word_1_85' title='bbox 1348 1217 1457 1267; x_wconf 88' lang='lat' dir='ltr'>iure</span> <span class='ocrx_word' id='word_1_86' title='bbox 1490 1218 1768 1284; x_wconf 86' lang='lat' dir='ltr'>regalitatis</span> <span class='ocrx_word' id='word_1_87' title='bbox 1806 1247 1816 1258; x_wconf 91' lang='lat'><strong>·</strong></span> <span class='ocrx_word' id='word_1_88' title='bbox 1861 1218 2112 1270; x_wconf 88' lang='lat' dir='ltr'>Soluendo</span> <span class='ocrx_word' id='word_1_89' title='bbox 2136 1236 2227 1284; x_wconf 91' lang='lat' dir='ltr'>pro</span> <span class='ocrx_word' id='word_1_90' title='bbox 2253 1218 2399 1268; x_wconf 89' lang='lat' dir='ltr'>terris</span> <span class='ocrx_word' id='word_1_91' title='bbox 2423 1227 2472 1267; x_wconf 89' lang='lat' dir='ltr'>et</span> <span class='ocrx_word' id='word_1_92' title='bbox 2497 1217 2616 1267; x_wconf 87' lang='lat' dir='ltr'>villa</span> 
     </span>
     <span class='ocr_line' id='line_1_13' title="bbox 555 1310 2615 1377; baseline -0.001 -16"><span class='ocrx_word' id='word_1_93' title='bbox 555 1314 615 1361; x_wconf 91' lang='lat' dir='ltr'>de</span> <span class='ocrx_word' id='word_1_94' title='bbox 643 1311 810 1377; x_wconf 85' lang='lat' dir='ltr'>Cragy</span> <span class='ocrx_word' id='word_1_95' title='bbox 835 1311 917 1359; x_wconf 83' lang='lat' dir='ltr'>sex</span> <span class='ocrx_word' id='word_1_96' title='bbox 940 1310 1094 1360; x_wconf 89' lang='lat' dir='ltr'>libras</span> <span class='ocrx_word' id='word_1_97' title='bbox 1119 1310 1359 1360; x_wconf 90' lang='lat' dir='ltr'>tredecim</span> <span class='ocrx_word' id='word_1_98' title='bbox 1384 1310 1565 1359; x_wconf 90' lang='lat' dir='ltr'>solidos</span> <span class='ocrx_word' id='word_1_99' title='bbox 1590 1318 1639 1360; x_wconf 89' lang='lat' dir='ltr'>et</span> <span class='ocrx_word' id='word_1_100' title='bbox 1663 1319 1877 1376; x_wconf 86' lang='lat' dir='ltr'>quatuor</span> <span class='ocrx_word' id='word_1_101' title='bbox 1909 1311 2141 1361; x_wconf 84' lang='lat' dir='ltr'>denarios</span> <span class='ocrx_word' id='word_1_102' title='bbox 2176 1320 2374 1360; x_wconf 90' lang='lat' dir='ltr'>monete</span> <span class='ocrx_word' id='word_1_103' title='bbox 2406 1310 2579 1360; x_wconf 87' lang='lat' dir='ltr'>Scocie</span> <span class='ocrx_word' id='word_1_104' title='bbox 2605 1339 2615 1349; x_wconf 89' lang='lat'><strong>·</strong></span> 
     </span>
     <span class='ocr_line' id='line_1_14' title="bbox 555 1402 2609 1470; baseline -0 -18"><span class='ocrx_word' id='word_1_105' title='bbox 555 1412 603 1453; x_wconf 88' lang='lat' dir='ltr'>et</span> <span class='ocrx_word' id='word_1_106' title='bbox 626 1421 718 1469; x_wconf 93' lang='lat' dir='ltr'>pro</span> <span class='ocrx_word' id='word_1_107' title='bbox 744 1403 900 1454; x_wconf 88' lang='lat' dir='ltr'>tribus</span> <span class='ocrx_word' id='word_1_108' title='bbox 925 1403 1114 1468; x_wconf 86' lang='lat' dir='ltr'>quartis</span> <span class='ocrx_word' id='word_1_109' title='bbox 1134 1403 1361 1468; x_wconf 86' lang='lat' dir='ltr'>partibus</span> <span class='ocrx_word' id='word_1_110' title='bbox 1386 1403 1503 1453; x_wconf 87' lang='lat' dir='ltr'>ville</span> <span class='ocrx_word' id='word_1_111' title='bbox 1523 1404 1585 1453; x_wconf 86' lang='lat' dir='ltr'>de</span> <span class='ocrx_word' id='word_1_112' title='bbox 1605 1403 1838 1470; x_wconf 84' lang='lat' dir='ltr'>Tulihylt</span> <span class='ocrx_word' id='word_1_113' title='bbox 1856 1411 1957 1454; x_wconf 86' lang='lat' dir='ltr'>tres</span> <span class='ocrx_word' id='word_1_114' title='bbox 1975 1404 2128 1453; x_wconf 87' lang='lat' dir='ltr'>libras</span> <span class='ocrx_word' id='word_1_115' title='bbox 2147 1402 2362 1453; x_wconf 89' lang='lat' dir='ltr'>eiusdem</span> <span class='ocrx_word' id='word_1_116' title='bbox 2382 1410 2578 1452; x_wconf 89' lang='lat' dir='ltr'>monete</span> <span class='ocrx_word' id='word_1_117' title='bbox 2607 1439 2609 1442; x_wconf 85' lang='lat'><em>-</em></span> 
     </span>
     <span class='ocr_line' id='line_1_15' title="bbox 555 1494 2614 1563; baseline -0.001 -17"><span class='ocrx_word' id='word_1_118' title='bbox 555 1514 665 1546; x_wconf 89' lang='lat' dir='ltr'>cum</span> <span class='ocrx_word' id='word_1_119' title='bbox 701 1505 928 1563; x_wconf 83' lang='lat' dir='ltr'>rynmart</span> <span class='ocrx_word' id='word_1_120' title='bbox 964 1497 1153 1546; x_wconf 87' lang='lat' dir='ltr'>custum</span> <span class='ocrx_word' id='word_1_121' title='bbox 1192 1496 1384 1562; x_wconf 83' lang='lat' dir='ltr'>veddyr</span> <span class='ocrx_word' id='word_1_122' title='bbox 1420 1495 1610 1546; x_wconf 89' lang='lat' dir='ltr'>custum</span> <span class='ocrx_word' id='word_1_123' title='bbox 1635 1513 1757 1545; x_wconf 91' lang='lat' dir='ltr'>corn</span> <span class='ocrx_word' id='word_1_124' title='bbox 1782 1496 2055 1561; x_wconf 89' lang='lat' dir='ltr'>caponibus</span> <span class='ocrx_word' id='word_1_125' title='bbox 2080 1503 2130 1546; x_wconf 88' lang='lat' dir='ltr'>et</span> <span class='ocrx_word' id='word_1_126' title='bbox 2153 1495 2304 1561; x_wconf 90' lang='lat' dir='ltr'>pullis</span> <span class='ocrx_word' id='word_1_127' title='bbox 2329 1495 2390 1544; x_wconf 88' lang='lat' dir='ltr'>de</span> <span class='ocrx_word' id='word_1_128' title='bbox 2414 1494 2466 1560; x_wconf 89' lang='lat' dir='ltr'>ly</span> <span class='ocrx_word' id='word_1_129' title='bbox 2493 1511 2614 1544; x_wconf 87' lang='lat' dir='ltr'>cane</span> 
     </span>
     <span class='ocr_line' id='line_1_16' title="bbox 554 1587 1766 1643; baseline -0.002 -4"><span class='ocrx_word' id='word_1_130' title='bbox 554 1597 603 1639; x_wconf 84' lang='lat' dir='ltr'>et</span> <span class='ocrx_word' id='word_1_131' title='bbox 627 1589 737 1638; x_wconf 87' lang='lat' dir='ltr'>aliis</span> <span class='ocrx_word' id='word_1_132' title='bbox 762 1589 983 1639; x_wconf 88' lang='lat' dir='ltr'>seruiciis</span> <span class='ocrx_word' id='word_1_133' title='bbox 1007 1589 1254 1640; x_wconf 85' lang='lat' dir='ltr'>consuetis</span> <span class='ocrx_word' id='word_1_134' title='bbox 1279 1617 1290 1630; x_wconf 93' lang='lat'><strong>·</strong></span> <span class='ocrx_word' id='word_1_135' title='bbox 1316 1593 1377 1637; x_wconf 86' lang='lat'>21</span> <span class='ocrx_word' id='word_1_136' title='bbox 1407 1587 1591 1639; x_wconf 87' lang='lat' dir='ltr'>Marcii</span> <span class='ocrx_word' id='word_1_137' title='bbox 1618 1590 1766 1643; x_wconf 84' lang='lat'>1527.</span> 
     </span>
    </p>
   </div>
   <div class='ocr_carea' id='block_1_6' title="bbox 555 1841 2618 2289">
    <p class='ocr_par' dir='ltr' id='par_1_6' title="bbox 555 1841 2618 2289">
     <span class='ocr_line' id='line_1_17' title="bbox 556 1841 2616 1928; baseline -0.002 -14"><span class='ocrx_word' id='word_1_138' title='bbox 556 1841 709 1914; x_wconf 86' lang='lat' dir='ltr'>Idem</span> <span class='ocrx_word' id='word_1_139' title='bbox 739 1879 828 1928; x_wconf 92' lang='lat' dir='ltr'>pro</span> <span class='ocrx_word' id='word_1_140' title='bbox 854 1862 1073 1912; x_wconf 89' lang='lat' dir='ltr'>seruiciis</span> <span class='ocrx_word' id='word_1_141' title='bbox 1097 1862 1327 1928; x_wconf 88' lang='lat' dir='ltr'>impenfis</span> <span class='ocrx_word' id='word_1_142' title='bbox 1353 1870 1403 1912; x_wconf 93' lang='lat' dir='ltr'>et</span> <span class='ocrx_word' id='word_1_143' title='bbox 1428 1870 1567 1912; x_wconf 91' lang='lat' dir='ltr'>certa</span> <span class='ocrx_word' id='word_1_144' title='bbox 1588 1863 1777 1911; x_wconf 87' lang='lat' dir='ltr'>summa</span> <span class='ocrx_word' id='word_1_145' title='bbox 1799 1860 2012 1928; x_wconf 84' lang='lat' dir='ltr'>pecunie</span> <span class='ocrx_word' id='word_1_146' title='bbox 2035 1861 2286 1926; x_wconf 90' lang='lat' dir='ltr'>persoluta</span> <span class='ocrx_word' id='word_1_147' title='bbox 2308 1862 2490 1912; x_wconf 82' lang='lat' dir='ltr'>affedat</span> <span class='ocrx_word' id='word_1_148' title='bbox 2525 1879 2616 1927; x_wconf 89' lang='lat' dir='ltr'>pro</span> 
     </span>
     <span class='ocr_line' id='line_1_18' title="bbox 556 1953 2618 2021; baseline 0 -18"><span class='ocrx_word' id='word_1_149' title='bbox 556 1955 884 2004; x_wconf 91' lang='lat' dir='ltr'>nouendecim</span> <span class='ocrx_word' id='word_1_150' title='bbox 908 1955 1051 2004; x_wconf 84' lang='lat' dir='ltr'>annis</span> <span class='ocrx_word' id='word_1_151' title='bbox 1077 1955 1331 2005; x_wconf 88' lang='lat' dir='ltr'>Willelmo</span> <span class='ocrx_word' id='word_1_152' title='bbox 1355 1955 1610 2005; x_wconf 86' lang='lat' dir='ltr'>Andirson</span> <span class='ocrx_word' id='word_1_153' title='bbox 1635 1985 1645 1996; x_wconf 90' lang='lat'><strong>·</strong></span> <span class='ocrx_word' id='word_1_154' title='bbox 1672 1954 1962 2021; x_wconf 87' lang='lat' dir='ltr'>Margarete</span> <span class='ocrx_word' id='word_1_155' title='bbox 1994 1953 2182 2004; x_wconf 89' lang='lat' dir='ltr'>Oleuer</span> <span class='ocrx_word' id='word_1_156' title='bbox 2206 1954 2377 2019; x_wconf 90' lang='lat' dir='ltr'>sponse</span> <span class='ocrx_word' id='word_1_157' title='bbox 2402 1955 2484 2004; x_wconf 91' lang='lat' dir='ltr'>sue</span> <span class='ocrx_word' id='word_1_158' title='bbox 2519 1983 2531 1994; x_wconf 89' lang='lat'><strong>·</strong></span> <span class='ocrx_word' id='word_1_159' title='bbox 2568 1962 2618 2003; x_wconf 88' lang='lat' dir='ltr'>et</span> 
     </span>
     <span class='ocr_line' id='line_1_19' title="bbox 558 2047 2618 2100; baseline -0 -3"><span class='ocrx_word' id='word_1_160' title='bbox 558 2049 751 2098; x_wconf 87' lang='lat' dir='ltr'>Thome</span> <span class='ocrx_word' id='word_1_161' title='bbox 788 2049 1041 2098; x_wconf 90' lang='lat' dir='ltr'>Andirson</span> <span class='ocrx_word' id='word_1_162' title='bbox 1077 2049 1179 2098; x_wconf 88' lang='lat' dir='ltr'>filio</span> <span class='ocrx_word' id='word_1_163' title='bbox 1211 2049 1329 2099; x_wconf 61' lang='lat' dir='ltr'>dieti</span> <span class='ocrx_word' id='word_1_164' title='bbox 1354 2049 1599 2100; x_wconf 90' lang='lat' dir='ltr'>Willelmi</span> <span class='ocrx_word' id='word_1_165' title='bbox 1623 2048 1793 2098; x_wconf 88' lang='lat' dir='ltr'>villam</span> <span class='ocrx_word' id='word_1_166' title='bbox 1829 2048 1892 2097; x_wconf 93' lang='lat' dir='ltr'>de</span> <span class='ocrx_word' id='word_1_167' title='bbox 1932 2047 2233 2097; x_wconf 89' lang='lat' dir='ltr'>Northferre</span> <span class='ocrx_word' id='word_1_168' title='bbox 2271 2065 2382 2097; x_wconf 88' lang='lat' dir='ltr'>cum</span> <span class='ocrx_word' id='word_1_169' title='bbox 2415 2048 2618 2097; x_wconf 89' lang='lat' dir='ltr'>decimis</span> 
     </span>
     <span class='ocr_line' id='line_1_20' title="bbox 555 2140 2616 2207; baseline -0.001 -16"><span class='ocrx_word' id='word_1_170' title='bbox 555 2142 837 2207; x_wconf 86' lang='lat' dir='ltr'>garbalibus</span> <span class='ocrx_word' id='word_1_171' title='bbox 875 2169 886 2181; x_wconf 93' lang='lat'><strong>·</strong></span> <span class='ocrx_word' id='word_1_172' title='bbox 930 2141 1180 2192; x_wconf 90' lang='lat' dir='ltr'>Soluendo</span> <span class='ocrx_word' id='word_1_173' title='bbox 1219 2146 1329 2192; x_wconf 68' lang='grc' dir='ltr'>οᾶο</span> <span class='ocrx_word' id='word_1_174' title='bbox 1368 2143 1523 2192; x_wconf 90' lang='lat' dir='ltr'>libras</span> <span class='ocrx_word' id='word_1_175' title='bbox 1563 2149 1762 2191; x_wconf 83' lang='lat' dir='ltr'>monete</span> <span class='ocrx_word' id='word_1_176' title='bbox 1800 2140 1975 2192; x_wconf 88' lang='lat' dir='ltr'>Scocie</span> <span class='ocrx_word' id='word_1_177' title='bbox 2013 2158 2124 2190; x_wconf 90' lang='lat' dir='ltr'>cum</span> <span class='ocrx_word' id='word_1_178' title='bbox 2164 2140 2274 2190; x_wconf 88' lang='lat' dir='ltr'>aliis</span> <span class='ocrx_word' id='word_1_179' title='bbox 2310 2141 2531 2194; x_wconf 87' lang='lat' dir='ltr'>seruiciis</span> <span class='ocrx_word' id='word_1_180' title='bbox 2568 2150 2616 2189; x_wconf 87' lang='lat' dir='ltr'>et</span> 
     </span>
     <span class='ocr_line' id='line_1_21' title="bbox 556 2234 1688 2289; baseline 0.001 -7"><span class='ocrx_word' id='word_1_181' title='bbox 556 2234 920 2284; x_wconf 88' lang='lat' dir='ltr'>husbandorum</span> <span class='ocrx_word' id='word_1_182' title='bbox 946 2235 1178 2284; x_wconf 88' lang='lat' dir='ltr'>oneribus</span> <span class='ocrx_word' id='word_1_183' title='bbox 1202 2262 1214 2274; x_wconf 90' lang='lat'><strong>·</strong></span> <span class='ocrx_word' id='word_1_184' title='bbox 1238 2239 1303 2284; x_wconf 83' lang='lat'>22</span> <span class='ocrx_word' id='word_1_185' title='bbox 1329 2235 1514 2285; x_wconf 90' lang='lat' dir='ltr'>Marcii</span> <span class='ocrx_word' id='word_1_186' title='bbox 1541 2235 1688 2289; x_wconf 82' lang='grc'>1527.</span> 
     </span>
    </p>
   </div>
   <div class='ocr_carea' id='block_1_7' title="bbox 558 2488 2621 3219">
    <p class='ocr_par' dir='ltr' id='par_1_7' title="bbox 558 2488 2621 3219">
     <span class='ocr_line' id='line_1_22' title="bbox 560 2488 2615 2575; baseline -0.002 -14"><span class='ocrx_word' id='word_1_187' title='bbox 560 2488 689 2561; x_wconf 83' lang='lat' dir='ltr'>The</span> <span class='ocrx_word' id='word_1_188' title='bbox 726 2511 876 2560; x_wconf 86' lang='lat' dir='ltr'>abbot</span> <span class='ocrx_word' id='word_1_189' title='bbox 916 2510 1008 2560; x_wconf 87' lang='lat' dir='ltr'>lets</span> <span class='ocrx_word' id='word_1_190' title='bbox 1049 2510 1126 2559; x_wconf 87' lang='lat' dir='ltr'>for</span> <span class='ocrx_word' id='word_1_191' title='bbox 1168 2509 1403 2559; x_wconf 88' lang='lat' dir='ltr'>nineteen</span> <span class='ocrx_word' id='word_1_192' title='bbox 1446 2526 1592 2575; x_wconf 87' lang='lat' dir='ltr'>years</span> <span class='ocrx_word' id='word_1_193' title='bbox 1627 2516 1678 2558; x_wconf 93' lang='lat' dir='ltr'>to</span> <span class='ocrx_word' id='word_1_194' title='bbox 1713 2507 1850 2558; x_wconf 85' lang='lat' dir='ltr'>John</span> <span class='ocrx_word' id='word_1_195' title='bbox 1891 2508 1927 2558; x_wconf 84' lang='lat' dir='ltr'><strong>J</strong></span> <span class='ocrx_word' id='word_1_196' title='bbox 1930 2509 2124 2559; x_wconf 89' lang='lat' dir='ltr'>ameson</span> <span class='ocrx_word' id='word_1_197' title='bbox 2159 2526 2399 2575; x_wconf 85' lang='lat' dir='ltr'>younger,</span> <span class='ocrx_word' id='word_1_198' title='bbox 2438 2509 2615 2558; x_wconf 89' lang='lat' dir='ltr'>Isobell</span> 
     </span>
     <span class='ocr_line' id='line_1_23' title="bbox 559 2600 2621 2667; baseline -0 -17"><span class='ocrx_word' id='word_1_199' title='bbox 559 2601 789 2667; x_wconf 88' lang='lat' dir='ltr'>Lychton</span> <span class='ocrx_word' id='word_1_200' title='bbox 813 2601 891 2649; x_wconf 88' lang='lat' dir='ltr'>his</span> <span class='ocrx_word' id='word_1_201' title='bbox 915 2601 1040 2660; x_wconf 88' lang='lat' dir='ltr'>wife,</span> <span class='ocrx_word' id='word_1_202' title='bbox 1067 2601 1166 2650; x_wconf 87' lang='lat' dir='ltr'>and</span> <span class='ocrx_word' id='word_1_203' title='bbox 1191 2601 1320 2650; x_wconf 82' lang='lat' dir='ltr'>their</span> <span class='ocrx_word' id='word_1_204' title='bbox 1345 2600 1583 2667; x_wconf 84' lang='lat' dir='ltr'>affignees</span> <span class='ocrx_word' id='word_1_205' title='bbox 1605 2601 1661 2650; x_wconf 88' lang='lat' dir='ltr'>of</span> <span class='ocrx_word' id='word_1_206' title='bbox 1678 2618 1744 2650; x_wconf 90' lang='lat' dir='ltr'>no</span> <span class='ocrx_word' id='word_1_207' title='bbox 1768 2601 1947 2667; x_wconf 87' lang='lat' dir='ltr'>higher</span> <span class='ocrx_word' id='word_1_208' title='bbox 1970 2602 2109 2662; x_wconf 89' lang='lat' dir='ltr'>state,</span> <span class='ocrx_word' id='word_1_209' title='bbox 2131 2602 2214 2651; x_wconf 90' lang='lat' dir='ltr'>the</span> <span class='ocrx_word' id='word_1_210' title='bbox 2238 2601 2404 2652; x_wconf 85' lang='lat' dir='ltr'>fourth</span> <span class='ocrx_word' id='word_1_211' title='bbox 2429 2610 2542 2667; x_wconf 86' lang='lat' dir='ltr'>part</span> <span class='ocrx_word' id='word_1_212' title='bbox 2566 2602 2621 2649; x_wconf 87' lang='lat' dir='ltr'>of</span> 
     </span>
     <span class='ocr_line' id='line_1_24' title="bbox 560 2693 2615 2744; baseline 0 -2"><span class='ocrx_word' id='word_1_213' title='bbox 560 2693 643 2742; x_wconf 88' lang='lat' dir='ltr'>the</span> <span class='ocrx_word' id='word_1_214' title='bbox 685 2693 793 2742; x_wconf 88' lang='lat' dir='ltr'>half</span> <span class='ocrx_word' id='word_1_215' title='bbox 828 2702 959 2742; x_wconf 87' lang='lat' dir='ltr'>town</span> <span class='ocrx_word' id='word_1_216' title='bbox 998 2694 1054 2742; x_wconf 86' lang='lat' dir='ltr'>of</span> <span class='ocrx_word' id='word_1_217' title='bbox 1089 2693 1172 2742; x_wconf 87' lang='lat' dir='ltr'>the</span> <span class='ocrx_word' id='word_1_218' title='bbox 1214 2694 1373 2743; x_wconf 89' lang='lat' dir='ltr'>mains</span> <span class='ocrx_word' id='word_1_219' title='bbox 1411 2694 1467 2742; x_wconf 90' lang='lat' dir='ltr'>of</span> <span class='ocrx_word' id='word_1_220' title='bbox 1502 2693 1639 2744; x_wconf 91' lang='lat' dir='ltr'>Athe</span> <span class='ocrx_word' id='word_1_221' title='bbox 1675 2710 1741 2742; x_wconf 93' lang='lat' dir='ltr'>on</span> <span class='ocrx_word' id='word_1_222' title='bbox 1776 2693 1860 2744; x_wconf 86' lang='lat' dir='ltr'>the</span> <span class='ocrx_word' id='word_1_223' title='bbox 1891 2694 2041 2744; x_wconf 88' lang='lat' dir='ltr'>north</span> <span class='ocrx_word' id='word_1_224' title='bbox 2079 2694 2178 2744; x_wconf 81' lang='lat' dir='ltr'>fide</span> <span class='ocrx_word' id='word_1_225' title='bbox 2210 2695 2265 2743; x_wconf 86' lang='lat' dir='ltr'>of</span> <span class='ocrx_word' id='word_1_226' title='bbox 2299 2694 2383 2744; x_wconf 88' lang='lat' dir='ltr'>the</span> <span class='ocrx_word' id='word_1_227' title='bbox 2418 2694 2615 2743; x_wconf 85' lang='lat' dir='ltr'>same-</span> 
     </span>
     <span class='ocr_line' id='line_1_25' title="bbox 558 2783 2615 2854; baseline 0.002 -22"><span class='ocrx_word' id='word_1_228' title='bbox 558 2784 862 2849; x_wconf 88' lang='lat' dir='ltr'>begynnand</span> <span class='ocrx_word' id='word_1_229' title='bbox 897 2791 949 2833; x_wconf 87' lang='lat' dir='ltr'>at</span> <span class='ocrx_word' id='word_1_230' title='bbox 973 2783 1057 2833; x_wconf 89' lang='lat' dir='ltr'>the</span> <span class='ocrx_word' id='word_1_231' title='bbox 1081 2785 1210 2832; x_wconf 90' lang='lat' dir='ltr'>sown</span> <span class='ocrx_word' id='word_1_232' title='bbox 1238 2784 1370 2849; x_wconf 91' lang='lat' dir='ltr'>wyth</span> <span class='ocrx_word' id='word_1_233' title='bbox 1394 2793 1491 2834; x_wconf 90' lang='lat' dir='ltr'>twa</span> <span class='ocrx_word' id='word_1_234' title='bbox 1522 2802 1618 2852; x_wconf 88' lang='lat' dir='ltr'>ryn</span> <span class='ocrx_word' id='word_1_235' title='bbox 1653 2803 1842 2852; x_wconf 83' lang='lat' dir='ltr'>ryggys</span> <span class='ocrx_word' id='word_1_236' title='bbox 1876 2786 2033 2853; x_wconf 89' lang='lat' dir='ltr'>lyand</span> <span class='ocrx_word' id='word_1_237' title='bbox 2067 2787 2319 2854; x_wconf 82' lang='lat' dir='ltr'>togyddyr</span> <span class='ocrx_word' id='word_1_238' title='bbox 2355 2786 2512 2836; x_wconf 89' lang='lat' dir='ltr'>throw</span> <span class='ocrx_word' id='word_1_239' title='bbox 2548 2787 2615 2836; x_wconf 88' lang='lat' dir='ltr'>all</span> 
     </span>
     <span class='ocr_line' id='line_1_26' title="bbox 561 2874 2613 2945; baseline 0.001 -21"><span class='ocrx_word' id='word_1_240' title='bbox 561 2875 644 2924; x_wconf 85' lang='lat' dir='ltr'>the</span> <span class='ocrx_word' id='word_1_241' title='bbox 667 2875 772 2924; x_wconf 86' lang='lat' dir='ltr'>said</span> <span class='ocrx_word' id='word_1_242' title='bbox 794 2874 903 2923; x_wconf 84' lang='lat' dir='ltr'>half</span> <span class='ocrx_word' id='word_1_243' title='bbox 922 2883 1054 2924; x_wconf 91' lang='lat' dir='ltr'>town</span> <span class='ocrx_word' id='word_1_244' title='bbox 1079 2884 1130 2923; x_wconf 84' lang='lat' dir='ltr'>at</span> <span class='ocrx_word' id='word_1_245' title='bbox 1155 2875 1237 2923; x_wconf 88' lang='lat' dir='ltr'>the</span> <span class='ocrx_word' id='word_1_246' title='bbox 1263 2875 1411 2924; x_wconf 90' lang='lat' dir='ltr'>north</span> <span class='ocrx_word' id='word_1_247' title='bbox 1436 2877 1543 2942; x_wconf 86' lang='lat' dir='ltr'>syid</span> <span class='ocrx_word' id='word_1_248' title='bbox 1567 2879 1846 2943; x_wconf 88' lang='lat' dir='ltr'>pertenand</span> <span class='ocrx_word' id='word_1_249' title='bbox 1871 2886 1922 2929; x_wconf 92' lang='lat' dir='ltr'>to</span> <span class='ocrx_word' id='word_1_250' title='bbox 1947 2878 2030 2928; x_wconf 86' lang='lat' dir='ltr'>the</span> <span class='ocrx_word' id='word_1_251' title='bbox 2055 2880 2176 2945; x_wconf 88' lang='lat' dir='ltr'>sayd</span> <span class='ocrx_word' id='word_1_252' title='bbox 2203 2887 2407 2944; x_wconf 87' lang='lat' dir='ltr'>quarter</span> <span class='ocrx_word' id='word_1_253' title='bbox 2441 2895 2494 2927; x_wconf 87' lang='lat' dir='ltr'>as</span> <span class='ocrx_word' id='word_1_254' title='bbox 2530 2878 2613 2928; x_wconf 89' lang='lat' dir='ltr'>the</span> 
     </span>
     <span class='ocr_line' id='line_1_27' title="bbox 561 2966 2612 3037; baseline 0.001 -22"><span class='ocrx_word' id='word_1_255' title='bbox 561 2967 678 3033; x_wconf 84' lang='lat' dir='ltr'>sayd</span> <span class='ocrx_word' id='word_1_256' title='bbox 700 2966 809 3015; x_wconf 83' lang='lat' dir='ltr'>half</span> <span class='ocrx_word' id='word_1_257' title='bbox 827 2974 959 3015; x_wconf 88' lang='lat' dir='ltr'>town</span> <span class='ocrx_word' id='word_1_258' title='bbox 984 2982 1082 3014; x_wconf 89' lang='lat' dir='ltr'>was</span> <span class='ocrx_word' id='word_1_259' title='bbox 1106 2973 1275 3031; x_wconf 89' lang='lat' dir='ltr'>partyt</span> <span class='ocrx_word' id='word_1_260' title='bbox 1299 2968 1398 3015; x_wconf 91' lang='lat' dir='ltr'>and</span> <span class='ocrx_word' id='word_1_261' title='bbox 1422 2968 1630 3034; x_wconf 87' lang='lat' dir='ltr'>deuydit</span> <span class='ocrx_word' id='word_1_262' title='bbox 1652 2971 1714 3020; x_wconf 92' lang='lat' dir='ltr'>be</span> <span class='ocrx_word' id='word_1_263' title='bbox 1739 2987 1833 3020; x_wconf 85' lang='lat' dir='ltr'>ane</span> <span class='ocrx_word' id='word_1_264' title='bbox 1858 2971 2066 3037; x_wconf 87' lang='lat' dir='ltr'>decreyt</span> <span class='ocrx_word' id='word_1_265' title='bbox 2089 2971 2189 3020; x_wconf 90' lang='lat' dir='ltr'>and</span> <span class='ocrx_word' id='word_1_266' title='bbox 2224 2970 2537 3037; x_wconf 85' lang='lat' dir='ltr'>delywyrans</span> <span class='ocrx_word' id='word_1_267' title='bbox 2562 2979 2612 3020; x_wconf 93' lang='lat' dir='ltr'>to</span> 
     </span>
     <span class='ocr_line' id='line_1_28' title="bbox 562 3058 2611 3127; baseline 0 -18"><span class='ocrx_word' id='word_1_268' title='bbox 562 3061 644 3109; x_wconf 88' lang='lat' dir='ltr'>the</span> <span class='ocrx_word' id='word_1_269' title='bbox 670 3060 771 3108; x_wconf 87' lang='lat' dir='ltr'>said</span> <span class='ocrx_word' id='word_1_270' title='bbox 795 3058 932 3107; x_wconf 85' lang='lat' dir='ltr'>John</span> <span class='ocrx_word' id='word_1_271' title='bbox 956 3058 991 3107; x_wconf 88' lang='lat' dir='ltr'>J</span> <span class='ocrx_word' id='word_1_272' title='bbox 994 3059 1188 3107; x_wconf 88' lang='lat' dir='ltr'>ameson</span> <span class='ocrx_word' id='word_1_273' title='bbox 1210 3075 1463 3123; x_wconf 85' lang='lat' dir='ltr'>yowngar,</span> <span class='ocrx_word' id='word_1_274' title='bbox 1489 3060 1566 3109; x_wconf 87' lang='lat' dir='ltr'>his</span> <span class='ocrx_word' id='word_1_275' title='bbox 1590 3061 1736 3127; x_wconf 87' lang='lat' dir='ltr'>fadyr</span> <span class='ocrx_word' id='word_1_276' title='bbox 1760 3062 2071 3112; x_wconf 84' lang='lat' dir='ltr'>Allexander</span> <span class='ocrx_word' id='word_1_277' title='bbox 2093 3062 2129 3111; x_wconf 85' lang='lat' dir='ltr'>J</span> <span class='ocrx_word' id='word_1_278' title='bbox 2131 3063 2342 3122; x_wconf 79' lang='lat' dir='ltr'>ameson,</span> <span class='ocrx_word' id='word_1_279' title='bbox 2362 3063 2462 3112; x_wconf 84' lang='lat' dir='ltr'>and</span> <span class='ocrx_word' id='word_1_280' title='bbox 2475 3061 2611 3111; x_wconf 88' lang='lat' dir='ltr'>John</span> 
     </span>
     <span class='ocr_line' id='line_1_29' title="bbox 561 3150 2609 3219; baseline 0 -18"><span class='ocrx_word' id='word_1_281' title='bbox 561 3153 595 3201; x_wconf 87' lang='lat' dir='ltr'>J</span> <span class='ocrx_word' id='word_1_282' title='bbox 598 3152 792 3202; x_wconf 88' lang='lat' dir='ltr'>ameson</span> <span class='ocrx_word' id='word_1_283' title='bbox 818 3151 893 3199; x_wconf 90' lang='lat' dir='ltr'>his</span> <span class='ocrx_word' id='word_1_284' title='bbox 917 3150 1063 3215; x_wconf 87' lang='lat' dir='ltr'>fadyr</span> <span class='ocrx_word' id='word_1_285' title='bbox 1080 3150 1283 3215; x_wconf 85' lang='lat' dir='ltr'>brudyr‚</span> <span class='ocrx_word' id='word_1_286' title='bbox 1309 3150 1370 3199; x_wconf 88' lang='lat' dir='ltr'>be</span> <span class='ocrx_word' id='word_1_287' title='bbox 1395 3151 1517 3199; x_wconf 89' lang='lat' dir='ltr'>fowr</span> <span class='ocrx_word' id='word_1_288' title='bbox 1540 3151 1835 3219; x_wconf 87' lang='lat' dir='ltr'>honerabyll</span> <span class='ocrx_word' id='word_1_289' title='bbox 1859 3170 1975 3202; x_wconf 90' lang='lat' dir='ltr'>men</span> <span class='ocrx_word' id='word_1_290' title='bbox 2002 3153 2222 3203; x_wconf 88' lang='lat' dir='ltr'>Thomas</span> <span class='ocrx_word' id='word_1_291' title='bbox 2247 3153 2301 3202; x_wconf 87' lang='lat' dir='ltr'>of</span> <span class='ocrx_word' id='word_1_292' title='bbox 2322 3153 2536 3203; x_wconf 86' lang='lat' dir='ltr'>Balfowr</span> <span class='ocrx_word' id='word_1_293' title='bbox 2560 3157 2609 3201; x_wconf 92' lang='lat' dir='ltr'>in</span> 
     </span>
    </p>
   </div>
  </div>
 </body>
</html>
