2742 3848
31 678 34 681 -
65 639 160 691 622

66 1746 160 1797 623

643 437 647 439 -
666 406 1095 462 REGISTRUM
1130 405 1228 460 DE
1264 404 1828 462 ABERBROTHOG.
2182 411 2280 459 455

213 613 366 688 Idem
404 651 495 701 pro
533 641 672 687 certa
710 634 899 685 summa
931 633 1145 699 pecunie
1181 631 1366 685 affedat
1399 649 1491 698 pro
1526 632 1856 685 nouendecim
1894 630 2039 683 annis
2074 629 2281 682 Andree

211 727 389 781 Fresar
423 727 527 777 filio
564 736 614 780 et
648 727 824 779 heredi
860 726 1088 792 aparenti
1126 724 1322 775 Thome
1357 724 1536 775 Fresar
1572 725 1633 777 de
1673 723 1942 790 Stanywod
1965 732 2015 774 et.
2038 721 2281 776 Mariorie

212 819 331 887 Hay
366 820 513 873 huius
554 819 724 885 sponse
761 826 811 869 et
845 819 943 869 suis
979 816 1230 885 affignatis
1270 817 1645 869 subtenentibus
1681 825 1731 868 et
1767 816 2137 868 coadiutoribus
2178 832 2280 868 non

210 911 413 961 maioris
437 910 589 960 status
625 919 784 960 terras
810 912 871 960 de
900 910 1200 976 Carnbrogy
1224 910 1276 958 in
1301 910 1512 959 baronia
1536 911 1597 959 de
1624 910 1830 959 Terwas
1855 916 1904 959 et
1929 908 2280 960 vicecomitatu

212 1005 274 1053 de
299 1004 545 1070 Abyrdon
570 1021 682 1053 cum
712 1003 916 1053 decimis
951 1003 1236 1068 garbalibus
1273 1003 1492 1068 exceptis
1523 1002 1672 1052 terris
1707 1002 2006 1067 nuncupatis
2035 1001 2279 1068 Smyddy-

212 1096 319 1162 hyll
344 1126 354 1135 ·
380 1096 658 1146 Reddendo
682 1113 774 1161 pro
798 1095 954 1144 firmis
980 1095 1243 1144 duodecim
1279 1095 1431 1145 libras
1455 1103 1655 1145 monete
1685 1095 1856 1145 Scocie
1882 1103 1932 1144 et
1956 1112 2047 1160 pro
2073 1094 2278 1144 decimis

212 1191 321 1238 oao
342 1188 495 1238 libras
520 1188 585 1238 ad
609 1188 849 1238 terminos
874 1187 1133 1237 consuetos
1159 1205 1371 1237 vnacum
1397 1205 1492 1237 ane
1517 1189 1565 1254 ly
1588 1191 1772 1255 cassium
1810 1189 1946 1238 kowe
1981 1195 2030 1237 et
2066 1195 2278 1253 quatuor

213 1281 260 1346 ly
289 1283 475 1346 Gustum
510 1280 763 1345 veddyrris
798 1287 848 1329 et
883 1287 1098 1346 quatuor
1131 1279 1278 1330 bollis
1314 1281 1375 1330 de
1412 1282 1459 1346 ly
1490 1283 1675 1346 czfium
1710 1297 1830 1330 corn
1865 1288 1914 1330 et
1951 1297 2064 1330 cum
2100 1280 2277 1346 viginti

215 1380 430 1439 quatuor
463 1373 614 1438 pullis
650 1372 832 1422 adultis
870 1404 881 1414 ·
919 1380 968 1422 et
1011 1372 1258 1423 veniendo
1306 1374 1371 1423 ad
1419 1373 1582 1425 curias
1629 1373 1822 1426 abbatis
1864 1390 1975 1427 cum
2011 1373 2280 1439 premuniti

214 1466 398 1517 fuerint
423 1493 433 1504 ·
459 1466 487 1522 7
513 1464 546 1516 J
554 1465 657 1515 unii
686 1465 831 1516 1526.

213 1721 368 1797 Idem
393 1743 644 1808 presentat
669 1743 924 1792 dominum
950 1743 1120 1793 Dauid
1150 1742 1398 1796 Cristeson
1434 1743 1762 1809 presbiterum
1798 1744 1863 1794 ad
1898 1744 2135 1795 vicariam
2171 1762 2281 1810 per-

212 1842 412 1901 petuam
448 1834 652 1885 ecclesie
687 1835 992 1900 parochialis
1029 1836 1091 1885 de
1122 1835 1344 1886 Lownan
1373 1836 1729 1888 Sanaiandree
1766 1838 1988 1904 dyocefis
2020 1847 2278 1894 vacantem

211 1944 302 1993 per
327 1927 515 1978 obitum
538 1927 761 1993 magistri
787 1927 994 1978 Patricii
1021 1928 1178 1995 Blayr
1204 1958 1214 1969 ·
1241 1933 1306 1986 29
1329 1930 1366 1980 J
1369 1931 1473 1983 unii
1503 1931 1648 1983 1526.

213 2188 369 2265 Idem
412 2210 595 2260 assedat
635 2210 831 2261 Thome
877 2210 1124 2277 Carmage
1164 2219 1214 2260 et
1250 2211 1438 2278 Agneti
1479 2213 1644 2264 anes
1687 2214 1858 2280 sponse
1900 2215 1982 2264 sue
2022 2223 2070 2265 et
2110 2234 2279 2265 eorum

215 2303 411 2352 diucius
436 2303 627 2352 viuenti
653 2312 882 2367 quartam
907 2311 1101 2369 partem
1127 2304 1244 2352 ville
1264 2305 1325 2353 de
1346 2305 1616 2371 Kynclune
1636 2324 1747 2356 cum
1768 2308 1973 2357 decimis
1996 2308 2281 2373 garbalibus

215 2395 348 2444 infra
372 2395 647 2444 dominium
673 2396 734 2444 de
759 2395 1110 2462 Kyncoldrum
1142 2413 1289 2461 quam
1317 2397 1538 2447 Thomas
1564 2408 1776 2464 occupat
1799 2428 1809 2439 ·
1838 2399 2114 2449 Reddendo
2140 2401 2280 2465 quin-

217 2487 458 2553 quaginta
492 2487 672 2536 solidos
707 2496 906 2538 monete
935 2487 1110 2539 Scocie
1138 2506 1348 2538 vnacum
1386 2497 1614 2556 rynmart
1650 2499 1698 2539 et
1734 2491 1938 2557 weddyr
1974 2509 2086 2540 cum
2123 2492 2279 2542 tribus

217 2580 488 2647 caponibus
524 2589 574 2631 et
610 2581 818 2633 totidem
852 2557 1004 2648 pullis
1040 2582 1222 2634 adultis
1259 2589 1308 2631 et
1343 2582 1452 2632 aliis
1487 2581 1853 2632 husbandorum
1887 2584 2119 2634 oneribus
2157 2611 2172 2624 ··
2215 2587 2279 2634 28

216 2675 428 2741 Augusti
457 2675 603 2726 1526.

42 2944 168 3019 {625
221 2927 376 3005 Idem
424 2950 609 3003 affedat
652 2967 745 3016 pro
792 2951 1124 3003 nouendecim
1171 2949 1315 3001 annis
1363 2948 1675 3003 Allexandro
1735 2949 1941 3018 Ogyluy
1989 2953 2051 3001 de
2105 2954 2279 3008 eodem

221 3041 488 3095 heredibus
522 3042 618 3095 suis
653 3049 704 3094 et
736 3041 989 3107 affignatis
1029 3070 1040 3083 ·
1081 3042 1154 3095 ita
1188 3041 1323 3106 quod
1357 3041 1578 3107 affignati
1615 3041 1709 3091 fint
1737 3043 1904 3108 proles
1939 3043 2182 3109 legittime
2217 3046 2279 3094 de

224 3150 431 3200 corpore
455 3134 540 3188 suo
564 3133 732 3199 genite
757 3132 857 3186 siue
881 3133 1060 3186 fratres
1083 3133 1311 3199 germani
1343 3161 1353 3172 ·
1385 3133 1604 3187 decimas
1626 3134 1855 3200 garbales
1881 3134 2196 3186 ecclesiarum
2218 3137 2279 3185 de

225 3223 361 3274 Banf
399 3232 450 3274 et
491 3224 814 3276 Innerbunde
853 3225 1073 3290 exceptis
1115 3225 1319 3279 decimis
1361 3226 1423 3279 dc
1463 3226 1844 3292 Inuerquhenty
1877 3228 2185 3294 Ardbangan
2230 3237 2280 3278 et
