2762 3834
429 787 526 832 358

438 2334 535 2384 359

575 378 671 431 294
1016 365 1441 420 REGISTRUM
1476 363 1573 413 DE
1609 360 2171 413 ABERBROTHOC.

582 577 922 659 Aichmwthy
947 595 1120 641 082aua
1143 606 1256 654 pars
1281 586 1526 636 affedatur
1550 585 1799 635 Duncano
1827 585 1956 635 Scot.

582 814 593 825 .
634 812 645 824 .
687 813 697 824 .
738 775 911 823 Pateat
952 810 962 820 .
1008 809 1019 819 .
1064 808 1075 818 .
1119 787 1207 818 nos
1233 768 1401 817 Dauid
1438 804 1449 815 .
1489 803 1500 814 .
1541 804 1552 815 .
1589 770 1818 819 abbatem
1863 807 1874 819 .
1919 807 1931 818 .
1978 808 1988 819 .
2031 772 2093 820 de
2117 770 2455 820 Abirbrothoc
2498 807 2510 819 .
2555 809 2565 819 .
2609 808 2620 819 .

581 865 804 917 affedafl'e
842 902 854 913 .
893 902 904 913 .
945 901 956 911 .
993 863 1243 912 Duncano
1282 859 1398 909 Scot
1438 866 1487 908 et
1528 859 1815 927 Margarete
1860 862 2032 927 sponse
2077 863 2159 913 sue
2209 901 2220 912 .
2271 901 2282 912 .
2335 901 2345 911 .
2392 881 2483 928 pro
2519 871 2622 912 toto

582 971 799 1023 tempore
841 956 940 1005 vite
992 991 1004 1003 .
1048 992 1059 1002 .
1108 991 1118 1001 .
1168 956 1390 1001 oetauam
1437 958 1631 1015 partem
1671 954 1787 1003 ville
1830 954 1995 1004 nostre
2041 956 2103 1003 de
2151 955 2460 1020 Aichmuthy
2503 991 2514 1003 .
2557 994 2567 1003 .
2612 993 2623 1003 .

581 1053 790 1103 termino
822 1068 939 1100 vero
974 1049 1205 1098 introitus
1241 1088 1250 1097 .
1290 1088 1299 1096 .
1338 1086 1348 1095 .
1381 1047 1653 1112 incipiente
1687 1046 1741 1094 in
1775 1047 1897 1095 festo
1932 1046 2281 1096 Penthecostes
2317 1048 2481 1096 datam
2516 1064 2625 1111 pre-

579 1144 792 1193 sencium
815 1141 1097 1190 immediate
1122 1140 1355 1204 sequente
1389 1165 1399 1175 ·
1439 1136 1689 1187 Soluendo
1720 1176 1731 1187 .
1767 1176 1776 1185 .
1811 1176 1821 1186 .
1854 1138 2062 1204 triginta
2087 1138 2264 1187 solidos
2296 1177 2305 1187 .
2340 1178 2348 1187 .
2384 1176 2395 1186 .
2429 1145 2625 1186 monete

580 1274 589 1284 .
625 1273 635 1283 .
668 1275 678 1284 .
714 1233 888 1284 Scocie
910 1233 970 1282 ad
997 1233 1119 1281 duos
1144 1231 1263 1280 anni
1287 1230 1527 1280 terminos
1566 1267 1576 1278 .
1612 1267 1622 1278 .
1659 1267 1670 1278 .
1709 1246 1821 1278 cum
1859 1270 1868 1278 .
1906 1269 1915 1278 .
1955 1267 1967 1278 .
2005 1230 2236 1279 oneribus
2260 1229 2624 1279 husbandorum

580 1367 587 1375 .
626 1367 634 1375 .
673 1366 681 1375 .
718 1325 955 1374 Preterea
989 1364 998 1373 .
1036 1363 1044 1372 .
1083 1363 1091 1373 .
1128 1322 1387 1371 inuenient
1422 1362 1431 1370 .
1469 1361 1479 1371 .
1518 1361 1527 1370 .
1565 1321 1831 1370 dimediam
1880 1321 2089 1370 cimbam
2137 1322 2264 1370 bene
2311 1330 2625 1387 preparatam

582 1458 591 1467 .
629 1459 638 1468 .
675 1459 684 1467 .
721 1435 812 1483 pro
846 1417 1061 1482 piscibus
1098 1414 1351 1479 capiendis
1393 1443 1403 1454 ·
1448 1413 1560 1463 Nec
1583 1413 1754 1462 licebit
1778 1413 2011 1477 predi&is
2044 1451 2055 1462 .
2095 1451 2106 1462 .
2147 1452 2157 1462 .
2197 1414 2377 1462 dictam
2402 1416 2626 1462 ofitauam

579 1519 768 1575 partem
794 1508 943 1559 alicui
985 1547 996 1557 .
1042 1546 1053 1557 .
1105 1545 1116 1556 .
1161 1506 1376 1555 affedare
1418 1505 1518 1554 fine
1559 1506 1728 1555 nostra
1769 1506 1988 1555 licencia
2025 1544 2036 1555 .
2090 1543 2102 1556 .
2157 1545 2168 1555 .
2220 1507 2441 1556 cottariis
2491 1546 2499 1555 .
2554 1546 2564 1554 .
2618 1546 2627 1555 .

582 1601 798 1666 exceptis
838 1630 848 1640 ·
883 1600 950 1649 Et
987 1600 1022 1647 fi
1060 1637 1071 1647 .
1111 1636 1122 1647 .
1167 1636 1179 1647 .
1215 1597 1345 1647 male
1390 1597 1726 1662 persoluentes
1768 1598 1848 1647 vel
1894 1598 2037 1647 nobis
2081 1636 2091 1647 .
2138 1636 2149 1647 .
2193 1636 2203 1647 .
2242 1598 2462 1647 iniuriosi
2505 1599 2628 1647 exti-

582 1693 733 1742 terint
771 1691 940 1740 licebit
975 1690 1117 1739 nobis
1161 1727 1172 1737 .
1214 1726 1224 1737 .
1267 1726 1278 1738 .
1320 1689 1381 1737 de
1420 1726 1432 1737 .
1473 1726 1484 1737 .
1529 1726 1541 1737 .
1586 1693 1760 1738 ofitaua
1798 1697 1941 1755 parte
1983 1691 2047 1738 ad
2091 1727 2102 1738 .
2148 1728 2159 1738 .
2205 1727 2216 1739 .
2264 1690 2456 1739 libitum
2501 1725 2513 1738 .
2558 1727 2569 1737 .
2615 1727 2626 1737 .

584 1784 840 1848 disponere
885 1820 895 1830 .
933 1819 943 1830 .
987 1819 998 1830 .
1042 1782 1196 1846 Apud
1221 1781 1565 1830 Abirbrothoc
1588 1781 1723 1830 xxvi⁰
1748 1782 1827 1831 die
1851 1780 2027 1831 menfis
2052 1781 2243 1847 Aprilis
2268 1799 2399 1831 anno
2423 1781 2629 1830 Domini

582 1884 648 1926 m⁰
673 1882 806 1926 cccc⁰
831 1874 1144 1940 nonagesimo
1169 1874 1320 1923 sexto.

586 2128 917 2213 Aichmuthy
943 2148 1115 2195 domus
1138 2145 1332 2195 brafine
1357 2145 1599 2195 affedatur
1622 2145 1658 2194 J
1661 2145 1845 2195 ohanni
1868 2144 2147 2212 Heithyng.

586 2308 714 2381 Nos
738 2329 908 2378 Dauid
929 2329 1078 2378 abbas
1097 2329 1158 2377 de
1178 2328 1518 2378 Abirbrothoc
1557 2366 1567 2377 .
1608 2367 1618 2377 .
1660 2367 1670 2377 .
1706 2328 1973 2378 affedamus
1999 2368 2008 2378 .
2035 2368 2044 2378 .
2070 2369 2080 2378 .
2106 2328 2142 2378 J
2144 2328 2328 2378 ohanni
2356 2329 2631 2396 Heytbyng

587 2430 635 2470 et
658 2420 885 2469 Eufamie
909 2420 1078 2484 sponse
1113 2421 1196 2469 sue
1239 2459 1249 2470 .
1286 2460 1295 2470 .
1333 2460 1342 2469 .
1379 2437 1470 2485 pro
1505 2427 1610 2469 toto
1646 2429 1869 2486 tempore
1901 2422 2002 2471 vite
2039 2461 2049 2471 .
2086 2462 2095 2471 .
2134 2462 2143 2472 .
2182 2424 2381 2471 domum
2412 2423 2629 2472 nostram

586 2511 777 2561 brafine
812 2512 929 2561 ville
971 2511 1135 2560 nostre
1171 2513 1232 2561 de
1268 2512 1575 2578 Aichmuthy
1625 2551 1635 2561 .
1687 2553 1697 2562 .
1750 2553 1760 2563 .
1812 2514 2025 2562 termino
2058 2531 2176 2563 vero
2210 2515 2443 2564 introitus
2498 2554 2507 2564 .
2558 2554 2568 2563 .
2618 2554 2626 2563 .

590 2603 857 2667 incipiente
881 2604 933 2651 in
957 2603 1078 2652 festo
1102 2603 1418 2653 Pentecostes
1443 2605 1609 2653 datam
1631 2605 1939 2669 presencium
1958 2607 2241 2655 immediate
2259 2608 2490 2671 sequente
2526 2647 2535 2656 .
2573 2646 2583 2655 .
2619 2645 2628 2655 .

595 2693 843 2744 Soluendo
891 2733 900 2742 .
951 2733 961 2744 .
1010 2734 1020 2743 .
1064 2696 1303 2744 tredecim
1347 2695 1525 2744 solidos
1566 2704 1615 2745 et
1656 2704 1868 2761 quatuor
1909 2698 2139 2747 denarios
2181 2716 2291 2747 cum
2336 2716 2432 2747 vna
2473 2699 2631 2748 cimba

591 2786 715 2833 bene
750 2793 1015 2849 preparata
1048 2802 1139 2849 pro
1173 2786 1385 2849 piscibus
1422 2787 1674 2852 capiendis
1709 2789 1773 2836 ad
1809 2788 1931 2836 duos
1967 2790 2085 2838 anni
2123 2789 2359 2838 terminos
2406 2829 2416 2838 .
2466 2829 2475 2838 .
2525 2829 2534 2838 .
2582 2797 2630 2838 et

593 2877 760 2925 omnia
782 2876 881 2924 alia
904 2894 1056 2925 onera
1091 2915 1100 2925 .
1138 2915 1148 2925 .
1187 2916 1196 2926 .
1234 2877 1447 2927 Necnon
1490 2918 1499 2927 .
1543 2919 1553 2928 .
1596 2919 1605 2928 .
1647 2880 1988 2930 sustentabunt
2023 2882 2261 2946 prefatam
2299 2883 2498 2930 domum
2521 2883 2629 2930 bra-

594 2967 692 3016 fine
738 2966 941 3016 honeste
986 3003 996 3014 .
1044 3006 1054 3015 .
1098 3007 1107 3016 .
1154 2976 1303 3032 prout
1342 2969 1596 3019 inuenitur
1639 2980 1863 3037 tempore
1909 2973 2140 3022 introitus
2184 3011 2196 3023 .
2240 3013 2249 3022 .
2295 3011 2306 3023 .
2349 2973 2556 3039 Insuper
2595 2971 2627 3020 fi

594 3059 865 3108 defecerint
899 3059 952 3107 in
987 3058 1168 3107 eisdem
1210 3098 1219 3107 .
1263 3098 1273 3108 .
1316 3097 1327 3109 .
1368 3061 1805 3113 sustentacionibus
1842 3065 1921 3114 seu
1965 3104 1976 3114 .
2019 3105 2028 3114 .
2072 3105 2081 3114 .
2123 3067 2175 3114 in
2218 3066 2463 3115 solucione
2502 3066 2627 3115 diae

593 3150 733 3200 firme
755 3158 804 3200 et
829 3167 1034 3199 onerum
1070 3188 1080 3198 .
1118 3189 1127 3198 .
1164 3189 1174 3199 .
1211 3150 1381 3201 licebit
1415 3153 1556 3201 nobis
1593 3191 1604 3202 .
1641 3194 1651 3204 .
1693 3194 1703 3204 .
1742 3157 1950 3221 desuper
1986 3157 2242 3222 disponere
2274 3159 2337 3207 ad
2373 3195 2385 3206 .
2425 3195 2437 3207 .
2476 3195 2486 3205 .
2522 3156 2627 3205 libi-
