2762 3834
454 752 551 802 470

473 2127 565 2178 471

599 341 695 394 376
1046 332 1470 386 REGISTRUM
1505 330 1604 379 DE
1642 326 2200 377 ABERBROTHOC.

603 543 913 615 southterre
938 560 1145 610 dimidia
1168 575 1283 622 pars
1308 554 1550 605 assedatur
1574 552 1608 602 J
1611 552 1795 601 ohanni
1825 551 1943 601 Scot
1969 559 2018 601 et
2042 551 2220 601 Ellene
2246 552 2415 616 sponse
2441 553 2538 601 sue.

604 787 611 794 .
654 786 662 794 .
702 784 711 793 .
755 743 935 791 Pateat
985 778 996 789 .
1041 778 1051 788 .
1098 775 1108 787 .
1151 755 1245 787 nos
1270 737 1542 801 Georgium
1590 773 1601 784 .
1652 773 1663 784 .
1717 772 1727 783 .
1771 735 1999 784 abbatem
2035 772 2047 784 .
2087 773 2098 783 .
2139 772 2150 783 .
2188 736 2249 783 de
2276 735 2501 783 Arbroth
2538 771 2550 782 .
2590 771 2603 783 .
2642 773 2653 783 .

603 834 827 886 affedaffe
863 872 873 883 .
911 872 920 882 .
961 873 969 882 .
1006 831 1228 881 Johanni
1273 829 1391 880 Scot
1434 837 1482 878 et
1526 827 1703 877 Ellene
1744 826 1898 877 Clerk
1938 826 2108 892 sponse
2150 827 2232 877 sue
2274 827 2511 876 moderne
2547 865 2557 876 .
2597 866 2606 875 .
2647 866 2656 876 .

604 939 759 978 terras
791 925 982 975 nostras
1016 923 1219 972 dimidie
1255 922 1412 986 partis
1444 920 1559 969 ville
1594 920 1759 969 nostre
1796 920 1858 968 de
1894 919 2185 969 Southterre
2237 958 2248 968 .
2303 957 2315 969 .
2369 960 2379 970 .
2429 936 2520 985 pro
2556 926 2658 969 toto

604 1032 822 1084 tempore
848 1018 948 1066 vite
974 1033 1146 1065 eorum
1172 1015 1367 1064 diucius
1394 1013 1607 1062 viuentis
1645 1039 1655 1049 ·
1694 1010 1946 1061 Soluendo
1986 1048 1996 1060 .
2036 1050 2047 1060 .
2089 1050 2099 1060 .
2138 1020 2238 1062 tres
2265 1011 2457 1061 celdras
2481 1029 2659 1061 auena-

604 1129 710 1160 rum
747 1108 972 1158 mensure
1014 1108 1110 1156 fori
1152 1105 1399 1155 currentis
1440 1106 1504 1154 ad
1541 1105 1779 1154 terminos
1818 1141 1829 1152 .
1864 1142 1876 1153 .
1912 1141 1922 1153 .
1961 1105 2217 1153 consuetos
2251 1121 2461 1153 vnacum
2504 1104 2660 1154 tribus

605 1204 742 1258 libris
767 1203 848 1251 sex
874 1201 1041 1250 solidis
1066 1208 1116 1250 et
1140 1202 1247 1248 οᾶο
1273 1197 1491 1247 denariis
1534 1235 1546 1246 .
1587 1235 1600 1246 .
1642 1235 1654 1246 .
1690 1203 1887 1245 monete
1927 1233 1938 1244 .
1975 1233 1986 1245 .
2025 1234 2037 1245 .
2081 1195 2255 1246 Seocie
2289 1197 2353 1245 ad
2390 1233 2402 1245 .
2442 1233 2454 1245 .
2494 1233 2505 1244 .
2542 1196 2662 1246 festa

607 1339 615 1347 .
665 1337 673 1345 .
722 1336 730 1344 .
776 1292 1128 1344 Penthecostes
1162 1300 1211 1341 ct
1243 1291 1409 1340 Sancti
1443 1289 1654 1340 Martini
1693 1329 1703 1339 .
1746 1329 1756 1338 .
1800 1328 1809 1338 .
1853 1296 2080 1354 r-ynmart
2104 1289 2308 1355 weddyr
2342 1296 2392 1338 et
2424 1288 2533 1338 aliis
2556 1289 2662 1338 hus-

608 1388 883 1437 bandorum
916 1385 1147 1434 oneribus
1195 1421 1206 1432 .
1252 1421 1263 1432 .
1301 1423 1310 1432 .
1352 1400 1464 1431 cum
1497 1383 1578 1432 sex
1617 1381 1889 1447 caponibus
1926 1389 1975 1431 et
2007 1381 2212 1431 totidem
2251 1381 2400 1446 pullis
2435 1381 2616 1430 adultis
2653 1412 2663 1421 -

610 1482 844 1530 Preterea
885 1478 917 1527 fi
959 1516 970 1527 .
1017 1516 1027 1526 .
1067 1514 1079 1526 .
1124 1476 1309 1525 fuerint
1349 1513 1359 1524 .
1400 1513 1409 1522 .
1457 1512 1468 1524 .
1505 1475 1634 1524 male
1675 1473 2014 1539 persoluentes
2051 1473 2223 1522 licebit
2264 1473 2405 1522 nobis
2441 1510 2452 1521 .
2498 1511 2509 1522 .
2552 1511 2563 1522 .
2604 1474 2665 1522 de

672 1613 682 1622 .
724 1615 732 1623 .
773 1573 919 1623 terris
952 1572 1210 1637 disponere
1252 1607 1265 1619 .
1310 1607 1322 1618 .
1364 1607 1374 1618 .
1414 1568 1642 1634 Sigillum
1679 1584 1939 1616 commune
1974 1566 2283 1632 presentibus
2308 1567 2378 1615 est
2402 1566 2667 1631 appensum

613 1667 803 1715 decimo
829 1665 985 1714 tercio
1013 1662 1247 1714 Getobris
1271 1679 1402 1711 anno
1427 1661 1636 1710 Domini
1662 1666 1729 1709 m⁰
1753 1658 2145 1725 quingentefimo
2169 1660 2358 1708 οᾶέειιιο.

622 1917 816 2003 Kepty
843 1937 1036 1986 decima
1061 1937 1195 1986 sexta
1217 1953 1333 2001 pars
1358 1934 1600 1985 affedatur
1630 1935 1837 1986 He&ori
1862 1936 2031 2003 Bryde
2057 1943 2106 1985 et
2131 1937 2234 1985 eius
2259 1936 2443 2001 sponse.

622 2098 751 2170 Nos
779 2120 1029 2184 Georgius
1054 2119 1203 2168 abbas
1247 2156 1258 2167 .
1304 2156 1315 2167 .
1357 2157 1369 2166 .
1408 2120 1469 2167 de
1494 2117 1802 2167 Abbirbroth
1842 2158 1851 2168 .
1895 2158 1904 2167 .
1948 2157 1958 2167 .
1995 2118 2264 2168 affedamus
2303 2157 2313 2167 .
2357 2159 2366 2168 .
2412 2157 2423 2167 .
2468 2119 2672 2168 Het‘itori

626 2213 791 2277 Bryde
827 2219 876 2260 et
911 2211 1163 2276 Margrete
1210 2210 1375 2261 Smart
1415 2211 1584 2276 sponse
1626 2211 1708 2259 sue
1746 2211 1983 2259 moderne
2032 2251 2041 2260 .
2091 2249 2102 2260 .
2153 2250 2163 2259 .
2212 2212 2454 2261 decimam
2492 2214 2672 2261 sextam

626 2315 815 2369 partem
842 2305 903 2352 de
926 2304 1095 2370 Kepty
1121 2322 1179 2353 ac
1204 2305 1359 2353 eciam
1398 2304 1620 2368 quintam
1657 2311 1849 2368 partem
1885 2305 2055 2353 offlaaue
2079 2304 2235 2369 partis
2261 2322 2407 2369 quam
2433 2305 2676 2369 ocupabat

630 2405 741 2445 ante
778 2397 944 2446 datam
980 2395 1290 2460 presencium
1327 2424 1337 2435 ·
1375 2395 1626 2444 Soluendo
1661 2394 1779 2444 inde
1815 2396 2071 2445 annuatim
2098 2404 2151 2445 ut
2176 2398 2357 2446 tastum
2393 2396 2464 2445 est
2486 2396 2540 2444 in
2564 2394 2676 2444 affe-

630 2488 836 2536 dacione
861 2488 981 2537 alias
1004 2488 1134 2536 facta
1157 2488 1242 2536 sub
1266 2488 1433 2537 nostro
1458 2488 1616 2552 figillo
1642 2488 1891 2537 communi
1927 2517 1937 2528 ·
1973 2487 2274 2537 reseruando
2297 2488 2440 2537 nobis
2464 2487 2678 2537 decimas

631 2581 720 2628 lini
746 2589 794 2627 et
819 2580 1017 2644 cenapis
1053 2608 1064 2618 ·
1095 2580 1166 2629 ita
1190 2582 1324 2644 quod
1346 2580 1438 2629 ista
1461 2580 1700 2630 ass'edacio
1733 2581 1946 2629 eundem
1969 2580 2151 2630 habeat
2176 2581 2395 2646 vigorem
2420 2597 2511 2645 pro
2536 2579 2678 2629 annis

633 2672 852 2720 nondum
877 2672 1131 2735 completis
1156 2673 1209 2721 in
1234 2674 1460 2722 omnibus
1486 2682 1535 2723 et
1557 2692 1647 2739 per
1672 2674 1839 2723 omnia
1873 2690 1984 2722 cum
2009 2672 2314 2722 affedacione
2338 2672 2419 2737 pie
2444 2671 2678 2721 memorie

634 2763 881 2827 quondam
916 2762 1102 2810 domini
1140 2762 1309 2812 Dauid
1342 2765 1533 2814 abbatis
1568 2767 1703 2830 prius
1739 2784 1769 2815 a
1802 2766 1944 2815 nobis
1982 2766 2100 2815 data
2141 2804 2149 2813 .
2195 2802 2207 2813 .
2246 2799 2257 2810 .
2305 2764 2533 2830 Sigillum
2571 2801 2582 2812 .
2622 2801 2633 2812 .
2668 2801 2678 2810 .

636 2854 838 2919 capituli
875 2891 885 2902 .
929 2893 938 2901 .
978 2892 989 2902 .
1024 2855 1329 2918 presentibus
1364 2857 1434 2904 est
1469 2858 1733 2922 appensum
1770 2858 1962 2907 decimo
1994 2857 2199 2922 septimo
2225 2855 2525 2905 Nouembris
2550 2870 2679 2904 anno

638 2946 855 2994 Domino
880 2951 946 2993 m⁰
970 2945 1357 3011 quingentesimo
1383 2950 1567 2997 080auo.
