2762 3834
652 356 748 409 378
1103 351 1527 403 REGISTRUM
1563 350 1659 399 DE
1695 348 2257 401 ABERBROTHOC.

654 487 768 536 ville
793 486 956 536 nostre
992 486 1053 535 de
1089 484 1399 548 Aichmuthy
1439 520 1449 531 .
1487 520 1496 530 .
1537 521 1545 530 .
1583 498 1674 546 pro
1700 489 1805 529 toto
1831 489 2054 546 tempore
2080 482 2180 532 vite
2206 522 2215 532 .
2255 522 2265 533 .
2303 522 2313 532 .
2343 483 2594 534 Soluendo
2620 525 2628 533 .
2657 526 2665 535 .
2693 527 2701 535 .

652 589 752 628 tres
776 579 927 627 libras
968 614 978 625 .
1019 615 1028 625 .
1070 614 1081 624 .
1124 583 1320 623 monete
1352 610 1364 622 .
1398 611 1410 622 .
1448 611 1459 621 .
1507 572 1680 622 Scocie
1705 574 1769 622 ad
1800 610 1812 622 .
1850 611 1861 622 .
1901 611 1913 623 .
1939 573 2063 624 festa
2086 575 2438 626 Penthecostes
2463 584 2512 627 et
2539 576 2703 627 Sancti

654 670 861 720 Martini
897 708 905 717 .
950 709 958 717 .
1003 707 1012 716 .
1050 684 1161 716 cum
1186 673 1412 732 rynmart
1450 674 1498 714 et
1534 665 1644 713 aliis
1667 664 2033 715 husbandorum
2067 669 2300 717 oneribus
2337 709 2345 717 .
2392 707 2402 718 .
2449 708 2459 717 .
2498 669 2703 735 Insuper

657 762 768 827 [etc.
796 768 850 810 ut
875 760 1019 825 supra
1045 759 1138 807 No.
1167 757 1302 822 472]
1348 795 1358 805 .
1402 795 1413 805 .
1460 794 1470 805 .
1520 758 1669 805 Anno
1695 757 1903 807 Domini
1928 764 1994 806 m⁰
2019 759 2410 825 quingentesimo
2436 761 2551 811 viii⁰.

652 1023 824 1095 Carta
847 1042 1017 1092 Dauid
1043 1041 1196 1107 Boyis
1222 1040 1496 1089 communis
1521 1038 1727 1104 pistrini.

503 1231 598 1283 475
651 1208 913 1282 Omnibus
964 1265 974 1275 .
1026 1265 1036 1275 .
1088 1264 1099 1275 .
1152 1224 1403 1290 Georgius
1448 1260 1458 1271 .
1507 1261 1517 1271 .
1565 1261 1576 1272 .
1621 1223 1771 1272 abbas
1813 1262 1823 1272 .
1866 1261 1877 1272 .
1921 1262 1932 1272 .
1976 1225 2037 1272 de
2066 1224 2291 1275 Arbroth
2335 1264 2345 1274 .
2392 1263 2402 1273 .
2448 1263 2458 1274 .
2503 1226 2703 1276 salutem

650 1360 661 1372 .
707 1360 719 1370 .
763 1360 772 1370 .
813 1319 1073 1369 Noueritis
1107 1334 1198 1366 nos
1248 1354 1259 1365 .
1305 1354 1316 1365 .
1362 1353 1374 1364 .
1425 1313 1701 1365 conceffifl'e
1744 1354 1754 1364 .
1799 1354 1809 1364 .
1853 1354 1863 1364 .
1906 1316 2078 1366 Dauid
2121 1317 2256 1383 Boys
2296 1318 2526 1383 burgenfi
2562 1320 2706 1385 burgi
2761 1387 2762 1391 Ἰ

649 1416 710 1463 de
735 1412 955 1463 Arbroth
992 1411 1088 1460 suis
1111 1410 1380 1459 heredibus
1404 1417 1454 1458 et
1478 1407 1728 1473 affignatis
1771 1445 1783 1457 .
1828 1446 1839 1457 .
1881 1446 1893 1459 .
1933 1408 2193 1474 pistrinum
2230 1410 2452 1459 nostrum
2487 1411 2540 1460 in
2576 1412 2705 1462 ᾶίἃο
2761 1398 2762 1403 ¹

648 1510 806 1572 burgo
848 1544 859 1554 .
902 1543 913 1554 .
956 1544 965 1554 .
1010 1505 1179 1553 iacens
1222 1504 1275 1552 in
1318 1503 1401 1552 via
1442 1519 1537 1567 que
1581 1508 1789 1550 vocatur
1832 1500 2172 1568 Brothacsyde
2218 1503 2351 1551 inter
2392 1511 2551 1553 terras
2589 1505 2703 1553 olim

650 1599 884 1648 Nicholai
924 1585 1301 1646 Hornar⁵nunc
1342 1612 1462 1645 vero
1500 1594 1749 1644 Johannis
1792 1592 1940 1643 Seras
1978 1611 2038 1643 ex
2076 1603 2219 1659 parte
2253 1594 2455 1644 australi
2493 1604 2542 1645 et
2586 1634 2596 1644 .
2638 1634 2647 1643 .
2691 1634 2702 1645 .

652 1702 835 1740 terram
860 1689 1140 1739 Alexandri
1164 1689 1286 1755 Kyd
1310 1706 1370 1737 ex
1395 1696 1538 1753 parte
1574 1685 1753 1736 boriali
1779 1693 1827 1734 et
1852 1685 1984 1735 inter
2009 1686 2060 1753 ly
2087 1677 2302 1737 Brothac
2327 1704 2387 1736 ex
2411 1695 2553 1752 parte
2579 1689 2704 1738 occi-

652 1784 838 1833 dentali
877 1792 926 1832 et
964 1799 1274 1832 communem
1310 1781 1557 1830 venellam
1594 1797 1655 1828 ex
1696 1786 1838 1843 parte
1880 1778 2111 1827 orientali
2152 1809 2162 1818 ·
2201 1781 2535 1845 quodquidem
2584 1822 2592 1829 .
2641 1822 2648 1830 .
2694 1821 2703 1830 .

654 1877 901 1941 quondam
926 1875 1019 1923 fuit
1042 1875 1281 1923 heredum
1306 1874 1342 1923 J
1345 1873 1555 1922 ohannis
1580 1872 1769 1922 Baxtar
1792 1890 1926 1922 nunc
1963 1882 2129 1922 autem
2164 1891 2254 1939 per
2291 1875 2508 1924 diuersas
2544 1876 2705 1924 curias

654 1988 711 2017 ac
737 1986 906 2018 earum
937 1967 1204 2033 legittimos
1238 1966 1487 2032 processus
1522 1983 1719 2015 necnon
1756 1973 1806 2014 et
1840 1982 1930 2030 per
1966 1966 2358 2031 recognitionem
2393 1968 2447 2016 in
2483 1968 2724 2017 manibus·

654 2061 832 2110 nostris
856 2060 979 2109 iuste
1015 2059 1217 2108 deuenit
1259 2089 1269 2098 ·
1311 2059 1609 2108 Tenendum
1649 2099 1658 2107 .
1696 2099 1705 2107 .
1745 2099 1753 2108 .
1797 2067 1847 2108 vt
1885 2059 2043 2108 di8ws
2073 2059 2334 2109 Johannes
2366 2060 2465 2110 fiue
2500 2061 2708 2110 heredes

657 2155 726 2202 sui
750 2153 888 2218 prius
911 2152 1192 2201 habuerunt
1228 2190 1238 2200 .
1273 2190 1283 2200 .
1317 2190 1327 2200 .
1365 2151 1643 2201 Reddendo
1676 2187 1686 2199 .
1719 2190 1728 2201 .
1765 2189 1776 2200 .
1813 2151 2059 2201 monacho
2094 2151 2318 2201 ministro
2343 2153 2707 2202 communitatis

767 2284 776 2293 .
823 2244 1051 2293 vndecim
1092 2243 1271 2292 solidos
1311 2251 1510 2292 monete
1553 2282 1563 2292 .
1609 2281 1620 2292 .
1666 2282 1676 2292 .
1723 2242 1895 2294 Scocie
1937 2244 2000 2293 ad
2045 2281 2056 2292 .
2102 2281 2113 2292 .
2160 2281 2171 2292 .
2214 2244 2338 2293 festa
2377 2283 2384 2291 .
2428 2283 2437 2293 .
2481 2284 2489 2292 .
2534 2246 2707 2294 Pente-

655 2338 809 2387 costes
848 2345 897 2386 et
935 2336 1101 2386 Sancti
1139 2336 1351 2385 Martini
1386 2375 1396 2385 .
1434 2375 1443 2384 .
1476 2374 1486 2385 .
1524 2336 1764 2386 Preterea
1800 2374 1810 2384 .
1846 2374 1855 2385 .
1892 2374 1903 2384 .
1940 2335 2112 2385 Dauid
2149 2336 2319 2401 suique
2355 2336 2563 2386 heredes
2596 2375 2607 2384 .
2645 2375 2657 2384 .
2693 2374 2705 2385 .

652 2430 912 2495 pistrinum
934 2429 1274 2478 sustentabunt
1298 2430 1351 2478 in
1373 2430 1469 2478 suis
1493 2429 1747 2479 strufflmris
1771 2429 2168 2493 reparationibus
2193 2438 2242 2479 et
2267 2430 2474 2479 edificiis
2509 2468 2519 2478 .
2559 2468 2570 2478 .
2610 2469 2620 2479 .
2659 2438 2705 2479 et

655 2521 789 2569 nullo
826 2522 973 2569 modo
1015 2558 1025 2569 .
1066 2558 1077 2569 .
1118 2559 1128 2569 .
1173 2522 1385 2570 deficere
1410 2523 1702 2587 permittent
1743 2549 1752 2558 ·
1796 2522 1976 2586 Neque
2003 2522 2099 2571 erit
2122 2521 2314 2570 licitum
2339 2523 2545 2587 prefatis
2586 2562 2596 2571 .
2641 2562 2649 2571 .
2692 2560 2702 2571 .

655 2611 914 2675 pistrinum
959 2648 969 2659 .
1015 2651 1023 2659 .
1068 2651 1076 2660 .
1121 2612 1339 2660 alienare
1385 2650 1395 2661 .
1443 2652 1453 2661 .
1501 2652 1512 2662 .
1556 2614 1657 2663 fine
1692 2613 1860 2664 nostra
1894 2615 2109 2663 licencia.
2150 2655 2158 2663 .
2201 2652 2211 2662 .
2255 2652 2264 2663 .
2309 2615 2375 2664 Et
2399 2616 2461 2663 ad
2486 2615 2704 2680 predi6ta

659 2741 669 2751 .
714 2743 722 2751 .
763 2743 771 2751 .
813 2704 1115 2767 perficienda
1143 2705 1393 2768 predictus
1432 2746 1441 2754 .
1487 2743 1498 2754 .
1542 2746 1551 2755 .
1596 2707 1784 2772 obligat
1807 2708 1855 2755 se
1880 2706 1989 2755 suos
2024 2706 2234 2756 heredes
2266 2724 2324 2756 ac
2349 2705 2611 2771 affignatos
2646 2723 2702 2756 ac

661 2834 671 2843 .
712 2833 722 2843 .
767 2832 777 2842 .
821 2795 904 2842 sua
929 2802 1211 2843 tenementa
1234 2796 1285 2843 in
1310 2797 1530 2860 predicto
1555 2799 1713 2865 burgo
1741 2836 1752 2846 .
1782 2835 1793 2846 .
1822 2835 1834 2846 .
1857 2797 1892 2846 fi
1918 2805 2095 2847 contra
2121 2836 2131 2846 .
2162 2835 2172 2846 .
2202 2835 2213 2846 .
2238 2798 2414 2847 fecerit
2434 2799 2541 2848 fore
2585 2837 2595 2847 .
2637 2838 2647 2846 .
2691 2835 2702 2846 .

659 2887 906 2935 namanda
944 2925 953 2934 .
993 2925 1003 2934 .
1049 2923 1060 2935 .
1099 2888 1251 2951 Apud
1295 2926 1306 2937 .
1343 2927 1353 2937 .
1391 2926 1401 2937 .
1442 2891 1712 2955 capitulum
1749 2889 1943 2939 decimo
1977 2907 2110 2939 nono
2147 2890 2227 2939 die
2262 2889 2439 2941 menfis
2474 2889 2700 2939 Januarii

658 2996 789 3027 anno
815 2978 1020 3026 Domini
1046 2979 1296 3028 millesimo
1322 2981 1709 3046 quingentefimo
1736 2987 1923 3032 octauo·
