2762 3834
385 775 478 825 361

429 2782 525 2829 362

539 363 637 419 296
986 361 1410 413 REGISTRUM
1443 359 1541 409 DE
1575 355 2133 409 ABERB'ROTHOC.

543 566 722 639 Parth
746 588 797 636 in
821 588 979 651 burgo
1004 594 1135 635 terre
1159 583 1363 633 baronie
1389 590 1527 632 carta
1550 599 1641 647 pro
1667 581 1888 631 Ricardo
1914 581 2138 632 Brisone.

550 747 808 821 Omnibus
834 805 844 816 .
868 805 878 815 .
905 805 915 815 .
936 765 1105 814 Dauid
1131 802 1142 813 .
1171 803 1181 814 .
1207 804 1216 813 .
1243 765 1390 813 abbas
1413 802 1421 811 .
1449 800 1459 810 .
1481 802 1489 811 .
1511 763 1572 811 de
1594 763 1933 812 Abirbrothoe
1960 801 1971 813 .
2000 802 2011 813 .
2038 804 2048 814 .
2074 765 2278 814 salutem
2304 805 2313 814 .
2343 802 2354 813 .
2378 803 2389 814 .
2411 764 2587 815 Sciatis

547 876 635 908 nos
679 896 690 907 .
735 896 746 906 .
789 896 799 906 .
840 856 1095 906 conceffise
1137 893 1148 904 .
1190 893 1200 904 .
1242 893 1252 903 .
1295 855 1514 904 Ricardo
1539 852 1744 903 Brisone
1767 855 1871 903 filio
1896 852 2109 905 Henrici
2134 855 2339 905 Brisone
2362 858 2588 923 burgensi

548 950 691 1014 burgi
717 949 777 997 de
802 948 954 996 Perth
996 987 1006 996 .
1049 984 1059 995 .
1102 984 1113 994 .
1156 954 1340 996 terram
1377 946 1540 994 nostre
1576 947 1781 996 baronie
1826 985 1838 996 .
1882 984 1893 995 .
1941 985 1952 997 .
1994 948 2237 998 iacentem
2263 950 2313 998 in
2340 950 2592 999 territorio

550 1041 664 1089 diai
701 1039 845 1103 burgi
883 1046 1025 1096 extra
1061 1038 1108 1086 le
1149 1037 1421 1103 Toratbrig
1457 1054 1517 1085 ex
1554 1046 1696 1102 parte
1735 1038 1935 1088 australi
1977 1040 2193 1089 eiusdem
2234 1041 2365 1091 inter
2412 1052 2592 1091 terram

530 1132 796 1198 ‘quondam
833 1129 1093 1179 Michaelis
1128 1129 1333 1178 Lokard
1357 1146 1416 1177 ex
1442 1130 1738 1180 occidentali
1766 1132 1828 1181 ab
1860 1147 1958 1181 vna
1991 1138 2041 1181 et
2076 1149 2335 1184 commune
2371 1134 2594 1200 stagnum

554 1242 612 1273 ex
636 1221 864 1272 orientali
887 1222 1110 1287 partibus
1135 1222 1197 1271 ab
1221 1222 1379 1270 altera
1420 1251 1431 1262 ·
1474 1222 1771 1286 quequidem
1808 1227 1944 1272 terra
1991 1263 2000 1273 .
2051 1263 2060 1273 .
2110 1264 2119 1273 .
2168 1225 2260 1274 fuit
2295 1225 2600 1275 hereditarie

554 1314 669 1364 diai
695 1314 905 1363 Henrici
950 1350 960 1361 .
1000 1351 1011 1362 .
1053 1351 1063 1361 .
1103 1320 1153 1362 et
1177 1313 1526 1377 quamquidem
1569 1353 1578 1363 .
1622 1353 1632 1363 .
1676 1352 1686 1363 .
1728 1315 1780 1363 in
1805 1316 2033 1365 manibus
2054 1317 2233 1365 nostris
2276 1355 2288 1366 .
2328 1356 2339 1366 .
2379 1357 2388 1367 .
2432 1334 2597 1367 coram

555 1406 755 1456 testibus
777 1405 1058 1470 subscriptis
1082 1421 1172 1470 per
1195 1404 1306 1453 suos
1329 1413 1677 1469 procuratores
1701 1408 1969 1474 refignauit
2010 1449 2019 1459 .
2063 1449 2072 1459 .
2113 1450 2121 1459 .
2167 1410 2460 1460 Tenendam
2496 1452 2505 1460 .
2542 1451 2551 1460 .
2589 1451 2598 1460 .

556 1501 607 1548 in
639 1499 783 1548 feodo
808 1505 859 1548 et
881 1497 1157 1547 hereditate
1193 1498 1557 1563 imperpetuum
1599 1538 1608 1548 .
1652 1539 1662 1549 .
1723 1539 1733 1550 .
1774 1500 2053 1550 Reddendo
2093 1542 2101 1551 .
2141 1542 2150 1551 .
2192 1542 2201 1551 .
2244 1503 2462 1568 quinque
2496 1503 2601 1552 soli-

559 1592 645 1640 dos
685 1590 838 1640 annui
878 1591 1102 1639 redditus
1142 1629 1153 1639 .
1195 1629 1205 1639 .
1245 1629 1255 1640 .
1296 1599 1494 1640 monete
1540 1592 1714 1640 Scocie
1750 1593 1813 1640 ad
1847 1632 1857 1641 .
1895 1631 1905 1642 .
1942 1632 1952 1641 .
1991 1595 2228 1642 terminos
2260 1595 2446 1644 vsuales
2487 1635 2496 1644 .
2539 1635 2549 1644 .
2591 1634 2602 1645 .

560 1683 879 1733 Reseruando
903 1690 1068 1732 tamen
1093 1681 1319 1732 Henrico
1345 1683 1551 1733 Brisone
1575 1681 1787 1732 liberum
1813 1691 2149 1733 tenementum
2175 1686 2302 1734 diae
2332 1693 2465 1735 terre
2500 1726 2509 1736 .
2548 1723 2559 1734 .
2593 1726 2602 1735 .

560 1792 650 1840 pro
674 1782 778 1823 toto
803 1783 1024 1839 tempore
1050 1775 1151 1824 vite
1175 1776 1258 1825 sue
1295 1815 1304 1824 .
1342 1815 1352 1824 .
1391 1815 1400 1825 .
1435 1775 1497 1824 In
1517 1776 1655 1825 cuius
1673 1775 1748 1825 rei
1773 1776 2106 1825 testimonium
2138 1817 2148 1827 .
2185 1816 2195 1827 .
2233 1817 2242 1827 .
2281 1785 2416 1827 carte
2439 1778 2604 1827 nostre

563 1865 769 1931 figillum
797 1881 1054 1914 commune
1079 1866 1283 1930 capituli
1307 1866 1460 1915 nostri
1486 1868 1557 1916 est
1580 1869 1849 1933 appensum
1868 1870 2000 1934 apud
2018 1869 2367 1919 monasterium
2387 1871 2603 1919 nostrum

566 1959 626 2007 de
651 1958 958 2007 Abbirbroth
983 1973 1083 2006 vna
1105 1974 1217 2007 cum
1243 1959 1537 2024 appensione
1562 1960 1704 2027 figilli
1754 2002 1763 2012 .
1812 2002 1822 2011 .
1868 2002 1877 2012 .
1926 1962 2203 2011 Alexandri
2237 1962 2405 2011 Lowel
2435 1962 2605 2022 balliui

565 2049 719 2099 nostri
755 2050 850 2098 hac
890 2047 997 2099 vice
1038 2050 1316 2115 specialiter
1358 2051 1609 2102 constituti
1651 2081 1662 2093 ·
1706 2054 1993 2120 quiquidem
2029 2055 2241 2104 balliuus
2279 2056 2340 2104 de
2376 2055 2611 2105 mandato

566 2141 731 2190 nostro
755 2138 953 2206 speciali
998 2181 1007 2190 .
1056 2181 1065 2191 .
1115 2181 1124 2191 .
1173 2141 1395 2191 saisinam
1443 2183 1453 2192 .
1503 2184 1512 2193 .
1562 2185 1571 2194 .
1619 2147 1971 2198 hereditariam
2007 2150 2201 2214 prefato
2232 2149 2448 2199 Ricardo
2483 2150 2609 2198 diae

570 2242 700 2283 terre
743 2273 752 2282 .
796 2271 808 2282 .
848 2272 858 2283 .
901 2235 1045 2298 super
1090 2235 1242 2283 solum
1283 2234 1496 2285 eiusdem
1538 2277 1548 2287 .
1587 2277 1595 2286 .
1633 2279 1642 2287 .
1683 2239 1982 2290 deliberauit
2018 2240 2278 2290 vndecimo
2320 2240 2400 2290 die
2436 2239 2611 2290 mensis

571 2325 711 2375 Junii
735 2341 866 2375 anno
889 2324 1094 2374 Domini
1118 2334 1186 2375 m⁰
1210 2335 1345 2377 ccce⁰
1364 2329 1681 2395 nonagesimo
1705 2330 1840 2379 sexto
1876 2371 1885 2380 .
1922 2371 1931 2381 .
1969 2371 1978 2381 .

579 2572 757 2643 Perth
780 2594 961 2644 limites
983 2597 1125 2661 pecie
1148 2605 1280 2647 terre
1303 2600 1600 2664 pertinentis
1623 2602 1824 2651 domino
1847 2600 2066 2652 Ricardo
2089 2601 2304 2652 Brisone.

580 2750 760 2822 Terra
798 2775 985 2823 domini
1024 2775 1231 2825 Ricardi
1272 2777 1478 2828 Brisone
1519 2781 1739 2830 anterior
1779 2781 1910 2832 iacet
1949 2789 2090 2831 extra
2126 2783 2173 2831 le
2209 2782 2523 2849 Turratbryg
2557 2800 2615 2833 ex

579 2871 719 2929 parte
743 2864 940 2913 australi
966 2866 1178 2914 eiusdem
1213 2868 1343 2916 inter
1378 2876 1561 2919 terram
1596 2874 1844 2936 quondam
1877 2873 2140 2922 Michaelis
2172 2872 2362 2923 Lokart
2397 2892 2457 2923 ex
2492 2875 2618 2924 occi-

581 2954 765 3003 dentali
808 2962 857 3003 et
899 2972 1157 3006 commune
1205 2958 1427 3022 stagnum
1477 2978 1535 3009 ex
1585 2963 1815 3012 orientali
1862 2980 2057 3013 necnon
2104 2972 2287 3013 terram
2334 2965 2616 3015 interiorem

584 3044 775 3093 Thome
825 3044 938 3094 Colt
980 3063 1039 3094 ex
1078 3046 1277 3096 australi
1323 3056 1372 3097 et
1421 3050 1616 3099 stratam
1661 3054 1911 3117 publicam
1954 3055 2071 3104 dieti
2111 3056 2255 3121 burgi
2296 3073 2355 3104 ex
2399 3056 2583 3106 boreali
2608 3086 2618 3096 ·

586 3134 744 3186 Soluit
768 3154 797 3183 v
822 3153 860 3184 s.
