2762 3834
25 787 118 833 203

36 2435 120 2480 204

622 385 1047 437 REGISTRUM
1081 385 1178 435 DE
1214 383 1771 435 ABERBROTHOC.
2125 384 2220 438 179

173 585 457 657 Affedacio
483 606 686 655 dimidie
711 609 867 672 partis
892 609 952 658 de
977 608 1323 658 Estirbrekkis.

170 762 448 836 Uniuerfis
472 791 639 849 pateat
677 822 688 832 .
724 822 735 833 .
766 823 777 833 .
811 803 901 834 nos
923 786 1208 852 Georgeum
1243 827 1253 837 .
1285 827 1295 837 .
1334 825 1345 836 .
1383 789 1610 837 abbatem
1647 826 1657 837 .
1697 826 1707 836 .
1742 826 1751 836 .
1789 788 1850 836 de
1875 784 2213 835 Abirbrothoc

170 915 180 925 .
210 915 220 924 .
251 914 261 925 .
288 876 514 925 affedaffe
541 913 552 924 .
577 913 586 923 .
615 914 624 924 .
651 874 872 925 Roberto
898 877 959 925 de
985 877 1263 926 Briantoun
1282 886 1331 928 et
1350 879 1386 928 J
1388 887 1532 929 onete
1556 880 1726 945 sponse
1751 880 1833 928 sue
1856 879 2094 927 moderne
2123 914 2133 925 .
2161 913 2171 924 .
2200 914 2210 924 .

168 968 421 1017 dimidiam
446 975 638 1032 partem
663 968 780 1016 ville
811 967 974 1016 nostre
1010 969 1072 1017 de
1107 969 1440 1019 Estirbrekkis
1475 988 1586 1019 cum
1617 1011 1626 1019 .
1661 1008 1669 1020 .
1708 1009 1719 1020 .
1762 971 1967 1019 decimis
2001 968 2213 1036 garbali—

167 1061 257 1109 bus
289 1060 504 1109 eiusdem
539 1077 630 1124 pro
672 1060 897 1109 terminis
933 1060 1105 1108 decem
1143 1067 1192 1109 et
1225 1078 1403 1109 nouem
1431 1080 1673 1111 annorum
1710 1101 1720 1111 .
1759 1101 1769 1111 .
1805 1101 1815 1111 .
1848 1062 2061 1111 termino
2093 1077 2211 1109 vero

166 1152 398 1201 introitus
425 1189 437 1200 .
468 1191 477 1200 .
518 1191 527 1200 .
552 1151 824 1216 incipiente
840 1151 892 1199 in
912 1150 1032 1200 festo
1048 1150 1398 1200 Pentheoostes
1415 1154 1578 1202 datam
1603 1154 1910 1219 presencium
1927 1153 2210 1201 immediate

166 1245 428 1308 sequente.
457 1281 468 1291 .
497 1281 508 1291 .
540 1243 792 1292 Soluendo
819 1281 828 1291 .
856 1280 866 1291 .
896 1280 906 1290 .
932 1259 1024 1307 pro
1043 1242 1187 1290 firma
1211 1249 1259 1291 et
1284 1243 1486 1291 decimis
1514 1281 1524 1292 .
1554 1282 1564 1292 .
1594 1282 1604 1292 .
1633 1245 1711 1293 sex
1729 1245 1885 1293 bollas
1903 1246 2032 1293 bone
2050 1244 2210 1292 farine

167 1341 215 1383 et
240 1334 494 1383 dimidiam
517 1335 701 1383 bollam
726 1342 775 1383 et
800 1340 1012 1399 quatuor
1034 1333 1192 1382 bollas
1214 1334 1387 1382 mundi
1411 1335 1525 1399 puri
1561 1343 1609 1384 et
1643 1335 1757 1384 ficei
1783 1336 1907 1383 ordii
1943 1353 2053 1384 cum
2077 1352 2211 1383 men-

167 1426 277 1475 sura
300 1426 396 1475 fori
422 1427 666 1475 currentis
691 1427 754 1475 ad
779 1426 1016 1475 terminos
1038 1424 1316 1473 huiusmodi
1342 1426 1572 1474 victualia
1596 1426 1814 1475 soluendi
1841 1427 2095 1475 consuetos
2114 1443 2212 1474 vna

168 1536 279 1568 cum
320 1525 546 1584 rynmart
587 1525 636 1567 et
675 1518 864 1566 weddir
900 1525 949 1566 et
980 1517 1089 1566 aliis
1119 1517 1488 1565 husbandorum
1524 1517 1756 1566 oneribus
1792 1557 1801 1566 .
1828 1557 1837 1566 .
1864 1557 1873 1566 .
1904 1518 2142 1566 Preterea
2174 1517 2211 1564 fi

167 1610 414 1674 predictus
438 1610 687 1659 Robertus
703 1616 752 1659 et
770 1609 803 1660 J
806 1616 954 1658 oneta
983 1649 991 1658 .
1028 1649 1037 1658 .
1072 1649 1081 1658 .
1122 1609 1250 1658 male
1269 1609 1605 1673 persoluentes
1623 1616 1706 1657 aut
1722 1609 1862 1657 nobis
1886 1648 1895 1657 .
1922 1648 1931 1657 .
1957 1648 1968 1657 .
1992 1608 2210 1656 iniuriofi

214 1741 222 1750 .
256 1742 264 1750 .
302 1702 560 1750 extiterint
582 1701 752 1750 licebit
775 1701 917 1749 nobis
954 1741 962 1750 .
1000 1741 1009 1750 .
1047 1741 1056 1749 .
1095 1701 1157 1750 de
1181 1700 1311 1749 dicta
1335 1700 1542 1748 dimidia
1575 1706 1717 1764 parte
1751 1699 1866 1748 ville
1899 1698 2064 1747 nostre
2100 1716 2212 1747 cum

168 1793 370 1842 decimis
395 1794 458 1842 ad
480 1793 675 1842 libitum
710 1833 720 1842 .
758 1833 767 1843 .
805 1833 814 1842 .
853 1793 1114 1857 disponere
1148 1832 1158 1841 .
1195 1832 1205 1842 .
1243 1832 1252 1842 .
1290 1791 1402 1841 Nec
1416 1792 1589 1840 licebit
1614 1791 1755 1840 diais
1787 1831 1796 1840 .
1832 1831 1840 1840 .
1877 1831 1886 1840 .
1923 1798 2118 1839 terras,
2156 1830 2165 1838 .
2201 1831 2209 1839 .

168 1884 383 1935 affedare
424 1885 524 1933 fine
562 1885 731 1934 nostra
766 1885 978 1934 licencia
1012 1923 1022 1933 .
1057 1925 1068 1934 .
1102 1925 1112 1934 .
1147 1884 1347 1933 cotariis
1391 1885 1633 1933 duntaxat
1675 1882 1894 1948 exceptis
1927 1923 1936 1932 .
1972 1922 1980 1932 .
2019 1922 2027 1931 .
2062 1882 2211 1946 Apud

168 1978 515 2028 Aberbrothoc
539 1979 652 2027 xvim
675 1978 755 2027 die
779 1979 954 2027 menfis
978 1978 1013 2027 J
1016 1977 1210 2027 anuarii
1235 1994 1366 2026 anno
1392 1984 1483 2025 etc.
1507 1975 1714 2024 lxxviii0.

169 2226 453 2299 Affedacio
478 2249 680 2299 dimidie
703 2250 860 2315 partis
884 2250 999 2299 ville
1025 2250 1086 2299 de
1106 2249 1395 2301 Burntown.

169 2407 447 2481 Uniuerfis
472 2439 639 2496 pateat
674 2471 684 2481 .
718 2472 727 2481 .
766 2471 775 2480 .
808 2449 898 2481 nos
925 2431 1211 2498 Georgeum
1248 2470 1257 2480 .
1293 2471 1302 2480 .
1337 2471 1346 2480 .
1382 2432 1605 2480 abbatem
1642 2470 1650 2478 .
1689 2470 1697 2479 .
1733 2471 1742 2479 .
1779 2431 1841 2480 de
1872 2431 2207 2481 Abirbrothoc

170 2560 179 2570 .
216 2561 225 2570 .
262 2562 272 2571 .
315 2522 537 2572 affedaffe
574 2563 583 2572 .
620 2564 630 2572 .
665 2563 674 2573 .
707 2524 929 2573 Johanni
952 2524 1202 2573 Durward
1228 2531 1277 2572 et
1300 2523 1555 2573 Willelmo
1587 2523 1837 2572 Durward
1860 2523 1961 2571 filio
1985 2525 2069 2571 suo
2106 2563 2115 2571 .
2153 2562 2161 2571 .
2197 2563 2206 2571 .

168 2629 256 2677 pro
294 2622 398 2663 toto
437 2622 656 2680 tempore
696 2615 794 2664 vite
831 2655 840 2664 .
878 2655 886 2664 .
925 2655 934 2664 .
972 2616 1226 2664 dimidiam
1263 2623 1455 2681 partem
1497 2623 1743 2665 terrarum
1784 2615 1900 2664 ville
1942 2615 2104 2663 nostre
2146 2616 2207 2662 de

170 2702 436 2755 Burntown
462 2724 559 2755 vna
584 2724 694 2755 cum
711 2707 914 2756 decimis
932 2707 1215 2772 garbalibus
1263 2747 1272 2756 .
1307 2747 1316 2756 .
1351 2747 1360 2755 .
1396 2705 1645 2756 Soluendo
1678 2746 1687 2755 .
1722 2746 1732 2755 .
1768 2746 1776 2755 .
1806 2723 1897 2771 pro
1920 2707 2062 2754 firma
2080 2705 2205 2753 dicte

171 2795 369 2846 dimidie
387 2799 543 2862 partis
567 2799 689 2847 duas
714 2799 906 2848 celdras
931 2799 1060 2847 ordii
1086 2816 1196 2847 cum
1230 2799 1435 2862 antiqua
1465 2799 1693 2847 mensura
1724 2806 1773 2847 et
1807 2816 1953 2846 vnam
1989 2798 2205 2846 celdram

168 2885 398 2938 frumenti
423 2890 636 2939 eiusdem
661 2891 884 2939 mensure
910 2891 974 2939 ad
998 2891 1235 2939 terminos
1258 2890 1535 2938 huiusmodi
1573 2890 1802 2939 victualia
1836 2889 2054 2938 soluendi
2092 2904 2204 2936 con-

168 2975 323 3027 suetos
349 3009 359 3020 ·
386 2988 435 3030 et
458 2999 549 3046 pro
575 2982 781 3030 dimidia
813 2989 954 3046 parte
991 2982 1294 3030 decimarum
1332 2981 1607 3046 garbalium
1642 3021 1650 3030 .
1686 3021 1696 3030 .
1730 3021 1740 3030 .
1772 2981 2053 3045 persoluent
2088 3020 2096 3028 .
2140 3019 2149 3028 .
2193 3019 2201 3027 .

169 3073 537 3130 quatuordecim
559 3073 717 3121 bollas
742 3072 869 3120 ordii
895 3080 944 3121 et
964 3073 1152 3121 farrine
1176 3074 1400 3122 mensure
1424 3073 1520 3121 fori
1546 3073 1790 3121 currentis
1815 3080 1864 3121 et
1892 3074 2013 3121 duas
2048 3071 2200 3119 bollas

169 3162 399 3212 frumenti
424 3164 636 3213 eiusdem
660 3165 885 3215 mensure
911 3165 974 3212 ad
995 3165 1232 3213 terminos
1258 3165 1513 3214 consuetos
1539 3181 1647 3213 cum
1686 3166 1766 3212 sex
1798 3164 2064 3229 caponibus
2090 3179 2197 3210 cum
