2762 3834
411 1516 506 1558 382

566 380 666 426 310
1014 372 1436 426 REGISTRUM
1469 372 1567 421 DE
1602 370 2162 423 ABERBROTHOC.

567 512 648 559 sex
671 510 823 558 libras
847 516 896 557 et
918 525 1009 572 pro
1034 508 1225 556 decima
1267 544 1276 553 .
1320 543 1329 552 .
1368 542 1377 552 .
1421 511 1635 567 quatuor
1660 503 1812 551 libras
1852 542 1862 551 .
1925 542 1934 551 .
1979 541 1990 552 .
2038 514 2235 554 monete
2274 543 2285 553 .
2324 545 2333 555 .
2375 546 2384 556 .
2431 508 2602 558 Scocic

568 618 678 650 cum
720 600 948 648 oneribus
980 597 1342 647 husbandorum
1380 632 1390 642 .
1429 632 1439 642 .
1476 632 1487 643 .
1526 594 1636 643 Nec
1675 593 1845 643 licebit
1880 595 2112 659 prediais
2151 597 2318 646 villam
2364 636 2374 646 .
2415 634 2426 644 .
2464 638 2474 647 .
2525 602 2602 648 vel

567 692 780 740 decimas
825 728 835 737 .
877 728 887 737 .
919 726 929 737 .
974 689 1119 736 alicui
1163 686 1379 736 affedare
1417 724 1426 733 .
1467 724 1475 733 .
1518 723 1528 732 .
1568 684 1666 733 fine
1697 685 1865 734 nostra
1899 686 2110 736 licencia
2148 726 2156 735 .
2195 726 2205 735 .
2243 726 2254 737 .
2289 690 2487 738 cotariis
2524 709 2603 739 ex-

566 784 749 847 ceptis·
775 781 842 830 Et
866 780 902 828 fi
938 818 948 828 .
986 816 998 827 .
1036 817 1046 827 .
1083 778 1210 826 male
1233 777 1570 842 persoluentee
1593 783 1679 825 aut
1703 777 1845 826 nobis
1881 816 1891 827 .
1930 816 1940 826 .
1978 815 1989 826 .
2024 778 2246 827 iniuriofi
2272 817 2285 828 .
2322 819 2333 829 .
2371 819 2382 829 .
2419 782 2601 830 fuerint

563 873 731 923 licebit
754 872 895 920 nobis
931 909 940 918 .
981 907 992 918 .
1030 907 1039 917 .
1076 870 1137 917 de
1162 907 1173 917 .
1213 906 1223 916 .
1261 906 1271 917 .
1299 868 1418 916 villa
1449 876 1499 916 et
1528 868 1723 917 decima
1755 905 1766 915 .
1803 904 1814 914 .
1847 905 1857 915 .
1891 868 2149 933 disponere
2188 906 2199 918 .
2237 908 2248 918 .
2285 909 2295 919 .
2322 872 2474 936 Apud
2509 912 2520 923 .
2548 911 2559 922 .
2595 914 2605 922 .

563 962 905 1012 monasterium
934 962 1159 1010 vicefimo
1189 960 1403 1008 secundo
1439 959 1520 1008 die
1557 960 1732 1007 menfis
1766 959 1911 1008 Junii
1946 976 2077 1009 anno
2112 960 2316 1010 Domini
2353 964 2605 1013 millefimo

562 1054 1041 1119 quadringentefimo
1065 1051 1379 1116 nonagesimo
1404 1051 1623 1115 septimo.

558 1304 622 1375 P
627 1324 735 1373 erth
756 1351 766 1363 ·
787 1330 924 1371 carta
941 1322 1300 1391 infeodacionis
1320 1323 1591 1371 tenementi
1608 1330 1657 1370 et
1673 1329 1918 1371 terrarum
1939 1323 2143 1372 baronie
2164 1324 2325 1373 nostre
2344 1325 2395 1373 in
2416 1327 2603 1374 eodem.

562 1484 823 1559 Omnibus
871 1543 880 1552 .
930 1542 940 1552 .
988 1542 997 1552 .
1048 1503 1218 1551 Dauid
1258 1540 1267 1548 .
1303 1538 1313 1548 .
1350 1539 1358 1547 .
1402 1501 1552 1549 abbas
1591 1539 1601 1548 .
1648 1537 1658 1548 .
1704 1537 1715 1548 .
1759 1501 1819 1548 de
1861 1501 2198 1550 Abirbrothoc
2240 1542 2249 1551 .
2293 1543 2302 1551 .
2347 1541 2358 1551 .
2402 1505 2603 1553 salutem

561 1637 572 1646 .
709 1634 719 1644 .
780 1595 994 1644 Nouerit
1039 1594 1326 1643 vniuerfitas
1374 1593 1537 1642 vestra
1580 1609 1670 1640 nos
1721 1630 1731 1640 .
1780 1629 1791 1640 .
1842 1629 1853 1640 .
1895 1593 2168 1642 conceffifl'e
2211 1631 2222 1642 .
2271 1634 2279 1643 .
2325 1633 2336 1643 .
2383 1595 2603 1644 Johanni

560 1689 781 1738 Wilsone
829 1695 878 1735 et
923 1686 1188 1735 heredibus
1236 1685 1331 1734 suis
1383 1723 1394 1734 .
1444 1722 1456 1733 .
1508 1722 1519 1733 .
1563 1692 1900 1733 tenementum
1938 1703 1996 1734 ac
2032 1686 2283 1735 vniuersas
2324 1696 2481 1736 terras
2523 1690 2605 1736 ba·

559 1782 700 1830 ronie
735 1779 897 1828 nostre
936 1817 946 1827 .
988 1816 998 1827 .
1038 1817 1048 1826 .
1086 1780 1304 1827 iacentes
1346 1778 1478 1826 infra
1518 1777 1823 1826 territorium
1873 1778 2016 1842 burgi
2065 1779 2126 1826 de
2168 1778 2321 1827 Perth
2370 1788 2418 1828 et
2466 1789 2605 1828 extra

559 1881 752 1938 portam
795 1872 1008 1920 eiusdem
1051 1878 1273 1919 vocatam
1313 1870 1357 1918 le
1397 1869 1669 1934 Turetbrig
1706 1887 1766 1917 ex
1801 1878 1943 1934 parte
1979 1870 2181 1919 australi
2218 1873 2490 1920 communis
2527 1873 2604 1920 vie

559 1966 689 2013 infra
735 1964 1045 2028 regalitatem
1088 1963 1149 2010 de
1191 1962 1531 2011 Abirbrothoc
1569 1970 1617 2010 et
1658 1962 1790 2010 infra
1825 1970 1983 2011 terras
2031 1962 2242 2012 Henrici
2291 1964 2496 2012 Brisone
2544 1983 2603 2013 ex

559 2066 699 2122 parte
726 2055 955 2104 orientali
980 2063 1029 2103 et
1053 2062 1210 2103 terras
1233 2054 1441 2103 Roberti
1463 2054 1590 2102 Dow
1617 2073 1676 2103 ex
1700 2063 1842 2120 parte
1863 2056 2159 2105 occidentali
2185 2065 2233 2105 et
2261 2058 2386 2105 viam
2414 2059 2602 2122 regiam

561 2150 621 2197 ad
658 2148 846 2197 boriam
883 2157 930 2197 et
956 2155 1116 2196 ortum
1140 2148 1175 2196 J
1180 2148 1388 2196 ohannis
1413 2146 1682 2212 Kynglafl'e
1708 2148 1772 2195 ad
1798 2146 2015 2195 austrum
2051 2156 2258 2212 excepta
2282 2166 2436 2212 parua
2460 2151 2604 2196 domo

561 2240 801 2288 Willelmi
847 2239 979 2287 Rolli
1021 2268 1031 2277 ·
1078 2239 1427 2302 Quodquidem
1465 2248 1800 2289 tenementum
1840 2257 1948 2288 cum
1986 2240 2132 2288 terris
2173 2278 2184 2288 .
2230 2277 2241 2288 .
2288 2278 2299 2288 .
2339 2241 2431 2289 fuit
2467 2241 2604 2289 here-

563 2332 738 2380 ditarie
764 2330 975 2379 Katrine
1000 2330 1189 2379 Lokart
1214 2340 1262 2379 et
1288 2331 1495 2380 Roberti
1529 2332 1761 2380 Allerdes
1795 2332 1898 2379 eius
1933 2332 2087 2396 sponfi
2131 2333 2361 2395 quodque
2398 2369 2409 2379 .
2450 2370 2461 2380 .
2500 2370 2512 2381 .
2551 2334 2604 2380 in

562 2425 786 2473 manibus
821 2423 1000 2471 nostris
1039 2461 1048 2471 .
1095 2461 1106 2471 .
1152 2461 1162 2471 .
1205 2424 1582 2488 refignauerunt
1618 2460 1628 2471 .
1668 2461 1679 2471 .
1720 2461 1731 2471 .
1771 2423 2047 2472 Reddendo
2085 2460 2096 2470 .
2136 2460 2147 2470 .
2187 2461 2198 2471 .
2232 2424 2402 2472 decem
2428 2424 2604 2472 solidos

564 2516 714 2564 annui
738 2515 960 2564 redditus
998 2552 1008 2562 .
1049 2551 1059 2562 .
1100 2552 1110 2562 .
1150 2524 1344 2564 monete
1383 2553 1393 2563 .
1435 2553 1446 2563 .
1486 2554 1496 2563 .
1539 2515 1710 2564 Scocie
1747 2516 1811 2563 ad
1843 2551 1854 2562 .
1901 2551 1912 2562 .
1956 2551 1968 2562 .
2009 2515 2246 2563 terminos
2270 2515 2456 2563 vsuales
2494 2553 2505 2563 .
2540 2553 2553 2563 .
2592 2553 2602 2563 .

566 2607 763 2654 nomine
803 2607 1075 2654 feodifirme
1118 2614 1164 2654 et
1208 2607 1305 2655 alia
1338 2624 1633 2671 quecunque
1669 2607 1880 2656 seruicia
1916 2643 1928 2655 .
1974 2644 1985 2654 .
2025 2644 2035 2654 .
2079 2606 2245 2655 debita
2285 2614 2333 2655 et
2376 2607 2604 2655 consueta

567 2704 755 2746 tantum
800 2734 811 2744 .
857 2734 867 2744 .
910 2734 923 2744 .
969 2697 1027 2744 In
1066 2697 1205 2745 cuius
1245 2698 1317 2745 rei
1359 2698 1688 2748 testimonium
1723 2699 1839 2747 huic
1877 2736 1888 2747 .
1929 2735 1940 2746 .
1980 2735 1991 2746 .
2024 2706 2159 2747 carte
2202 2698 2411 2763 figillum
2463 2735 2474 2747 .
2526 2736 2537 2746 .
2590 2737 2601 2746 .

565 2788 770 2854 capituli
821 2825 830 2834 .
876 2824 886 2834 .
930 2824 941 2834 .
984 2787 1054 2834 est
1079 2789 1343 2851 appensum
1369 2792 1501 2854 apud
1524 2790 1860 2839 Abirbrothoc
1886 2807 1983 2838 vna
2005 2807 2117 2839 cum
2141 2790 2433 2854 appenfione
2460 2790 2602 2855 figilli

568 2919 579 2928 .
619 2917 629 2928 .
671 2918 681 2927 .
720 2879 925 2927 Roberti
962 2877 1153 2926 Marsar
1188 2879 1249 2927 de
1284 2879 1533 2928 Petkarne
1558 2882 1790 2946 prepofiti
1822 2881 1943 2931 ville
1968 2880 2137 2932 sanai
2161 2881 2409 2930 Johannis
2433 2881 2602 2930 balliui

565 2971 720 3022 nostri
753 2969 1027 3034 specialiter
1069 2970 1253 3018 ibidem
1295 2971 1544 3020 constituti
1584 3002 1594 3011 ·
1637 2975 1924 3038 quiquidem
1961 2974 2175 3024 balliuus
2213 3012 2223 3022 .
2270 3012 2280 3021 .
2325 3011 2336 3022 .
2380 2973 2601 3022 saifinam

567 3103 577 3114 .
619 3101 631 3112 .
673 3101 687 3112 .
728 3062 921 3127 prefato
944 3060 1165 3109 «Iohanni
1189 3060 1306 3109 dias
1333 3065 1598 3111 tenementi
1635 3073 1685 3113 et
1720 3073 1963 3114 terrarum
2000 3104 2010 3114 .
2048 3105 2057 3114 .
2091 3105 2101 3114 .
2139 3066 2281 3130 super
2307 3065 2457 3113 solum
2482 3065 2601 3113 eius-

556 3160 677 3207 dem
715 3192 727 3204 .
756 3193 770 3204 .
810 3192 821 3203 .
859 3154 1154 3206 deliberauit
1179 3169 1344 3202 coram
1369 3154 1465 3202 hiis
1501 3154 1702 3204 testibus
1739 3184 1749 3195 ·
1785 3156 2017 3205 Iohanne
2043 3156 2288 3206 Makwnis
2312 3185 2323 3196 ·
2352 3156 2601 3205 Willelmo

2760 818 2762 896 4
