2586 3834
273 791 368 834 518

262 3054 357 3103 519

420 386 516 430 408
860 374 1279 428 REGISTRUM
1314 373 1410 421 DE
1447 338 2004 420 ABERBROTHoc‘.

420 582 663 653 Ecclefia
684 602 745 649 de
772 600 989 664 Gamery
1015 615 1123 646 cum
1149 596 1351 645 decimis
1376 593 1619 642 affedatur
1644 592 1863 641 Patricio
1891 591 2099 642 Stevart.

423 767 694 838 Uniuerfis
729 824 738 834 .
773 823 782 832 .
816 824 823 831 .
862 784 1107 847 Georgius
1149 821 1157 829 .
1193 821 1201 829 .
1239 820 1248 828 .
1289 776 1574 830 Sodorenfis
1616 778 1870 842 episcopus
1911 795 1969 826 ac
2008 778 2452 826 commendatarius

418 884 679 941 perpetuus
721 913 731 922 .
774 912 784 922 .
826 912 836 922 .
876 875 937 922 de
962 872 1185 922 Arbroth
1211 879 1259 920 et
1282 870 1444 919 Yonie
1484 907 1494 918 .
1542 907 1552 917 .
1597 909 1605 917 .
1648 870 1852 918 salutem
1888 898 1899 908 ·
1937 868 2194 918 Noueritis
2218 886 2307 917 nos
2343 909 2352 917 .
2392 907 2403 917 .
2441 910 2450 917 .

416 985 505 1032 pro
541 968 725 1015 summa
759 973 956 1014 centum
990 964 1228 1013 librarum
1263 960 1534 1027 grofforum
1565 967 1762 1009 monete
1787 960 2024 1009 Flandrie
2055 961 2352 1009 extendente
2389 962 2452 1009 ad

416 1059 647 1107 summam
676 1057 696 1122 [
861 1055 881 1121 ]
911 1062 1165 1104 centarum
1190 1054 1428 1102 librarum
1454 1060 1651 1101 monete
1679 1052 1852 1102 Scocie
1876 1070 1966 1117 per
2009 1091 2020 1101 .
2067 1091 2077 1100 .
2125 1091 2135 1100 .
2179 1054 2451 1102 Patricium

418 1149 625 1198 Stewart
644 1148 705 1196 de
725 1147 1007 1195 Kathdrum
1032 1146 1226 1194 cuidam
1251 1144 1516 1193 marcatori
1540 1143 1830 1193 Florentino
1849 1144 2079 1209 Philippo
2105 1145 2166 1193 de
2188 1144 2451 1193 Galteroth

416 1246 696 1302 nuncupato
743 1238 941 1285 nomine
987 1236 1152 1284 nostro
1198 1242 1454 1300 gratanter
1494 1235 1743 1300 persoluta
1789 1236 1852 1284 ad
1898 1272 1908 1283 .
1955 1272 1966 1283 .
2007 1272 2018 1282 .
2060 1235 2447 1299 redemptionem

413 1330 718 1393 quarundam
759 1328 1015 1376 literarum
1050 1327 1324 1375 nostrarum
1363 1326 1767 1391 obligatoriarum
1802 1327 1888 1375 sub
1922 1326 2087 1374 nostro
2129 1325 2282 1391 figillo
2322 1344 2449 1375 com—

413 1421 547 1468 muni
587 1458 596 1467 .
637 1458 646 1467 .
686 1456 696 1467 .
734 1420 863 1468 dicto
897 1418 1162 1467 marcatori
1199 1418 1341 1482 super
1364 1418 1641 1467 huiusmodi
1665 1420 1851 1468 summa
1875 1418 2207 1467 confeaarum
2242 1457 2252 1467 .
2291 1457 2302 1466 .
2343 1457 2353 1468 .
2389 1437 2447 1467 ac

412 1527 501 1573 pro
525 1510 835 1574 reparatione
875 1546 885 1557 .
925 1547 936 1557 .
977 1547 986 1556 .
1025 1526 1083 1557 ac
1121 1546 1131 1556 .
1172 1546 1182 1556 .
1223 1545 1234 1556 .
1278 1510 1580 1558 ornamentis
1599 1509 1801 1558 ecclefie
1843 1549 1852 1558 .
1891 1548 1899 1556 .
1944 1546 1955 1556 .
1998 1509 2127 1557 dicto
2152 1509 2446 1558 monasterio

412 1601 728 1666 apportandis
747 1598 967 1648 affedafl'e
994 1637 1004 1647 .
1034 1636 1044 1647 .
1072 1638 1080 1647 .
1106 1599 1326 1663 predicto
1352 1600 1570 1649 Patricio
1598 1637 1608 1648 .
1637 1637 1647 1648 .
1675 1640 1683 1649 .
1711 1598 1938 1648 Ysabelle
1958 1599 2143 1648 Mowat
2168 1599 2249 1648 sue
2272 1601 2439 1664 sponse

412 1709 676 1756 eorumque
715 1691 981 1740 heredibus
1020 1697 1068 1738 et
1106 1689 1352 1755 affignatis
1402 1727 1413 1738 .
1457 1728 1467 1738 .
1510 1727 1521 1738 .
1566 1707 1666 1738 non
1716 1729 1725 1738 .
1763 1729 1773 1738 .
1812 1729 1821 1738 .
1868 1690 2068 1738 maioris
2106 1689 2257 1738 status
2299 1708 2444 1754 quam

411 1783 510 1845 ipse
551 1781 794 1831 Patricius
839 1819 848 1829 .
891 1818 902 1829 .
943 1820 951 1829 .
996 1781 1210 1829 decimas
1244 1780 1471 1846 garbales
1510 1779 1710 1828 ecclesie
1748 1780 2071 1844 parrochialis
2111 1780 2215 1845 [de]
2255 1780 2443 1847 Gamry

527 1909 537 1919 .
576 1872 781 1920 iacentis
804 1871 856 1919 in
882 1871 1059 1920 diocesi
1085 1871 1415 1919 Abirdonenfi
1449 1879 1497 1920 et
1531 1872 1877 1921 vicecomitatu
1914 1873 1976 1921 de
2012 1872 2165 1921 Banff
2191 1890 2281 1937 pro
2326 1911 2336 1921 .
2380 1911 2391 1921 .
2432 1911 2443 1921 .

412 1961 633 2010 terminis
655 1962 980 2010 nouendecim
1003 1979 1244 2011 annorum
1276 2000 1288 2011 .
1325 2001 1335 2011 .
1371 2001 1381 2011 .
1413 1963 1626 2012 termino
1647 1980 1764 2012 vero
1782 1963 2013 2012 introitus
2045 2002 2054 2012 .
2087 2002 2098 2013 .
2133 2003 2142 2012 .
2174 1964 2442 2028 incipiente

413 2052 476 2099 ad
498 2051 670 2100 festum
698 2051 861 2101 Sancti
885 2052 1022 2101 Petri
1047 2054 1109 2102 ad
1135 2054 1333 2102 vincula
1356 2055 1521 2103 datam
1545 2055 1852 2119 presencium
1870 2056 2152 2105 immediate
2170 2058 2441 2121 precedens

413 2180 422 2189 .
455 2181 463 2189 .
502 2183 511 2192 .
556 2141 802 2191 Soluendo
840 2182 848 2190 .
887 2182 895 2191 .
939 2183 948 2191 .
986 2145 1314 2209 quadraginta
1348 2152 1448 2194 tres
1483 2146 1633 2194 libras
1669 2146 1749 2195 sex
1786 2147 1961 2195 solidos
1997 2155 2046 2196 et
2081 2150 2187 2196 οᾶο
2212 2149 2440 2197 denarios

462 2272 470 2280 .
510 2272 519 2280 .
562 2241 755 2281 monete
791 2273 800 2282 .
842 2271 852 2281 .
898 2273 906 2281 .
953 2234 1124 2284 Scocie
1149 2237 1213 2284 ad
1252 2275 1261 2284 .
1300 2275 1310 2285 .
1344 2275 1354 2286 .
1390 2237 1512 2285 festa
1551 2274 1562 2284 .
1609 2274 1620 2285 .
1669 2276 1679 2285 .
1719 2237 1902 2286 Pasche
1938 2246 1988 2287 et
2025 2237 2189 2288 Sanffi
2213 2239 2348 2288 Petri
2375 2242 2439 2289 ad

409 2323 606 2372 vincula
641 2360 653 2371 .
700 2362 710 2371 .
737 2323 756 2372 ⁴.
794 2326 944 2388 Apud
976 2361 987 2373 .
1023 2363 1034 2373 .
1074 2363 1084 2373 .
1123 2328 1390 2391 capitulum
1425 2328 1698 2392 penultimo
1734 2329 1814 2377 die
1849 2329 2024 2377 menfis
2060 2330 2273 2395 Augusti
2307 2348 2437 2379 anno

407 2411 610 2462 Domini
644 2414 895 2464 millefimo
921 2417 1307 2481 quingentesimo
1333 2419 1590 2468 vndecimo
1626 2428 1675 2468 et
1710 2419 1872 2469 nostre
1894 2421 2271 2470 consecrationis
2306 2439 2435 2470 anno

406 2519 577 2565 pr1mo.

407 2755 633 2825 Decime
669 2777 867 2826 ecclefie
902 2780 963 2827 de
998 2779 1351 2846 Abyrkyirdor
1388 2801 1498 2832 cum
1534 2787 1680 2834 terris
1715 2787 1777 2835 de
1812 2786 2130 2853 Innerbondy
2156 2788 2429 2839 affedantur

407 2866 604 2913 domino
629 2867 688 2914 de
714 2868 1024 2932 Abyrnethy.

408 3084 418 3094 .
455 3086 464 3094 .
502 3086 510 3094 .
547 3047 719 3096 Pateat
755 3085 766 3096 .
804 3085 815 3095 .
856 3086 866 3095 .
916 3066 1005 3097 nos
1050 3050 1321 3115 Georgium
1358 3092 1366 3100 .
1421 3092 1430 3101 .
1468 3092 1476 3100 .
1518 3053 1839 3104 Sodorensem
1880 3057 2157 3121 episcopum
2199 3076 2256 3108 ac
2298 3078 2421 3110 com-

408 3138 764 3186 mendatarium
803 3177 811 3186 .
856 3178 864 3186 .
908 3177 917 3187 .
955 3140 1015 3187 de
1050 3140 1269 3190 Arbroth
1312 3181 1320 3189 .
1359 3178 1370 3189 .
1412 3181 1421 3190 .
1459 3161 1548 3207 pro
1574 3155 1710 3195 certa
1733 3148 1918 3197 summa
1939 3150 2146 3213 pecunie
2171 3168 2259 3214 per
2297 3192 2306 3201 .
2355 3191 2365 3202 .
2413 3193 2424 3203 .
