2762 3834
607 364 1034 416 REGISTRUM
1069 366 1165 416 DE
1202 369 1755 429 ABERBROTHOC.
2088 394 2184 445 359

151 498 344 546 iacente
370 512 430 544 ex
458 503 599 561 parte
630 497 929 547 occidentali
964 500 1025 548 de
1063 500 1351 553 Rattonraw
1377 506 1506 555 inter
1543 517 1725 560 terram
1760 512 1795 561 J
1799 514 2004 564 ohannis
2030 516 2187 566 Smert

148 592 216 640 ad
250 591 452 639 boream
491 598 540 640 et
578 598 762 640 terram
800 591 969 640 Dauid
1003 593 1222 643 Alanson
1252 575 1315 646 ad
1347 598 1562 649 austrum
1602 631 1612 641 ·
1651 603 1768 652 item
1806 605 1936 654 xiiis
1961 608 2022 656 de
2047 611 2189 657 terris

154 682 429 731 Alexandri
454 682 582 748 Lyel
603 683 880 732 iacentibus
905 701 965 732 ex
989 693 1130 749 parte
1150 689 1443 740 occidentali
1469 694 1528 742 de
1554 694 1840 746 Rattonraw
1859 698 1990 748 inter
2008 709 2189 750 terram

149 775 339 824 domini
367 775 584 825 Gilberti
612 775 806 825 Sclatar
830 777 893 825 ad
916 777 1116 827 boream
1142 787 1190 828 et
1214 788 1396 830 terram
1420 783 1455 832 J
1457 784 1664 834 ohannis
1687 786 1848 837 Smert
1867 792 1928 838 ad
1948 792 2189 840 austrum·

151 868 267 916 item
298 884 395 916 xxv
421 884 443 915 s
468 875 518 916 et
546 867 620 916 iiii
655 869 688 916 d
721 868 783 917 de
817 875 954 917 terra
978 869 1190 919 Walteri
1233 871 1424 923 Sclatar
1458 876 1650 926 iacente
1689 897 1748 927 ex
1785 891 1925 944 parte
1963 884 2189 932 orientali

154 961 216 1008 de
254 959 468 1024 Cobgait
502 959 635 1009 inter
673 967 857 1009 terram
898 959 1104 1010 Ricardi
1138 962 1302 1012 Peblis
1335 967 1398 1014 ad
1428 968 1616 1017 boriam
1642 978 1690 1019 et
1714 979 1894 1020 terram
1918 973 2190 1023 Alexandri

159 1051 425 1102 Nicolsone
450 1053 513 1101 ad
537 1052 755 1102 austrum
795 1082 805 1091 ·
845 1053 965 1101 item
989 1054 1025 1101 ii
1049 1071 1072 1102 s
1097 1055 1157 1103 de
1182 1062 1316 1105 terra
1350 1057 1385 1106 J
1388 1059 1594 1108 ohannis
1627 1061 1877 1112 Steidman
1913 1065 2104 1115 iacente
2140 1068 2190 1114 in

153 1145 205 1210 ly
243 1144 465 1210 Cobgate
503 1146 635 1194 inter
672 1153 857 1194 terram
892 1145 1073 1194 Jacobi
1112 1147 1304 1196 Guthre
1343 1150 1406 1197 ad
1440 1151 1637 1200 boream
1671 1162 1719 1201 et
1750 1162 1928 1203 terram
1956 1156 2193 1205 Willelmi

158 1237 435 1286 Cristesone
474 1237 538 1285 ad
575 1237 792 1285 austrum
827 1265 838 1276 ·
876 1237 996 1286 item
1020 1238 1090 1286 xii
1115 1255 1136 1286 s
1161 1239 1222 1287 de
1259 1246 1393 1288 terra
1430 1241 1619 1291 Thome
1655 1244 1886 1294 Gardnar
1917 1247 2107 1296 iacente
2142 1250 2194 1298 in

159 1329 384 1395 Apilgait
424 1347 484 1378 ex
519 1338 662 1394 parte
705 1328 906 1378 australi
943 1329 1075 1378 inter
1113 1338 1296 1380 terram
1337 1332 1542 1383 Roberti
1579 1335 1688 1401 Myl
1717 1338 1779 1385 ad
1809 1339 2112 1388 occidentem
2147 1349 2195 1388 et

160 1430 342 1470 terram
367 1421 610 1470 Willelmi
642 1421 819 1471 Manto
851 1423 914 1470 ad
948 1422 1188 1471 orientem
1230 1451 1240 1462 ·
1280 1425 1397 1473 item
1423 1427 1468 1474 vi
1499 1444 1520 1475 s
1546 1428 1607 1476 de
1641 1436 1774 1478 terra
1807 1429 1852 1477 T
1857 1430 1997 1479 home
2034 1431 2193 1481 Smert

160 1516 351 1564 iacente
383 1515 434 1563 in
474 1514 688 1581 Seygate
713 1533 773 1564 ex
803 1523 945 1580 parte
983 1516 1211 1564 orientali
1252 1516 1383 1565 inter
1408 1513 1587 1567 terram
1614 1519 1782 1568 Dauid
1807 1521 1960 1570 Farar
1984 1525 2046 1571 ad
2070 1526 2195 1572 occi—

161 1609 356 1657 dentem
393 1616 442 1657 et
478 1617 660 1658 terram
688 1608 882 1657 Thome
923 1608 1041 1659 Scot
1073 1609 1136 1657 ad
1169 1608 1409 1657 orientem
1445 1617 1493 1658 et
1529 1628 1833 1661 communem
1860 1614 2098 1662 venellam
2136 1617 2197 1663 ad

162 1699 379 1771 austrum
418 1727 428 1738 ·
467 1701 584 1749 item
615 1718 763 1749 vnam
798 1702 992 1765 peciam
1028 1709 1161 1750 terre
1195 1700 1437 1750 iacentem
1464 1702 1515 1750 in
1539 1703 1590 1768 ly
1616 1703 1954 1753 Burrowrudis
1980 1723 2037 1754 ex
2061 1715 2199 1770 parte

162 1791 362 1841 australi
387 1793 518 1841 inter
543 1801 727 1841 terram
753 1792 1031 1842 Alexandri
1060 1792 1256 1842 Guthre
1289 1794 1350 1841 de
1387 1794 1558 1843 eodem
1594 1795 1761 1844 militis
1794 1797 1855 1844 ad
1893 1798 2128 1845 orientem
2154 1808 2201 1845 et

163 1893 347 1934 terram
376 1886 615 1934 heredum
654 1885 861 1934 Ricardi
897 1885 1148 1934 Feldefair
1183 1886 1247 1933 ad
1281 1886 1589 1935 occidentem
1621 1913 1632 1924 ·
1667 1887 1785 1936 item
1824 1906 1969 1937 vnum
2009 1907 2200 1938 orreum

164 1979 331 2027 iacens
368 1978 418 2026 in
460 1978 609 2027 Nouo
636 1978 765 2026 Vico
805 1978 921 2026 Fori
961 1978 1092 2027 inter
1132 1987 1316 2027 terram
1356 1978 1560 2027 Ricardi
1601 1979 1764 2027 Peblis
1803 1981 1865 2028 ad
1903 1980 2117 2029 austrum
2156 1990 2202 2028 et

166 2069 346 2119 terram
372 2070 580 2120 Patricii
604 2070 791 2119 Panter
816 2072 879 2119 ad
904 2071 1094 2119 boriam
1136 2097 1147 2107 ·
1188 2070 1305 2118 item
1332 2087 1362 2117 x
1387 2087 1408 2117 s
1433 2073 1492 2119 de
1517 2078 1651 2119 terra
1675 2071 1912 2120 Willelmi
1937 2071 2201 2137 Dowglace

163 2163 357 2212 iacente
382 2163 434 2211 in
462 2163 674 2229 Cobgait
699 2180 757 2211 ex
782 2170 924 2228 parte
951 2163 1180 2211 orientali
1206 2162 1336 2211 inter
1360 2171 1542 2211 terram
1568 2163 1753 2211 domini
1789 2163 1824 2211 J
1827 2164 2032 2212 ohannis
2066 2164 2201 2229 Gray

167 2257 230 2304 ad
266 2255 482 2305 austrum
519 2264 568 2305 et
604 2264 787 2304 terram
814 2255 1022 2304 Roberti
1050 2254 1168 2304 Scot
1200 2255 1263 2303 ad
1296 2255 1485 2303 boriam
1522 2256 1582 2303 ab
1618 2255 1772 2302 altera
1810 2282 1819 2291 ·
1859 2254 2119 2302 Tenendas
2156 2265 2200 2303 et

165 2348 417 2397 habendas
443 2365 611 2396 omnes
637 2357 686 2396 et
711 2347 923 2413 singulas
949 2355 1106 2396 terras
1133 2355 1181 2396 et
1206 2364 1394 2396 annuos
1419 2347 1640 2396 redditus
1665 2364 1797 2395 meos
1826 2346 2067 2409 predictos
2093 2364 2199 2394 cum

166 2440 488 2504 pertinenciis
523 2441 653 2489 dicto
690 2440 949 2505 capellano
986 2441 1049 2488 ad
1086 2439 1242 2489 altare
1273 2439 1545 2504 predictum
1574 2456 1664 2502 pro
1695 2439 1945 2486 animabus
1976 2438 2202 2501 predictis

168 2531 339 2580 diuina
360 2533 671 2582 celebraturo
695 2540 744 2581 et
765 2532 860 2580 suis
882 2531 1227 2581 successoribus
1248 2549 1338 2596 pro
1359 2538 1598 2595 perpetuo
1621 2530 1937 2579 celebraturis
1958 2530 2009 2577 in
2031 2546 2199 2592 puram

169 2632 219 2672 et
242 2633 530 2689 perpetuam
557 2624 869 2673 elemosinam
897 2642 1008 2673 cum
1035 2625 1260 2672 omnibus
1289 2631 1338 2672 et
1369 2622 1567 2687 fingulis
1602 2622 1909 2670 libertatibus
1945 2620 2200 2668 commodi-

170 2717 350 2765 tatibus
389 2717 686 2766 aifiamentis
722 2734 779 2765 ac
815 2717 953 2765 iustis
989 2716 1085 2764 suis
1121 2715 1441 2780 pertinenciis
1475 2713 1838 2778 quibuscunque
1872 2713 1934 2760 ad
1964 2712 2202 2775 predictas

171 2815 327 2857 terras
363 2818 411 2858 et
447 2826 636 2858 annuos
661 2808 884 2857 redditus
909 2825 1046 2857 meos
1080 2808 1406 2872 spectantibus
1444 2807 1522 2854 seu
1555 2806 1768 2869 spectare
1794 2804 2065 2852 valentibus
2090 2820 2202 2864 quo-

172 2900 438 2949 modolibet
456 2901 508 2948 in
527 2901 747 2949 futurum
773 2927 784 2939 ·
810 2900 1086 2948 Reddendo
1106 2900 1224 2947 inde
1249 2899 1501 2947 annuatim
1527 2898 1682 2945 dictus
1705 2896 1983 2959 capellanus
2008 2894 2089 2956 qui
2115 2910 2223 2956 pro.

173 2999 391 3055 tempore
433 2993 582 3041 fuerit
624 2993 826 3041 domino
869 2991 1034 3040 abbati
1078 2997 1126 3038 et
1168 2990 1432 3038 conuentui
1475 2989 1536 3037 de
1578 2987 1797 3035 Arbroth
1837 2986 2024 3032 firmam
2062 2982 2201 3044 burgi
2253 2993 2259 2998 ’

173 3084 387 3132 debitam
412 3093 462 3134 et
486 3085 765 3133 consuetam
793 3112 802 3121 ·
828 3091 876 3131 et
901 3083 1057 3131 eciam
1081 3082 1335 3130 reddendo
1361 3082 1420 3129 de
1447 3097 1542 3127 vno
1568 3085 1846 3127 tenemento
1870 3064 2059 3123 iacente
2080 3074 2128 3120 in
2152 3073 2201 3136 ly

177 3173 388 3240 Cobgait
413 3193 473 3224 ex
497 3185 638 3241 parte
664 3174 960 3225 occidentali
994 3173 1209 3222 eiusdem
1235 3173 1330 3221 vici
1369 3172 1497 3219 inter
1529 3178 1708 3218 terram
1736 3165 2005 3220 Laurencii(
2024 3163 2199 3226 Seygat
