2762 3834
419 1911 481 1953 45

539 399 601 442 44
988 385 1413 441 REGISTRUM
1449 382 1543 432 DE
1580 373 2144 429 ABERBROTHOC.

540 526 815 577 Reddendo
846 525 962 573 inde
1002 563 1012 572 .
1056 562 1064 571 .
1109 562 1118 571 .
1162 522 1285 569 duos
1309 517 1488 566 solidos
1521 511 1714 577 argenti
1739 509 1804 558 ad
1828 507 2001 557 festum
2027 507 2348 557 Pentecostes
2373 516 2422 557 et
2457 508 2595 556 inue-

538 620 721 668 niendo
741 617 905 666 abbati
931 654 940 664 .
975 654 984 664 .
1014 652 1025 663 .
1052 614 1155 662 eius
1179 608 1431 659 monachis
1456 608 1536 672 (ut
1557 607 1704 670 supra
1729 603 1829 653 No.
1846 602 1938 668 40)
1973 632 1983 642 ·
2017 603 2169 653 Diaa
2188 621 2306 652 vero
2332 603 2595 652 Elizabeth

539 712 622 759 seu
659 709 866 757 heredes
907 706 978 754 sui
1019 704 1155 752 nullo
1192 702 1338 750 modo
1378 699 1560 747 diffisum
1600 703 1941 746 tenementum
1977 696 2197 744 vendent
2239 735 2249 745 .
2299 735 2309 744 .
2359 736 2367 744 .
2412 696 2492 744 vel
2534 697 2598 744 ad

537 800 874 850 feodofirmam
899 796 1150 845 dimittent
1174 793 1262 841 nifi
1289 793 1349 840 de
1376 791 1612 839 consensu
1649 828 1658 838 .
1697 828 1707 838 .
1745 828 1755 838 .
1792 789 1984 838 abbatis
2009 798 2059 839 et
2085 797 2362 838 conuentus
2400 829 2408 837 .
2443 828 2452 837 .
2490 828 2500 838 .
2537 789 2598 837 In

538 893 674 941 euius
698 890 773 939 rei
798 888 1125 938 testimonium
1151 885 1235 934 vni
1268 884 1399 949 parti
1435 883 1581 931 huius
1607 890 1743 931 carte
1769 881 1834 930 fic
1858 881 2120 931 indentate
2143 886 2297 947 penes
2322 881 2598 946 predkstam

536 981 806 1032 Elezabeth
845 988 893 1029 et
930 978 1138 1027 heredes
1179 977 1288 1025 suos
1329 975 1610 1024 remanenti
1650 991 1911 1023 commune
1948 974 2160 1040 figillum
2197 974 2404 1039 capituli
2443 974 2600 1022 nostri

536 1073 847 1124 concorditer
872 1071 943 1120 est
978 1069 1245 1135 appensum
1281 1095 1290 1105 ·
1328 1067 1474 1116 alteri
1499 1085 1619 1116 vero
1651 1067 1785 1132 parti
1820 1084 1975 1132 penes
2009 1067 2260 1132 predi&os
2285 1067 2515 1116 abbatem
2552 1075 2600 1115 et

535 1173 830 1217 conuentum
875 1164 1158 1212 remansure
1200 1161 1423 1226 preditum
1464 1159 1739 1209 Elezabeth
1780 1159 1900 1224 quia
1943 1159 2153 1225 figillum
2194 1159 2454 1224 proprium
2498 1176 2599 1207 non

533 1259 703 1308 habuit
744 1257 953 1322 figillum
1002 1295 1011 1304 .
1060 1294 1069 1304 .
1120 1294 1129 1304 .
1173 1253 1362 1302 domini
1397 1252 1647 1302 Johannis
1683 1253 1745 1300 de
1782 1251 1999 1318 Femory
2032 1252 2217 1317 apponi
2258 1252 2551 1317 proeurauit
2588 1282 2597 1290 ·

534 1353 664 1417 apud
688 1348 1040 1400 Aberbrotboe
1065 1347 1222 1396 tercio
1255 1344 1537 1395 diemenfis
1562 1345 1597 1395 J
1601 1344 1707 1394 unii
1731 1362 1863 1393 anno
1889 1344 2098 1394 Domini
2123 1344 2380 1394 millefimo
2406 1353 2597 1394 trecen-

533 1444 698 1494 tefimo
722 1440 1038 1507 nonogesimo
1064 1440 1255 1505 quinto,

532 1706 850 1795 Quietaneia
875 1723 1173 1789 carpentarii
1198 1740 1289 1787 pro
1314 1723 1509 1772 teetura
1534 1722 1703 1771 chori.-

533 1882 735 1957 Pateat
759 1904 995 1953 vniuerfis
1032 1921 1121 1968 per
1158 1902 1408 1968 presentes
1447 1919 1524 1951 me
1551 1902 1860 1951 Willelmum
1902 1901 2156 1951 Plummer
2181 1903 2342 1951 ciuem
2380 1903 2596 1952 ciuitatis

538 1997 889 2047 Sanfflsiandree
913 1994 1147 2060 recepisse
1185 2034 1193 2043 .
1237 2032 1247 2043 .
1288 2033 1297 2043 .
1334 2011 1424 2059 per
1448 2012 1625 2044 manus
1662 2034 1672 2044 .
1714 2034 1723 2043 .
1765 2034 1773 2043 .
1813 1994 2005 2044 abbatis
2030 1995 2092 2044 de
2117 1995 2457 2044 Abirbrothoe
2489 2034 2498 2043 .
2538 2034 2546 2044 .
2587 2035 2595 2042 .

533 2090 710 2154 viginti
739 2089 890 2137 libras
923 2088 1273 2153 sterlingorum
1313 2126 1323 2136 .
1374 2088 1405 2135 .’
1434 2127 1442 2135 .
1484 2104 1576 2152 pro
1614 2087 1950 2136 arehiteetura
1984 2087 2153 2153 magni
2184 2087 2323 2136 chori
2356 2115 2366 2124 ·
2403 2095 2451 2135 et
2487 2105 2597 2152 pre-

532 2181 713 2230 dia-,um
739 2182 966 2229 abbatem
1003 2220 1012 2228 .
1056 2219 1065 2228 .
1110 2219 1119 2228 .
1157 2180 1217 2228 de
1243 2180 1377 2227 omni
1404 2179 1700 2228 condicione
1726 2188 1776 2228 et
1800 2179 2058 2227 exa&ione
2085 2179 2319 2228 videlieet
2344 2196 2435 2243 pro
2461 2180 2595 2243 puri-

529 2274 764 2322 fieaeione
806 2274 993 2338 plumbi
1035 2290 1126 2337 pro
1167 2273 1214 2321 le
1256 2273 1571 2338 nonesankys
1615 2280 1663 2320 et
1700 2272 1761 2320 de
1801 2271 2020 2336 epitogio
2060 2289 2170 2320 eum
2215 2271 2406 2336 eapieio
2448 2281 2596 2336 prout

529 2365 965 2430 proporeionatum
1008 2365 1078 2414 est
1115 2373 1164 2414 et
1205 2365 1538 2431 specificatum
1577 2365 1629 2413 in
1673 2365 1956 2420 indenturis
2004 2404 2013 2413 .
2063 2404 2072 2414 .
2122 2404 2131 2413 .
2178 2366 2399 2429 quietum
2437 2366 2596 2414 clamo

531 2458 891 2522 imperpetuum
941 2496 950 2506 .
1001 2497 1009 2506 .
1060 2497 1068 2506 .
1113 2457 1173 2506 In
1201 2457 1338 2506 cuius
1365 2458 1437 2507 rei
1474 2458 1808 2507 testimonium
1845 2458 2057 2522 sigillum
2088 2476 2252 2507 meum
2289 2459 2597 2524 presentibus

535 2550 605 2597 est
645 2549 910 2614 appensum
943 2551 1075 2614 apud
1116 2550 1455 2599 Abirbrothoe
1488 2551 1589 2600 xxi⁰
1623 2551 1703 2601 die
1741 2552 1917 2601 mensis
1953 2551 2079 2600 Maii
2113 2569 2245 2600 anno
2288 2551 2495 2600 Domini
2532 2560 2598 2599 m⁰

535 2648 638 2690 000⁰
663 2641 802 2690 xcvi0.

534 2897 887 2984 Priuilegium
912 2920 972 2969 de
998 2921 1147 2970 mitra
1170 2922 1428 2996 annulo-et
1451 2924 1820 2989 pontificalibus
1847 2925 2055 2974 vtendis.

419 3095 483 3144 46
534 3074 859 3149 Benedi&us
895 3097 1150 3161 episcopus
1191 3136 1201 3147 .
1248 3137 1257 3147 .
1303 3138 1313 3148 .
1355 3100 1577 3151 Johanni
1617 3087 1785 3153 abbati
1828 3143 1838 3153 .
1884 3143 1894 3153 .
1939 3143 1947 3153 .
1992 3106 2054 3154 de
2089 3105 2428 3155 Abirbrothoc
2473 3147 2482 3156 .
2530 3147 2538 3156 .
2588 3148 2596 3156 .

535 3188 739 3238 salutem
776 3227 785 3237 .
829 3227 838 3237 .
881 3227 892 3238 .
929 3188 1165 3254 Exposcit
1188 3191 1476 3242 deuocionis
1513 3195 1676 3244 nostre
1713 3196 1968 3246 finceritas
2005 3236 2015 3245 .
2059 3235 2068 3246 .
2112 3236 2123 3246 .
2160 3204 2216 3246 ut
2252 3235 2261 3245 .
2307 3237 2315 3246 .
2360 3236 2369 3247 .
2408 3202 2594 3248 monas·
