2762 3834
435 676 531 719 403

432 1858 529 1901 404

579 362 677 410 326
1026 355 1449 409 REGISTRUM
1483 354 1580 404 DE
1618 350 2172 402 ABERBROTHOC.

583 496 863 583 Kyrymor
889 516 1198 581 presentatur
1222 512 1453 578 magister
1477 510 1512 559 J
1515 510 1733 557 ohannes
1757 508 2002 557 Fleschar.

585 715 593 723 .
635 715 643 723 .
684 714 693 723 .
732 674 922 722 Jacobo
968 711 977 721 .
1027 711 1035 720 .
1085 710 1094 720 .
1146 669 1498 723 Sanffiandree
1540 666 1909 731 archiepiscopo
1953 705 1961 714 .
2005 705 2014 715 .
2055 705 2064 714 .
2111 664 2284 715 Scocie
2325 664 2525 729 primati
2565 680 2623 711 ac

585 764 848 829 apostolice
887 763 1012 811 sedis
1050 762 1214 825 legato
1255 760 1370 808 duci
1412 758 1573 807 Roslie
1614 767 1710 807 etc.
1746 796 1757 806 .
1795 796 1804 806 .
1842 797 1851 806 .
1889 757 2059 806 David
2094 796 2103 806 .
2141 796 2151 806 .
2189 796 2199 806 .
2237 756 2386 805 abbas
2422 794 2431 804 .
2469 795 2477 803 .
2517 795 2525 803 .
2562 755 2624 803 de

585 854 920 904 Abirbrothoc
969 892 979 901 .
1027 892 1037 901 .
1089 890 1099 900 .
1149 850 1464 899 reuerencias
1515 887 1527 899 .
1575 887 1586 898 .
1636 887 1648 898 .
1700 850 1784 898 Ad
1822 849 2058 898 vicariam
2097 856 2385 913 perpetuam
2423 846 2624 896 ecclesie

584 945 905 1011 parrochialis
964 945 1025 992 de
1072 944 1312 1008 Kyrimor
1357 942 1517 991 vestre
1576 941 1779 990 diocesis
1837 958 1949 990 cum
1996 957 2175 990 vacare
2222 939 2487 1003 contigerit
2535 955 2626 1003 per

584 1037 968 1102 refignacionem
1010 1074 1019 1084 .
1063 1074 1072 1083 .
1113 1074 1122 1083 .
1164 1033 1357 1082 Thome
1407 1033 1758 1082 Hakkerstone
1800 1073 1809 1083 .
1853 1073 1862 1083 .
1906 1073 1915 1082 .
1959 1034 2104 1082 causa
2146 1031 2533 1096 permutacionis
2576 1038 2626 1078 et

583 1146 680 1178 non
701 1129 822 1177 alias
842 1144 953 1176 cum
970 1126 1277 1191 prepositura
1296 1125 1498 1174 ecclesie
1515 1127 1775 1192 collegiate
1799 1127 1861 1175 de
1880 1126 2171 1175 Krechtone
2207 1164 2217 1174 .
2250 1164 2260 1174 .
2294 1164 2303 1174 .
2341 1124 2625 1190 magistrum

580 1223 861 1270 Johannem
886 1219 1152 1268 Fles'chour
1174 1219 1302 1267 diae
1327 1217 1529 1268 ecclesie
1552 1219 1813 1283 collegiate
1835 1216 2133 1283 prepositum
2174 1257 2183 1267 .
2223 1257 2231 1266 .
2272 1257 2281 1267 .
2323 1216 2482 1265 vestre
2512 1252 2529 1265 -.
2567 1256 2577 1265 .
2615 1256 2624 1265 .

581 1312 867 1378 paternitati
912 1349 923 1360 .
962 1351 971 1361 .
1016 1351 1025 1360 .
1067 1311 1405 1376 presentamus
1451 1350 1460 1360 .
1512 1348 1523 1359 .
1572 1349 1583 1359 .
1633 1311 1787 1375 Apud
1835 1349 1843 1359 .
1893 1349 1902 1358 .
1951 1348 1961 1359 .
2009 1308 2360 1357 monasterium
2399 1305 2625 1356 vicesimo

582 1407 753 1469 quinto
777 1405 857 1453 die
883 1402 1058 1452 mensis
1084 1402 1265 1452 Marcii
1290 1420 1422 1452 anno
1446 1402 1653 1452 Domini
1677 1401 1933 1452 millesimo
1958 1400 2362 1466 quingentesimo,

576 1656 919 1733 ‚Inuerkethin
945 1703 955 1714 ·
983 1674 1291 1739 Rescriptum
1319 1692 1349 1723 a
1373 1674 1564 1739 capella
1587 1673 1728 1739 regia
1752 1674 1974 1722 de'terra
1996 1670 2165 1721 nostra
2187 1671 2240 1720 in
2265 1672 2454 1720 eodem.

581 1837 815 1909 Jacobus
859 1896 869 1907 .
914 1896 925 1908 .
970 1896 982 1908 .
1024 1876 1112 1907 rex
1148 1858 1430 1908 Scottorum
1478 1898 1487 1908 .
1538 1895 1548 1906 .
1598 1897 1607 1906 .
1656 1857 1821 1907 abbati
1865 1894 1876 1905 .
1924 1893 1934 1904 .
1981 1894 1992 1905 .
2034 1857 2096 1906 de
2121 1855 2457 1906 Abirbrothoc
2501 1892 2513 1904 .
2558 1893 2569 1904 .
2615 1893 2627 1904 .

584 1958 632 1998 et
667 1949 862 1998 balliuis
896 1950 991 1998 suis
1026 1950 1230 1999 salutem
1266 1978 1278 1992 ο
1316 1950 1451 2009 Quia
1483 1967 1574 2015 per
1607 1948 1980 2014 inquisicionem
2006 1949 2068 1998 de
2091 1949 2326 1997 mandato
2349 1947 2516 1996 nostro
2538 1964 2629 2012 per

584 2023 791 2090 balliuos
831 2043 976 2107 burgi
1015 2043 1169 2091 nostri
1208 2044 1269 2091 de
1308 2042 1671 2108 Innerkething
1718 2042 1896 2090 safflmm
1935 2048 1985 2090 et
2022 2042 2086 2090 ad
2125 2041 2366 2106 capellam
2412 2040 2628 2089 nostram

584 2140 884 2181 retornatam
933 2141 1238 2198 compertum
1279 2134 1350 2182 est
1389 2135 1521 2198 quod
1565 2135 1814 2198 quondam
1859 2133 2141 2182 Willelmus
2183 2132 2435 2182 Meldrum
2475 2133 2628 2181 frater

585 2224 694 2272 auie
720 2225 959 2274 Willelmi
988 2226 1189 2274 Rankin
1212 2227 1385 2275 latoris
1408 2226 1716 2292 presencium
1757 2263 1769 2274 .
1812 2263 1823 2274 .
1864 2263 1877 2274 .
1916 2225 2039 2274 obiit
2089 2263 2100 2273 .
2152 2262 2163 2272 .
2214 2262 2225 2273 .
2274 2225 2459 2274 saisitus
2503 2262 2514 2273 .
2558 2261 2570 2272 .
2615 2261 2627 2273 .

585 2318 645 2365 de
693 2354 703 2364 .
752 2354 763 2365 .
812 2351 823 2363 .
868 2317 956 2366 illa
979 2325 1114 2366 terra
1138 2319 1374 2367 anteriori
1401 2335 1513 2368 cum
1538 2326 1648 2367 orto
1686 2355 1698 2367 .
1737 2356 1749 2367 .
1785 2354 1796 2365 .
1828 2318 2025 2367 iacente
2048 2318 2180 2367 infra
2202 2318 2386 2366 distum
2409 2316 2629 2366 nostrum

585 2409 794 2473 burgum
831 2411 976 2474 supra
1009 2410 1061 2475 ly
1091 2411 1203 2459 dam
1238 2412 1370 2461 inter
1405 2419 1589 2461 terram
1619 2410 1813 2459 Thome
1840 2409 2123 2459 Thomsone
2158 2427 2218 2458 ex
2253 2418 2395 2474 parte
2430 2408 2630 2458 australi

719 2537 730 2547 .
782 2509 834 2548 et
869 2509 1054 2549 terram
1093 2502 1209 2550 olim
1247 2503 1366 2551 dieti
1406 2502 1599 2551 Thome
1637 2519 1771 2551 nunc
1806 2504 1859 2550 in
1896 2502 2125 2550 manibus
2162 2501 2355 2550 Thome
2398 2501 2629 2566 Burgane
2707 2504 2709 2506 ’

594 2590 879 2638 existentem
920 2608 979 2639 ex
1021 2600 1162 2655 parte
1199 2594 1376 2643 boriali
1427 2631 1438 2643 .
1488 2630 1501 2642 .
1553 2632 1565 2643 .
1613 2604 1663 2645 et
1698 2596 1832 2659 quod
1866 2595 2024 2643 di&us
2073 2631 2084 2642 .
2134 2631 2145 2643 .
2197 2630 2207 2641 .
2257 2593 2327 2642 est
2362 2594 2631 2659 legittimus

595 2717 606 2729 .
648 2716 660 2727 .
697 2718 708 2728 .
749 2681 893 2729 heres
925 2682 1136 2731 eiusdem
1181 2721 1192 2732 .
1238 2721 1249 2733 .
1294 2722 1305 2733 .
1346 2686 1513 2735 fratris
1548 2686 1658 2735 auie
1693 2687 1776 2735 sue
1800 2686 1862 2734 de
1886 2686 2028 2734 dietis
2064 2692 2199 2734 terra
2234 2694 2283 2734 et
2315 2685 2462 2735 horto
2506 2722 2517 2733 .
2562 2722 2572 2733 .
2618 2722 2629 2733 .

595 2779 644 2820 et
673 2772 806 2835 quod
830 2771 900 2819 est
922 2772 1161 2836 legittime
1193 2777 1334 2823 etatis
1373 2804 1384 2815 ·
1424 2786 1472 2824 et
1497 2778 1629 2840 quod
1653 2779 1714 2826 de
1737 2777 1879 2826 nobis
1927 2762 1955 2825 ,ἱ
1983 2813 1994 2825 .
2038 2815 2047 2825 .
2085 2784 2324 2825 tenentur
2347 2776 2399 2824 in
2425 2776 2585 2840 capite
2620 2802 2631 2813 ·

595 2864 733 2912 vobis
756 2864 1055 2927 precipimus
1098 2902 1110 2914 .
1156 2903 1167 2913 .
1214 2904 1225 2914 .
1267 2868 1497 2930 quatinus
1522 2886 1634 2917 cum
1658 2870 1816 2918 dietus
1857 2907 1868 2918 .
1909 2907 1918 2917 .
1960 2907 1969 2917 .
2007 2868 2145 2917 vobis
2180 2868 2354 2917 fecerit
2377 2885 2468 2932 pro
2491 2867 2630 2916 dietis

596 2955 741 3003 terris
765 2962 814 3003 et
839 2963 947 3003 orto
986 2992 997 3004 .
1029 2993 1043 3007 .
1076 2995 1086 3005 .
1119 2958 1253 3020 quod
1275 2958 1336 3006 de
1359 2959 1467 3008 iure
1491 2961 1654 3009 facere
1679 2968 1876 3009 tenetur
1894 2960 2015 3009 fibi..
2043 2999 2052 3009 .
2081 2997 2092 3008 .
2117 2959 2338 3008 saisinam
2363 2959 2630 3007 earundem

600 3084 611 3095 .
652 3084 701 3095 ..
743 3046 916 3094 haberi
957 3047 1147 3095 faciatis
1190 3086 1199 3095 .
1244 3087 1254 3097 .
1299 3084 1310 3096 .
1355 3049 1488 3097 saluo
1511 3050 1619 3098 iure
1644 3051 1900 3100 cuiussibet
1941 3090 1952 3102 .
1997 3088 2008 3100 .
2054 3087 2065 3099 .
2111 3049 2259 3099 Teste
2282 3050 2466 3114 meipso
2501 3048 2630 3113 apud

600 3137 893 3203 Edinburgh
915 3138 1106 3186 decimo
1131 3140 1263 3187 sexto
1288 3139 1367 3187 die
1391 3140 1566 3188 mensis
1591 3142 1780 3205 Aprilis
1805 3159 1935 3190 anno
1959 3142 2103 3207 regni
2125 3140 2278 3190 nostri
2303 3139 2608 3189 duodecimo.
