2762 3834
630 410 1059 463 REGISTRUM
1093 412 1192 463 DE
1229 373 1796 468 AeERBROTHOC.
2191 425 2251 474 19

176 543 490 593 Allexandro
506 544 568 593 (16
585 544 925 596 Lambertoun
945 576 954 586 ·
978 547 1199 614 Hugone
1218 548 1415 599 Connel
1437 578 1448 588 ·
1473 550 1718 601 militibus
1747 578 1757 589 ·
1777 551 1980 602 Dauide
1997 553 2060 603 de
2076 552 2251 603 Inner-

173 637 331 702 peffer
356 664 366 675 ·
389 637 664 687 Laurentio
699 639 803 688 filio
831 640 1085 690 Gamelini
1108 669 1119 680 ·
1144 641 1180 691 J
1183 643 1379 692 ohanne
1405 643 1466 691 de
1495 642 1750 694 Couentre
1776 673 1786 683 ·
1814 653 1864 694 et
1890 645 1999 694 aliis
2025 674 2036 685 ·
2065 645 2248 704 Quam-

173 730 375 794 quidem
401 737 589 780 cartam
613 749 703 780 nos
743 769 754 780 .
795 770 806 782 .
846 769 858 782 .
893 733 1035 782 dictis
1058 735 1301 800 religiosis
1327 743 1377 786 et
1400 737 1701 786 monasterio
1738 775 1748 787 .
1785 775 1797 787 .
1835 776 1846 787 .
1881 738 2248 804 imperpetuum

171 824 521 874 confirmamus
540 825 674 874 saluo
694 826 904 875 seruicio
924 826 1092 875 nostro
1116 854 1128 867 ·
1153 827 1215 877 In
1242 829 1382 878 cuius
1406 830 1482 879 rei
1507 829 1843 881 testimonium
1867 832 2085 897 presenti
2111 841 2248 882 carte

170 917 336 966 nostre
378 918 592 983 sigillum
633 919 854 967 nostrum
900 920 1218 985 precepimus
1257 924 1460 988 apponi
1484 950 1495 960 ·
1540 923 1746 973 testibus
1790 962 1800 974 .
1847 962 1857 973 .
1903 962 1914 973 .
1959 925 2198 975 Villelmo
2238 959 2247 967 -

169 1009 408 1060 Villelmo
439 1039 449 1050 ·
482 1020 532 1061 et
555 1012 721 1061 Adam
750 1038 762 1050 .
795 1011 962 1062 Sancti
985 1013 1193 1063 Andree
1222 1015 1514 1082 Glasguenfi
1542 1024 1591 1066 et
1616 1016 1940 1067 Brechinenfi
1967 1019 2209 1085 episcopis
2237 1050 2247 1061 ·

168 1104 420 1154 Duncano
447 1107 627 1155 comite
652 1107 714 1155 de
739 1105 865 1172 Fyfe
891 1136 902 1146 ·
929 1107 1151 1157 Roberto
1176 1109 1443 1158 senescallo
1478 1108 1645 1159 Seotie
1683 1141 1694 1151 ·
1730 1109 1965 1160 «Iohanne
1991 1111 2246 1177 Ranulphi

170 1198 350 1248 comite
389 1198 622 1248 Morauie
666 1199 871 1247 domino
914 1199 1078 1248 Vallis
1120 1200 1424 1252 Ananandie
1468 1212 1518 1254 et
1559 1203 1769 1253 Mannie
1810 1234 1820 1245 ·
1865 1206 2245 1272 consanguineis

168 1291 349 1339 nostris
387 1290 677 1340 chariffimis
709 1318 721 1330 ·
746 1291 967 1340 Roberto
993 1291 1054 1340 de
1080 1292 1218 1342 Keth
1241 1296 1519 1344 mariscallo
1547 1295 1715 1346 Scotie
1746 1323 1757 1335 ·
1779 1296 1979 1346 Dauide
2005 1299 2066 1348 (16
2093 1298 2245 1365 Haya

168 1384 534 1433 constabulario
574 1383 743 1433 Scotie
782 1413 792 1423 ·
832 1383 1069 1448 Philippo
1095 1385 1157 1433 de
1183 1386 1470 1437 Meldroum
1513 1418 1524 1429 ·
1566 1390 1779 1439 Andrea
1812 1392 1874 1440 de
1909 1391 2206 1458 Bothirgesk
2232 1423 2242 1433 ·

167 1478 411 1527 militibus
448 1507 458 1518 ·
497 1479 632 1543 apud
672 1478 888 1528 Sconam
923 1479 1098 1527 vltimo
1135 1480 1217 1529 die
1261 1480 1496 1531 Octobris
1532 1499 1663 1531 anno
1698 1483 1845 1548 regni
1875 1484 2029 1533 nostri
2067 1485 2240 1550 quinto

166 1571 376 1620 decimo.

165 1836 506 1924 Banqwhore
530 1857 760 1924 Dewyne
786 1888 797 1899 ·
822 1864 962 1907 carta
983 1857 1227 1907 Willelmi
1254 1858 1316 1906 de
1342 1856 1613 1907 Meldrum.

166 2019 434 2094 Omnibus
469 2080 480 2091 .
519 2079 532 2091 .
570 2080 581 2091 .
612 2042 874 2092 Gala-idus
907 2079 919 2090 .
955 2078 967 2090 .
1007 2079 1018 2089 .
1053 2041 1205 2090 abbas
1229 2041 1291 2090 de
1319 2039 1662 2090 Abirbrothoo
1686 2047 1736 2090 et
1761 2041 1978 2092 eiusdem
2002 2043 2099 2093 1001
2126 2063 2239 2094 con-

166 2142 346 2184 uentus
387 2173 400 2185 .
443 2172 455 2185 .
498 2174 509 2184 .
549 2135 753 2185 salutem
792 2164 803 2175 ·
844 2134 973 2186 Cum
1005 2132 1372 2200 predecessores
1396 2133 1552 2183 nostri
1586 2135 1792 2200 pensata
1816 2135 2028 2185 vtilitate
2053 2140 2241 2188 monas-

165 2228 280 2277 terii
305 2228 458 2278 nostri
494 2246 585 2294 per
608 2229 809 2278 feodum
835 2228 1092 2278 talleatum
1127 2226 1498 2276 infeodauerint
1540 2263 1554 2275 .
1598 2263 1609 2274 .
1655 2263 1668 2275 .
1708 2228 1957 2291 quondam
1983 2229 2237 2278 dominum

164 2321 388 2371 Alanum
433 2321 743 2371 Hostiarium
786 2339 879 2388 pro
918 2321 967 2371 se
1005 2329 1056 2371 et
1096 2338 1188 2386 pro
1230 2319 1497 2369 heredibus
1534 2318 1630 2368 suis
1676 2355 1689 2369 .
1737 2356 1748 2368 .
1798 2358 1809 2369 .
1855 2321 1916 2369 de
1958 2329 2064 2371 tota
2103 2330 2239 2372 terra

164 2414 334 2464 nostra
372 2415 434 2464 de
471 2414 780 2481 Banquhory
818 2416 1045 2480 Deweny
1086 2452 1097 2462 .
1142 2452 1153 2462 .
1200 2450 1212 2461 .
1254 2413 1387 2462 infra
1425 2412 1823 2462 vicecomitatum
1865 2414 1926 2463 de
1959 2414 2234 2481 Abyrdene

161 2508 214 2555 in
262 2507 472 2558 liberam
520 2509 781 2558 baroniam
823 2508 895 2558 ita
933 2509 1068 2574 quod
1109 2507 1268 2556 difflms
1306 2506 1556 2570 quondam
1591 2504 1785 2554 Alanus
1827 2513 1876 2555 et
1916 2506 2124 2557 heredes
2165 2509 2237 2558 sui

162 2601 432 2650 redderent
455 2601 572 2650 inde
598 2601 856 2650 annuatim
882 2601 1085 2651 domino
1116 2600 1285 2649 nostro
1310 2599 1418 2664 regi
1455 2606 1654 2648 centum
1686 2598 1867 2647 solidos
1899 2598 2234 2666 stirlingorum

162 2710 219 2742 ac
263 2693 429 2743 abbati
469 2701 519 2743 et
559 2694 830 2743 conuentui
873 2695 935 2743 de
972 2692 1348 2743 Abbirbrothoc
1386 2692 1634 2756 quendam
1670 2691 2052 2742 aliumcensum
2086 2703 2233 2759 prout

162 2785 216 2832 in
253 2784 601 2835 infeodacione
636 2788 723 2836 sua
758 2786 1111 2837 continebatur
1150 2815 1160 2825 ·
1206 2785 1460 2849 dictusque
1485 2784 1734 2849 quondam
1760 2783 1954 2833 Alanus
1985 2785 2036 2834 in
2069 2787 2231 2851 preiu·

165 2877 350 2925 dicium
387 2877 608 2926 nostrum
643 2887 693 2928 et
720 2888 897 2929 contra
929 2887 1155 2929 tenorem
1189 2879 1271 2926 sue
1303 2876 1664 2926 infeodacionis
1689 2876 1869 2925 dimitam
1901 2884 2084 2927 terram
2123 2916 2133 2927 .
2170 2917 2181 2927 .
2219 2917 2228 2927 .

164 2968 264 3018 fine
291 2970 527 3020 consensu
558 2972 750 3021 abbatis
781 2980 831 3022 et
868 2980 1145 3022 conuentus
1187 3009 1198 3020 .
1244 3008 1255 3019 .
1302 3006 1315 3018 .
1354 2969 1466 3018 aliis
1501 2969 1722 3034 personis
1759 2977 1933 3017 contra
1962 2969 2078 3033 jura
2117 2988 2228 3019 con-

164 3060 358 3111 cefferit
383 3069 432 3112 et
457 3062 754 3114 alienauerit
776 3092 788 3103 ·
813 3065 958 3114 dictis
990 3064 1176 3114 iniuria
1201 3071 1250 3112 et
1273 3061 1565 3127 grauamine
1601 3061 1897 3110 monasterio
1930 3062 2096 3110 nostro
2118 3080 2225 3128 pre-

163 3154 467 3204 iudicialiter
490 3155 642 3206 illatis
676 3172 765 3222 per
786 3157 1152 3223 predecessores
1182 3156 1376 3204 nostros
1401 3162 1451 3204 et
1482 3169 1573 3202 nos
1598 3152 1850 3217 conceptis
1883 3160 1932 3201 et
1965 3153 2223 3202 intellebtis

164 3248 343 3298 dietam
383 3256 567 3299 terram
614 3288 625 3299 .
672 3288 683 3299 .
730 3288 741 3299 .
787 3259 839 3300 vt
877 3250 1021 3300 nobis
1047 3248 1376 3317 >incumbebat
1413 3264 1503 3312 per
1534 3253 1639 3295 tota
1661 3245 1782 3294 iuris
1805 3245 2024 3294 remedia
2046 3244 2223 3293 fuimus
