2742 3848
398 915 495 959 832

400 1274 497 1317 833

401 2122 498 2166 834

408 2781 506 2825 835

546 310 644 354 528
1022 279 1453 356 REGISTRUM
1488 302 1587 352 DE
1618 298 2187 351 ABERBROTHOC.

551 441 802 504 quondam
842 439 1082 506 Stephani
1121 439 1344 488 Makane
1370 437 1434 485 ad
1460 436 1774 485 occidentem
1800 442 1849 483 et
1877 435 2006 484 viam
2042 433 2233 500 regiam
2271 435 2335 483 ad
2371 434 2589 483 austrum
2619 462 2629 471 ·

552 534 832 584 Reddendo
857 534 1103 584 monacho
1130 530 1476 582 elemosinario
1502 530 1626 578 duos
1650 527 1829 576 solidos
1854 535 2053 576 monete
2083 525 2258 577 Scocie
2295 555 2305 565 ·
2344 526 2376 576 6
2399 527 2431 574 J
2436 526 2630 575 anuarii

554 632 701 677 1535.

548 881 875 968 Preceptum
901 898 1054 950 safine
1080 900 1302 966 predffle
1327 900 1571 966 perticate
1597 908 1731 951 terre
1758 901 1872 951 vide
1892 901 1945 949 in
1965 899 2177 967 registro
2196 901 2404 966 papireo
2423 918 2634 950 numero

550 996 665 1050 271.

554 1251 752 1324 Abbas
778 1270 962 1321 affedat
985 1288 1078 1336 pro
1103 1270 1438 1320 nouendecim
1462 1271 1608 1320 annis
1632 1270 1929 1320 Alexandro
1967 1271 2162 1320 Gruthre
2200 1271 2262 1320 de
2302 1270 2547 1321 Grandon
2586 1281 2635 1320 et

548 1365 842 1415 Alexandro
883 1363 1082 1414 Guthre
1120 1364 1226 1412 filio
1258 1363 1365 1413 eius
1400 1363 1739 1429 primogenito
1764 1363 1956 1429 suisque
1982 1363 2234 1430 affignatis
2258 1372 2308 1414 et
2333 1365 2636 1414 subtenenti-

549 1460 640 1507 bus
676 1476 778 1507 non
814 1457 1018 1507 maioriS
1054 1457 1210 1508 status
1246 1465 1408 1507 terras
1444 1458 1507 1506 de
1545 1456 1899 1507 Mondornach
1931 1474 2045 1506 cum
2076 1457 2290 1508 licencia
2315 1458 2636 1507 construendi

549 1552 894 1601 molendinum
930 1552 984 1601 in
1021 1551 1206 1601 eisdem
1238 1553 1303 1601 ad
1333 1552 1613 1617 proficuum
1659 1552 1934 1602 earundem
1967 1570 2181 1603 vnacum
2215 1554 2257 1602 le
2291 1554 2414 1602 vrak
2446 1561 2496 1602 et
2529 1554 2637 1601 vair

550 1647 772 1696 iacentes
787 1646 920 1694 infra
934 1645 1338 1695 vicecomitatum
1360 1646 1421 1695 de
1438 1645 1669 1696 Abirden
1690 1653 1741 1696 et
1758 1646 2020 1696 baroniam
2040 1647 2102 1695 de
2120 1645 2328 1696 Fiwuen
2349 1674 2358 1685 ·
2383 1645 2636 1696 Soluendo

553 1741 632 1789 sex
674 1740 827 1789 libras
871 1740 1114 1789 tredecim
1156 1739 1340 1789 solidos
1384 1749 1434 1789 et
1477 1742 1586 1788 octo
1626 1740 1860 1790 denarios
1902 1748 2102 1791 monete
2149 1739 2325 1791 Scocie
2365 1758 2478 1790 cum
2526 1741 2637 1790 aliis

519 1839 536 1849 “
552 1833 775 1883 seruiciis
801 1833 982 1884 debitis
1007 1860 1018 1872 ·
1046 1833 1109 1884 16
1134 1833 1401 1882 Februarii
1431 1837 1574 1883 1535.

555 2108 711 2180 Idem
734 2144 827 2193 pro
851 2129 1040 2176 summa
1063 2126 1277 2191 pecunie
1304 2133 1353 2174 et
1379 2124 1489 2174 aliis
1514 2124 1738 2174 seruiciis
1775 2126 1960 2174 affedat
1996 2143 2088 2191 pro
2124 2126 2459 2175 nouendecim
2496 2127 2639 2175 annis

552 2223 587 2272 J
591 2222 747 2272 acobo
771 2221 1038 2270 Anderson
1059 2220 1162 2268 filio
1191 2219 1436 2269 Willelmi
1462 2219 1733 2268 Androson
1759 2227 1809 2269 et
1834 2219 2126 2285 Margarete
2154 2219 2334 2270 Oliuer
2359 2220 2463 2269 eius
2488 2221 2635 2269 matri

554 2325 603 2366 et
628 2331 802 2364 eorum
826 2313 1080 2380 affignatis
1103 2313 1272 2362 villam
1292 2312 1354 2361 de
1375 2311 1656 2379 Northfery
1678 2330 1791 2362 cum
1811 2313 2018 2362 decimis
2035 2313 2324 2380 garbalibus
2347 2341 2357 2352 ·
2384 2313 2636 2363 Soluendo

561 2411 668 2457 octo
694 2408 848 2458 libras
879 2414 1079 2457 monete
1108 2406 1285 2457 Scocie
1323 2423 1434 2455 cum
1474 2405 1584 2455 aliis
1615 2407 1840 2456 seruiciis
1877 2414 1927 2456 et
1962 2406 2331 2457 husbandorum
2364 2408 2598 2458 oneribus
2626 2437 2634 2446 ·

559 2510 621 2552 10
647 2502 824 2552 Martii
852 2506 998 2550 1535.

560 2761 715 2833 Idem
740 2783 992 2848 presentat
1018 2783 1275 2831 dominum
1294 2782 1544 2832 «Iacobum
1566 2782 1682 2832 Ged
1701 2782 2030 2847 presbiterum
2053 2781 2410 2832 Sanffiandree
2433 2779 2638 2829 diocesis

560 2876 625 2924 ad
670 2874 910 2924 vicariam
957 2883 1254 2940 perpetuam
1301 2875 1505 2923 ecclefie
1551 2875 1855 2939 parochialis
1901 2876 1963 2924 de
2005 2875 2377 2924 Innerkeldour
2421 2873 2637 2923 eiusdem

561 2967 768 3018 diocesis
807 2975 1067 3016 vacantem
1106 2985 1197 3032 per
1235 2975 1448 3016 mortem
1491 2967 1682 3016 domini
1724 2968 1961 3018 Murdaci
1999 2968 2145 3035 Leky
2184 2995 2194 3006 ·
2231 2967 2534 3017 reseruando
2577 2966 2638 3015 de

561 3061 801 3110 fructibus
826 3060 1013 3110 vicarie
1040 3060 1221 3126 viginti
1245 3077 1395 3108 vnam
1420 3060 1572 3109 libras
1598 3073 1796 3112 monete
1825 3061 1992 3112 Scotie
2014 3062 2333 3111 deducendas
2355 3068 2405 3110 et
2427 3060 2639 3110 auc‘tori-

561 3163 664 3205 tate
713 3154 986 3220 apostolica
1033 3154 1447 3203 demembrandas
1496 3153 1708 3219 collegio
1755 3154 1940 3204 iustitie
1991 3154 2042 3205 S.
2089 3155 2159 3204 D.
2209 3154 2277 3203 N.
2327 3153 2460 3219 regis
2507 3153 2640 3201 infra
