2762 3834
632 371 730 420 216
1076 364 1250 415 REGI
1264 360 1511 413 STRUM
1545 357 1643 407 DE
1680 352 2240 405 ABERBROTHOC.

638 574 986 647 confirmacio
1011 597 1254 638 terrarum
1278 586 1339 633 de
1365 582 1416 632 N
1419 580 1596 630 ewtile.

488 780 580 825 251
638 751 897 824 Omnibus
937 806 949 817 .
986 805 997 816 .
1033 805 1045 817 .
1087 765 1257 816 Dauid
1300 801 1311 812 .
1355 799 1367 811 .
1412 799 1423 810 .
1466 761 1617 810 abbas
1658 796 1670 809 .
1716 796 1728 809 .
1772 794 1783 807 .
1825 761 1888 809 de
1928 760 2264 809 Abirbrothoc
2310 796 2322 808 .
2367 797 2378 809 .
2424 798 2435 809 .
2473 761 2672 810 salutem

638 900 650 912 .
693 900 704 911 .
746 898 756 909 .
797 860 974 911 Sciatis
998 875 1087 907 nos
1112 856 1291 905 dedisse
1330 892 1340 903 .
1382 892 1394 903 .
1439 890 1450 902 .
1487 852 1737 901 Willelmo
1773 851 1987 919 Ramsay
2010 852 2113 901 filio
2138 852 2382 902 etheredi
2417 854 2675 917 apparenti

633 954 668 1002 J
671 952 877 1001 ohannis
901 949 1111 1014 Ramsay
1135 947 1225 996 filii
1250 955 1299 996 et
1322 945 1520 995 heredis
1555 944 1841 1010 apparentis
1874 944 2081 1011 Georgii
2111 944 2326 1010 Ramsay
2351 946 2412 994 de
2440 944 2604 994 Clette
2628 954 2677 994 et

632 1045 813 1094 Jonete
852 1040 1168 1092 Strathachin
1206 1039 1323 1087 olim
1359 1038 1529 1103 sponse
1563 1037 1680 1085 dieti
1704 1036 1951 1086 «Iohannis
1991 1075 2002 1086 .
2039 1074 2052 1086 .
2088 1075 2099 1087 .
2143 1045 2302 1087 terras
2330 1036 2521 1086 nostras
2545 1037 2675 1086 dele

633 1136 895 1202 Kyrktoun
923 1135 984 1182 de
1009 1132 1061 1181 N
1064 1131 1223 1181 ewtile
1248 1147 1458 1179 vnacum
1483 1129 1651 1194 garbis
1675 1129 1998 1178 decimalibus
2041 1167 2053 1179 .
2105 1167 2117 1178 .
2168 1167 2180 1179 .
2222 1130 2440 1179 iacentes
2464 1129 2517 1177 in
2540 1146 2678 1194 rega·

632 1229 768 1276 litate
804 1226 971 1274 nostra
994 1226 1055 1273 de
1078 1222 1415 1273 Abirbrothoc
1449 1222 1582 1270 infra
1607 1221 2007 1272 vicecomitatum
2035 1222 2097 1271 de
2121 1221 2300 1271 Forfar
2335 1250 2345 1261 ·
2383 1221 2678 1286 quequidem

696 1358 705 1367 .
759 1356 769 1367 .
809 1318 1010 1367 fuerunt
1052 1316 1169 1365 dieti
1206 1314 1454 1364 Johannis
1496 1321 1547 1363 et
1585 1313 1770 1364 Jonete
1805 1314 2108 1365 hereditarie
2146 1351 2159 1363 .
2205 1352 2216 1363 .
2260 1352 2271 1363 .
2309 1322 2358 1363 et
2393 1331 2513 1379 quas
2548 1314 2679 1363 idem

631 1412 886 1461 Johannes
926 1448 938 1458 .
987 1448 998 1458 .
1042 1446 1054 1458 .
1090 1407 1356 1474 refignauit
1399 1445 1411 1456 .
1457 1444 1469 1456 .
1515 1445 1526 1456 .
1565 1406 1833 1457 Tenendas
1870 1445 1882 1457 .
1922 1446 1934 1456 .
1973 1445 1985 1456 .
2023 1408 2075 1456 in
2102 1407 2256 1457 varda
2276 1416 2326 1457 et
2348 1406 2527 1456 reliuio
2565 1446 2574 1455 .
2618 1445 2627 1455 .
2670 1446 2679 1454 .

631 1506 683 1553 in
722 1504 866 1553 feodo
902 1511 951 1551 et
986 1501 1266 1551 hereditate
1302 1500 1667 1565 imperpetuum
1703 1537 1714 1548 .
1749 1537 1760 1548 .
1793 1536 1804 1547 .
1839 1499 2175 1548 iurisdietione
2209 1499 2374 1548 nostre
2408 1499 2680 1565 regalitatis

633 1634 644 1644 .
686 1634 696 1644 .
734 1633 744 1644 .
781 1597 915 1643 salua
947 1622 958 1633 ·
994 1593 1036 1642 F
1039 1593 1247 1643 aciendo
1278 1631 1287 1642 .
1322 1630 1332 1641 .
1364 1631 1374 1641 .
1401 1609 1547 1644 vnam
1572 1591 1877 1657 presenciam
1900 1592 2208 1656 personalem
2230 1591 2283 1639 in
2307 1591 2491 1656 placito
2516 1591 2680 1639 nostro
2736 1644 2741 1651 ,

634 1687 834 1753 capitali
860 1687 1075 1736 tenendo
1100 1685 1230 1750 apud
1258 1684 1587 1735 Carnconane
1612 1683 1897 1734 immediate
1921 1683 2029 1749 post
2052 1683 2228 1733 festum
2253 1683 2396 1732 Beati
2421 1682 2682 1733 Michaelis

636 1778 918 1844 archangeli
958 1808 968 1817 ·
1004 1777 1071 1826 Et
1094 1778 1127 1826 fi
1154 1777 1412 1842 contingat
1448 1812 1460 1825 .
1502 1814 1513 1825 .
1554 1813 1565 1825 .
1599 1784 1758 1825 terras
1782 1775 1833 1824 in
1857 1776 2084 1825 manibus
2113 1775 2291 1824 nostris
2329 1812 2341 1824 .
2381 1813 2392 1823 .
2431 1812 2443 1824 .
2480 1776 2681 1824 racione

636 1872 799 1920 warde
832 1870 1089 1919 consistere
1132 1910 1141 1919 .
1179 1908 1190 1919 .
1227 1909 1236 1918 .
1275 1869 1591 1919 concedimus
1631 1869 1765 1933 quod
1802 1868 2010 1917 heredes
2052 1904 2065 1917 .
2104 1906 2116 1917 .
2155 1905 2167 1917 .
2216 1868 2452 1917 Willelmi
2490 1875 2575 1917 aut
2610 1868 2680 1916 sui

636 1963 858 2029 affignati
898 2000 910 2011 .
947 2000 958 2011 .
1001 2000 1013 2011 .
1050 1963 1194 2011 dictis
1226 1963 1391 2028 garbis
1427 1961 1748 2011 decimalibus
1786 1998 1798 2009 .
1839 1998 1851 2010 .
1890 1998 1902 2010 .
1938 1961 2190 2026 gaudeant
2227 1999 2238 2010 .
2276 1997 2288 2010 .
2329 1997 2341 2009 .
2375 1960 2614 2009 Preterea
2647 1960 2678 2008 fi

638 2056 894 2121 contingat
950 2093 960 2103 .
996 2092 1007 2103 .
1042 2092 1054 2103 .
1091 2054 1398 2103 Willelmum
1420 2053 1629 2103 heredes
1653 2055 1736 2103 seu
1760 2052 2023 2119 aflignatos
2067 2090 2079 2102 .
2125 2091 2137 2102 .
2180 2091 2191 2102 .
2234 2053 2286 2101 in
2310 2053 2514 2118 prefatis
2538 2052 2683 2102 terris

683 2184 695 2196 .
730 2184 742 2196 .
777 2164 885 2195 cum
911 2146 1077 2210 garbis
1101 2146 1420 2195 decimalibus
1457 2183 1470 2194 .
1506 2182 1517 2194 .
1548 2184 1558 2195 .
1592 2163 1684 2211 per
1708 2163 1798 2195 nos
1833 2181 1844 2193 .
1880 2183 1892 2195 .
1929 2181 1940 2193 .
1975 2145 2184 2195 iuridice
2208 2146 2491 2211 perturbari
2514 2145 2683 2195 licebit

637 2274 649 2286 .
681 2277 691 2287 .
734 2277 743 2287 .
778 2238 1024 2287 Willelmo
1063 2274 1075 2287 .
1114 2273 1126 2286 .
1169 2275 1180 2286 .
1219 2238 1283 2286 ad
1317 2275 1328 2286 .
1368 2275 1379 2286 .
1418 2275 1430 2286 .
1467 2245 1626 2286 terras
1650 2238 1712 2287 de
1736 2238 1978 2287 Lathame
2014 2275 2025 2287 .
2063 2275 2074 2286 .
2112 2275 2123 2286 .
2157 2238 2209 2286 in
2234 2238 2496 2303 regalitate
2520 2236 2682 2286 nostra

639 2368 649 2378 .
692 2368 703 2379 .
746 2369 755 2379 .
792 2330 924 2379 infra
947 2330 1345 2379 vicecomitatum
1381 2330 1443 2378 de
1479 2329 1658 2378 Forfar
1683 2348 1712 2378 a
1734 2330 1877 2379 nobis
1913 2369 1923 2380 .
1960 2368 1971 2380 .
2009 2369 2019 2379 .
2056 2330 2239 2379 habere
2271 2329 2538 2395 regressum
2574 2368 2584 2378 .
2623 2367 2633 2378 .
2669 2366 2680 2376 .

639 2422 956 2486 quasquidem
978 2430 1136 2471 terras
1161 2462 1171 2471 .
1208 2461 1218 2471 .
1256 2461 1265 2471 .
1297 2422 1537 2472 habemus
1560 2422 1862 2472 hereditarie
1887 2439 1917 2471 a
1941 2421 2194 2471 Willelmo
2222 2421 2541 2472 Strathachin
2567 2421 2681 2469 olim

638 2512 892 2577 possessore
923 2552 933 2561 .
968 2553 978 2562 .
1013 2553 1021 2561 .
1056 2514 1293 2563 racione.
1331 2553 1341 2562 .
1379 2553 1388 2563 .
1417 2514 1695 2564 excambii.
1731 2553 1742 2563 .
1779 2553 1789 2564 .
1814 2530 1906 2579 pro
1931 2514 2078 2562 terris
2115 2551 2127 2562 .
2168 2551 2180 2562 .
2222 2552 2232 2562 .
2258 2513 2390 2562 dele
2415 2512 2683 2579 Kyrktoun

691 2643 700 2651 .
739 2642 747 2651 .
786 2620 898 2651 cum
941 2643 950 2652 .
988 2643 998 2652 .
1035 2643 1045 2652 .
1088 2605 1253 2668 garbis
1293 2605 1615 2654 decimalibus
1656 2644 1667 2654 .
1706 2644 1716 2654 .
1755 2644 1767 2654 .
1809 2584 2075 2655 reseruatis
2114 2613 2279 2654 tamen
2322 2644 2333 2654 .
2369 2644 2380 2655 .
2417 2642 2427 2654 .
2462 2604 2682 2654 Johanni

641 2733 650 2742 .
688 2732 698 2743 .
738 2734 746 2742 .
785 2694 943 2743 libero
967 2703 1249 2744 tenemento
1273 2713 1365 2760 pro
1389 2704 1493 2745 toto
1517 2697 1617 2745 vite
1642 2698 1723 2746 sue
1747 2705 1970 2763 tempore
1995 2725 2005 2736 ·
2031 2697 2235 2763 Insuper
2260 2697 2296 2745 fi
2321 2698 2576 2762 contingat
2595 2713 2683 2746 nos

690 2826 699 2835 .
737 2825 747 2835 .
781 2786 834 2834 in
871 2825 881 2834 .
923 2825 933 2835 .
977 2825 986 2835 .
1031 2786 1174 2835 terris
1212 2788 1277 2835 de
1315 2787 1556 2837 Lathame
1595 2827 1605 2837 .
1662 2827 1671 2837 .
1709 2827 1719 2838 .
1761 2790 2044 2854 perturbari
2079 2789 2250 2840 licebit
2283 2790 2426 2838 nobis
2464 2828 2475 2838 .
2517 2828 2527 2838 .
2568 2828 2579 2838 .
2619 2789 2681 2838 ad

698 2915 708 2925 .
752 2915 763 2926 .
803 2886 962 2926 terras
988 2877 1049 2926 de
1073 2877 1119 2926 le
1144 2878 1413 2943 Kyrktoun
1438 2880 1499 2928 de
1523 2879 1737 2930 Newtile
1762 2899 1860 2931 vna
1883 2900 1996 2931 cum
2018 2864 2186 2948 garbis
2221 2881 2543 2931 decimalibus
2577 2920 2587 2931 .
2623 2919 2633 2930 .
2669 2918 2679 2928 .

644 2985 838 3018 necnon
864 2969 927 3017 ad
951 2969 1186 3018 ducentas
1210 2986 1401 3019 marcas
1437 3009 1446 3019 .
1480 3010 1490 3020 .
1523 3009 1533 3020 .
1570 2981 1766 3022 monete
1802 3010 1815 3023 .
1854 3011 1867 3024 .
1907 3012 1918 3024 .
1958 2974 2132 3025 Scocie
2164 3014 2175 3024 .
2212 3013 2222 3024 .
2260 3014 2270 3024 .
2303 2975 2355 3023 in
2381 2973 2596 3039 capitulo
2620 2972 2679 3022 de

643 3060 983 3109 Abirbrothoc
1023 3096 1035 3108 .
1073 3098 1083 3108 .
1123 3099 1132 3109 .
1169 3060 1351 3110 habere
1377 3061 1641 3126 regressum
1663 3073 1712 3113 et
1741 3104 1753 3116 .
1792 3104 1803 3115 .
1847 3104 1860 3116 .
1885 3066 2185 3116 solucionem
2209 3084 2239 3115 a
2275 3105 2286 3116 .
2328 3104 2339 3116 .
2381 3104 2392 3116 .
2429 3065 2678 3115 Willelmo

642 3190 653 3201 .
698 3190 709 3201 .
752 3190 761 3200 .
799 3151 1037 3201 Preterea
1071 3149 1106 3199 fi
1132 3152 1351 3217 contigat
1376 3170 1464 3202 nos
1504 3191 1516 3203 .
1557 3193 1568 3204 .
1612 3194 1621 3204 .
1657 3157 1836 3220 garbas
1873 3194 1885 3207 .
1925 3195 1937 3207 .
1978 3196 1989 3207 .
2031 3158 2296 3208 decimales
2321 3157 2521 3208 ecclefie
2560 3192 2573 3205 .
2613 3191 2625 3204 .
2664 3191 2676 3203 .
