2762 3834
537 355 629 402 122
980 352 1404 405 REGISTRUM
1438 351 1536 400 DE
1574 348 2134 399 ABERBROTHOC.

531 564 701 636 Bulla
725 582 974 646 priuilegii
1001 578 1220 628 concefl'a
1245 576 1542 625 monasterio
1568 577 1630 623 de
1655 575 2009 623 Abirbrothoc.

387 777 479 820 140
531 747 673 818 Pius
709 766 962 830 episcopus
993 803 1002 812 .
1041 803 1049 811 .
1088 802 1096 811 .
1132 762 1395 811 Ortanenfi
1435 768 1484 808 et
1507 758 1862 809 Sanctiandree
1899 760 2139 825 episcopis
2176 778 2233 810 ac
2275 800 2285 810 .
2326 801 2333 809 .
2373 801 2382 810 .
2417 763 2582 811 abbati

528 898 538 907 .
577 899 585 907 .
625 898 633 907 .
670 859 731 907 de
755 855 1072 906 Dunfermlin
1113 895 1121 902 .
1164 894 1172 902 .
1211 893 1219 902 .
1260 853 1462 902 salutem
1500 892 1508 900 .
1546 892 1553 901 .
1591 853 1841 901 ,Abbatis
1866 861 1915 902 et
1941 862 2250 903 conuentuS.
2281 892 2290 902 .
2318 894 2326 903 .
2350 855 2412 902 de
2433 854 2581 903 Abir-

527 950 731 999 brothoc
770 988 779 997 .
818 988 827 997 .
867 988 876 996 .
918 947 1270 997 Sanffiandree
1309 945 1513 994 diocesis
1554 945 1907 1009 conquestione
1941 947 2255 1011 percepimus
2293 948 2426 1012 quod
2464 948 2582 996 licet

526 1042 761 1090 nonnulle
803 1039 1140 1106 parrochiales
1178 1039 1381 1088 ecclefie
1424 1038 1731 1087 diuersarum
1779 1038 1986 1087 aliarum
2031 1038 2298 1088 diocefium
2353 1039 2440 1104 ipfi
2480 1058 2579 1088 mo-

510 1114 736 1182 nasterio
772 1172 781 1182 .
825 1172 835 1182 .
875 1172 883 1180 .
920 1133 1011 1180 sint
1055 1132 1191 1180 vnite
1231 1172 1239 1179 .
1285 1171 1293 1179 .
1338 1171 1346 1179 .
1391 1138 1529 1179 tanto
1579 1139 1800 1195 tempore
1849 1131 1989 1180 cuius
2039 1132 2278 1181 contrarii
2324 1132 2579 1181 hominum

524 1226 760 1274 memoria
782 1242 882 1273 non
917 1224 1081 1273 existit
1112 1223 1300 1288 ipfique
1335 1263 1343 1272 .
1384 1261 1393 1271 .
1435 1263 1443 1271 .
1479 1224 1645 1272 abbati
1682 1231 1732 1271 et
1769 1225 2039 1273 conuentui
2076 1263 2084 1273 .
2124 1264 2133 1273 .
2172 1264 2180 1273 .
2223 1226 2498 1273 concessum
2523 1226 2580 1273 fit

524 1319 653 1382 quod
695 1318 757 1366 ad
797 1317 1214 1382 congregaciones
1254 1316 1499 1365 sinodales
1534 1356 1542 1363 .
1579 1355 1628 1364 ..
1672 1315 1761 1364 nisi
1803 1355 1811 1364 .
1850 1355 1859 1364 .
1899 1356 1907 1364 .
1952 1317 2016 1364 ad
2058 1317 2299 1382 synodum
2338 1319 2579 1367 ordinarii

522 1410 733 1475 episcopi
762 1409 1115 1460 Sanffiandree
1143 1427 1430 1473 comparere
1455 1409 1659 1457 minime
1696 1416 1962 1457 teneantur
1999 1427 2112 1457 cum
2142 1410 2360 1459 habeant
2384 1411 2436 1459 in
2474 1450 2483 1458 .
2521 1450 2531 1459 .
2569 1452 2576 1460 .

522 1503 736 1552 ecclefiis
759 1503 1035 1551 huiusmodi
1063 1503 1273 1550 vicarios
1296 1511 1564 1568 perpetuos
1598 1517 1690 1565 per
1720 1500 1878 1548 ἀὶἃοε
1911 1501 2165 1566 episcopos
2189 1502 2438 1551 institutos
2472 1542 2480 1550 .
2520 1543 2528 1550 .
2568 1543 2575 1551 .

521 1596 887 1661 nychilominus
928 1595 1155 1643 nonnulli
1196 1635 1203 1642 .
1250 1635 1257 1642 .
1299 1635 1307 1643 .
1346 1594 1664 1644 ecclesiarum
1712 1595 1990 1643 huiusmodi
2039 1595 2289 1644 unitarum
2338 1597 2577 1644 ordinarii

520 1690 645 1753 ipsos
671 1691 895 1738 abbatem
922 1699 971 1738 et
997 1696 1295 1738 conuentum
1323 1688 1578 1737 occasione
1624 1727 1633 1736 .
1679 1728 1687 1736 .
1732 1727 1741 1736 .
1787 1687 2103 1737 ecclesiarum
2140 1728 2149 1736 .
2195 1728 2203 1736 .
2248 1728 2256 1736 .
2300 1689 2576 1753 inquietare

521 1799 714 1830 necnon
739 1782 934 1830 illarum
960 1781 1143 1829 frustus
1181 1820 1189 1828 .
1235 1821 1242 1829 .
1287 1820 1295 1829 .
1336 1782 1589 1830 occafione
1623 1790 1823 1846 captata
1846 1782 1978 1845 quod
2017 1821 2026 1830 .
2054 1821 2062 1829 .
2091 1821 2100 1830 .
2138 1781 2209 1830 eis
2234 1782 2576 1831 obedienciam

522 1889 620 1921 non
657 1873 876 1937 prestant
913 1873 989 1920 vel
1028 1873 1090 1922 ad
1127 1873 1367 1938 synodum
1403 1873 1484 1922 seu
1519 1873 1737 1938 capitula
1770 1874 1853 1921 sua
1877 1890 1978 1921 non
2013 1882 2302 1938 comparent
2327 1883 2412 1923 aut
2437 1893 2576 1924 exac-

523 1966 680 2014 tiones
699 1964 796 2013 fiue
816 1965 1023 2014 subfidia
1043 1966 1370 2015 immoderata
1391 1975 1439 2016 et
1461 1967 1560 2015 alia
1580 1983 1733 2014 onera
1753 1982 1843 2029 per
1862 1965 1989 2029 ipsos
2011 1965 2265 2030 episcopos
2285 1974 2335 2015 et
2352 1966 2575 2015 locorum

524 2058 799 2107 ordinarios
824 2059 904 2106 seu
929 2058 1051 2106 alios
1085 2059 1336 2124 principes
1373 2060 1616 2108 seculares
1652 2057 1877 2122 imposita
1914 2074 2014 2106 non
2049 2056 2247 2106 soluunt
2270 2059 2353 2107 seu
2377 2075 2574 2123 repara-

523 2151 653 2199 cioni
678 2151 915 2200 dictarum
952 2150 1264 2201 ecclesiarum
1301 2152 1456 2202 eciam
1493 2170 1583 2217 pro
1618 2151 1824 2199 minima
1857 2151 2069 2215 expensa
2103 2168 2193 2215 per
2226 2152 2354 2215 ipsos
2378 2152 2573 2201 fortafl‘e

522 2244 746 2307 neglecta
770 2243 1057 2308 sequestrari
1085 2245 1276 2294 faciunt
1302 2254 1351 2294 et
1375 2246 1493 2309 quia
1527 2245 1615 2310 ipsi
1644 2284 1652 2293 .
1681 2284 1690 2293 .
1719 2283 1727 2293 .
1753 2245 2001 2293 mandatis
2026 2251 2075 2293 et
2099 2244 2573 2308 sequestracionibus

522 2335 794 2384 huiusmodi
831 2376 838 2384 .
885 2376 892 2383 .
938 2376 946 2384 .
984 2354 1083 2384 non
1127 2346 1305 2401 parent
1353 2345 1453 2386 tam
1500 2338 1628 2402 ipsos
1677 2354 1823 2402 quam
1867 2353 2038 2385 eorum
2076 2376 2084 2385 .
2123 2376 2132 2385 .
2170 2375 2180 2385 .
2218 2338 2572 2401 parrochianos

523 2427 845 2475 decimatores
881 2428 1124 2476 firmarios
1172 2446 1228 2476 ac
1278 2429 1480 2477 colonos
1521 2430 1675 2479 laicos
1714 2430 2020 2478 decimarum
2061 2430 2310 2478 debitores
2348 2412 2436 2495 ipfi
2471 2448 2571 2479 mo-

525 2518 738 2565 nasterio
762 2536 852 2582 pro
878 2519 1125 2567 solucione
1148 2520 1428 2568 debitorum
1454 2530 1502 2570 et
1528 2522 1833 2571 decimarum
1857 2522 1987 2570 faeta
2010 2538 2101 2586 per
2130 2539 2215 2570 eos
2240 2524 2571 2571 excommuni-

528 2618 641 2657 cant
686 2647 696 2656 .
744 2647 754 2656 .
801 2647 811 2656 .
849 2627 1001 2673 quare
1024 2628 1115 2675 pro
1138 2621 1279 2675 parte
1302 2613 1515 2676 ipsorum
1549 2615 1740 2664 abbatis
1766 2622 1815 2664 et
1840 2622 2115 2683 conuentus
2151 2652 2160 2661 .
2205 2652 2214 2663 .
2259 2653 2269 2662 .
2312 2616 2453 2664 nobis
2478 2617 2572 2664 fuit

527 2700 778 2748 humiliter
801 2701 1124 2765 supplicatum
1149 2712 1202 2751 ut
1226 2704 1296 2752 eis
1321 2704 1462 2770 super
1486 2708 1580 2756 hoc
1623 2745 1634 2755 .
1679 2745 1689 2755 .
1737 2746 1748 2756 .
1790 2708 2058 2772 prouidere
2095 2745 2106 2756 .
2146 2745 2157 2755 .
2200 2745 2211 2755 .
2251 2725 2567 2757 curaremus.

530 2791 636 2839 Nos
660 2791 813 2856 igitur
852 2829 862 2838 .
902 2830 911 2839 .
949 2829 958 2838 .
990 2792 1433 2857 supplicacionibus
1455 2798 1682 2849 inclinati
1706 2800 1991 2850 discretioni
2018 2799 2179 2849 uestre
2218 2838 2228 2848 .
2270 2838 2279 2848 .
2321 2838 2333 2849 .
2368 2802 2569 2850 manda-

529 2899 636 2931 mus
661 2883 891 2946 quatinus
927 2921 937 2931 .
977 2922 987 2931 .
1029 2922 1039 2931 .
1077 2885 1315 2950 episcopis
1344 2896 1393 2936 et
1427 2888 1648 2939 locorum
1686 2891 1951 2941 ordinariis
1986 2892 2038 2940 in
2064 2909 2273 2956 quorum
2297 2892 2569 2942 diocefibus

531 2975 730 3039 ecclefie
767 2975 985 3039 prediEte
1030 2975 1294 3025 confistunt
1335 2988 1539 3043 excepto
1577 3017 1588 3028 .
1630 3019 1641 3030 .
1681 3020 1692 3030 .
1730 2983 1957 3048 episcopo
2002 2982 2357 3034 Sanctiandree
2399 3001 2566 3033 eorum

532 3067 783 3115 ordinario
807 3067 893 3115 sub
918 3069 1438 3118 excommunicationis
1475 3071 1791 3136 suspensionis
1816 3083 1866 3124 et
1888 3075 2139 3124 interdiffi
2175 3074 2377 3138 aliisque
2401 3075 2569 3123 formi-

533 3159 854 3209 dabilioribus
886 3160 1040 3209 eciam
1076 3161 1375 3224 pecuniariis
1416 3179 1609 3211 camere
1651 3165 1915 3228 apostolice
1955 3166 2008 3214 in
2049 3166 2308 3215 subsidium
2346 3166 2567 3215 christia-
