<?xml version="1.0" encoding="UTF-8"?>
<!DOCTYPE html PUBLIC "-//W3C//DTD XHTML 1.0 Transitional//EN"
    "http://www.w3.org/TR/xhtml1/DTD/xhtml1-transitional.dtd">
<html xmlns="http://www.w3.org/1999/xhtml" xml:lang="en" lang="en">
 <head>
  <title>
</title>
<meta http-equiv="Content-Type" content="text/html;charset=utf-8" />
  <meta name='ocr-system' content='tesseract 3.04.00' />
  <meta name='ocr-capabilities' content='ocr_page ocr_carea ocr_par ocr_line ocrx_word'/>
</head>
<body>
  <div class='ocr_page' id='page_1' title='image "./libersthomedea8602arbruoft_0181.png"; bbox 0 0 2762 3834; ppageno 0'>
   <div class='ocr_carea' id='block_1_1' title="bbox 0 1405 34 2483">
    <p class='ocr_par' dir='ltr' id='par_1_1' title="bbox 0 1405 34 2483">
     <span class='ocr_line' id='line_1_1' title="bbox 0 1405 34 2483; baseline 0 0"><span class='ocrx_word' id='word_1_1' title='bbox 0 1405 34 2483; x_wconf 95' lang='lat' dir='ltr'> </span> 
     </span>
    </p>
   </div>
   <div class='ocr_carea' id='block_1_2' title="bbox 78 1250 142 1299">
    <p class='ocr_par' dir='ltr' id='par_1_2' title="bbox 78 1250 142 1299">
     <span class='ocr_line' id='line_1_2' title="bbox 78 1250 142 1299; baseline -0.094 0"><span class='ocrx_word' id='word_1_2' title='bbox 78 1250 142 1299; x_wconf 85' lang='lat'>95</span> 
     </span>
    </p>
   </div>
   <div class='ocr_carea' id='block_1_3' title="bbox 32 2617 149 2711">
    <p class='ocr_par' dir='ltr' id='par_1_3' title="bbox 32 2611 149 2722">
     <span class='ocr_line' id='line_1_3' title="bbox 32 2617 149 2711; baseline -0.026 -9"><span class='ocrx_word' id='word_1_3' title='bbox 32 2617 37 2711; x_wconf 16' lang='lat' dir='ltr'>i:</span> <span class='ocrx_word' id='word_1_4' title='bbox 86 2651 149 2702; x_wconf 84' lang='lat'>96</span> 
     </span>
    </p>
   </div>
   <div class='ocr_carea' id='block_1_4' title="bbox 653 326 2267 409">
    <p class='ocr_par' dir='ltr' id='par_1_4' title="bbox 653 326 2267 409">
     <span class='ocr_line' id='line_1_4' title="bbox 653 326 2267 409; baseline -0.002 0"><span class='ocrx_word' id='word_1_5' title='bbox 653 326 1086 409; x_wconf 73' lang='lat' dir='ltr'><strong>REGISTRUM</strong></span> <span class='ocrx_word' id='word_1_6' title='bbox 1118 357 1217 406; x_wconf 91' lang='lat' dir='ltr'>DE</span> <span class='ocrx_word' id='word_1_7' title='bbox 1254 355 1820 406; x_wconf 85' lang='lat' dir='ltr'>ABERBROTHOC.</span> <span class='ocrx_word' id='word_1_8' title='bbox 2207 361 2267 405; x_wconf 85' lang='grc'>81</span> 
     </span>
    </p>
   </div>
   <div class='ocr_carea' id='block_1_5' title="bbox 199 489 2272 744">
    <p class='ocr_par' dir='ltr' id='par_1_5' title="bbox 199 489 2272 744">
     <span class='ocr_line' id='line_1_5' title="bbox 203 489 2272 558; baseline -0.002 -16"><span class='ocrx_word' id='word_1_9' title='bbox 203 495 314 542; x_wconf 90' lang='lat' dir='ltr'>dem</span> <span class='ocrx_word' id='word_1_10' title='bbox 355 498 543 541; x_wconf 87' lang='lat' dir='ltr'>cartam</span> <span class='ocrx_word' id='word_1_11' title='bbox 593 532 602 542; x_wconf 88' lang='lat'>.</span> <span class='ocrx_word' id='word_1_12' title='bbox 641 532 650 542; x_wconf 90' lang='lat'><strong>.</strong></span> <span class='ocrx_word' id='word_1_13' title='bbox 688 533 698 542; x_wconf 87' lang='lat'><strong>.</strong></span> <span class='ocrx_word' id='word_1_14' title='bbox 741 493 1108 558; x_wconf 83' lang='lat' dir='ltr'><strong>imperpetuum</strong></span> <span class='ocrx_word' id='word_1_15' title='bbox 1150 492 1498 541; x_wconf 89' lang='lat' dir='ltr'>confirmamus</span> <span class='ocrx_word' id='word_1_16' title='bbox 1540 531 1550 540; x_wconf 90' lang='lat'><strong><em>.</em></strong></span> <span class='ocrx_word' id='word_1_17' title='bbox 1599 530 1608 540; x_wconf 91' lang='lat'>.</span> <span class='ocrx_word' id='word_1_18' title='bbox 1652 531 1662 541; x_wconf 87' lang='lat'>.</span> <span class='ocrx_word' id='word_1_19' title='bbox 1706 490 1841 539; x_wconf 89' lang='lat' dir='ltr'>saluo</span> <span class='ocrx_word' id='word_1_20' title='bbox 1879 489 2090 539; x_wconf 87' lang='lat' dir='ltr'>seruicio</span> <span class='ocrx_word' id='word_1_21' title='bbox 2129 490 2272 538; x_wconf 87' lang='lat' dir='ltr'>nobis</span> 
     </span>
     <span class='ocr_line' id='line_1_6' title="bbox 200 582 2272 650; baseline -0.002 -15"><span class='ocrx_word' id='word_1_22' title='bbox 200 627 208 635; x_wconf 93' lang='lat'><strong>.</strong></span> <span class='ocrx_word' id='word_1_23' title='bbox 253 626 262 636; x_wconf 86' lang='lat'><strong>.</strong></span> <span class='ocrx_word' id='word_1_24' title='bbox 304 626 313 636; x_wconf 92' lang='lat'><strong><em>.</em></strong></span> <span class='ocrx_word' id='word_1_25' title='bbox 349 586 517 635; x_wconf 90' lang='lat' dir='ltr'>debito</span> <span class='ocrx_word' id='word_1_26' title='bbox 549 626 558 635; x_wconf 94' lang='lat'>.</span> <span class='ocrx_word' id='word_1_27' title='bbox 598 627 606 636; x_wconf 93' lang='lat'><em>.</em></span> <span class='ocrx_word' id='word_1_28' title='bbox 646 626 655 635; x_wconf 93' lang='lat'>.</span> <span class='ocrx_word' id='word_1_29' title='bbox 690 586 751 635; x_wconf 91' lang='lat' dir='ltr'>In</span> <span class='ocrx_word' id='word_1_30' title='bbox 792 587 930 636; x_wconf 81' lang='lat' dir='ltr'>cuius</span> <span class='ocrx_word' id='word_1_31' title='bbox 955 587 1030 635; x_wconf 88' lang='lat' dir='ltr'>rei</span> <span class='ocrx_word' id='word_1_32' title='bbox 1055 584 1390 635; x_wconf 86' lang='lat' dir='ltr'>testimonium</span> <span class='ocrx_word' id='word_1_33' title='bbox 1429 584 1641 650; x_wconf 83' lang='lat' dir='ltr'>figillum</span> <span class='ocrx_word' id='word_1_34' title='bbox 1664 624 1674 634; x_wconf 87' lang='lat'><strong>.</strong></span> <span class='ocrx_word' id='word_1_35' title='bbox 1713 623 1723 634; x_wconf 90' lang='lat'><strong>.</strong></span> <span class='ocrx_word' id='word_1_36' title='bbox 1761 624 1771 633; x_wconf 89' lang='lat'><strong>.</strong></span> <span class='ocrx_word' id='word_1_37' title='bbox 1808 583 2013 649; x_wconf 90' lang='lat' dir='ltr'>capituli</span> <span class='ocrx_word' id='word_1_38' title='bbox 2055 623 2063 632; x_wconf 98' lang='lat'><strong><em>.</em></strong></span> <span class='ocrx_word' id='word_1_39' title='bbox 2103 623 2112 632; x_wconf 91' lang='lat'><strong>.</strong></span> <span class='ocrx_word' id='word_1_40' title='bbox 2151 623 2159 632; x_wconf 92' lang='lat'>.</span> <span class='ocrx_word' id='word_1_41' title='bbox 2201 582 2272 631; x_wconf 88' lang='lat' dir='ltr'>est</span> 
     </span>
     <span class='ocr_line' id='line_1_7' title="bbox 199 676 2269 744; baseline -0.002 -16"><span class='ocrx_word' id='word_1_42' title='bbox 199 679 467 744; x_wconf 87' lang='lat' dir='ltr'>appensum</span> <span class='ocrx_word' id='word_1_43' title='bbox 520 719 529 729; x_wconf 89' lang='lat'>.</span> <span class='ocrx_word' id='word_1_44' title='bbox 567 720 578 728; x_wconf 88' lang='lat'><strong><em>.</em></strong></span> <span class='ocrx_word' id='word_1_45' title='bbox 612 719 621 729; x_wconf 90' lang='lat'>.</span> <span class='ocrx_word' id='word_1_46' title='bbox 673 679 847 744; x_wconf 91' lang='lat' dir='ltr'>quinto</span> <span class='ocrx_word' id='word_1_47' title='bbox 885 680 965 728; x_wconf 91' lang='lat' dir='ltr'>die</span> <span class='ocrx_word' id='word_1_48' title='bbox 1001 680 1177 729; x_wconf 90' lang='lat' dir='ltr'>menfis</span> <span class='ocrx_word' id='word_1_49' title='bbox 1202 677 1236 727; x_wconf 87' lang='lat' dir='ltr'>J</span> <span class='ocrx_word' id='word_1_50' title='bbox 1241 677 1435 727; x_wconf 90' lang='lat' dir='ltr'>anuarii</span> <span class='ocrx_word' id='word_1_51' title='bbox 1464 694 1596 726; x_wconf 91' lang='lat' dir='ltr'>anno</span> <span class='ocrx_word' id='word_1_52' title='bbox 1632 676 1841 726; x_wconf 91' lang='lat' dir='ltr'>Domini</span> <span class='ocrx_word' id='word_1_53' title='bbox 1870 676 2126 725; x_wconf 75' lang='lat' dir='ltr'>millesimo</span> <span class='ocrx_word' id='word_1_54' title='bbox 2153 693 2269 741; x_wconf 91' lang='lat' dir='ltr'>qua-</span> 
     </span>
    </p>
   </div>
   <div class='ocr_carea' id='block_1_6' title="bbox 198 772 1267 837">
    <p class='ocr_par' dir='ltr' id='par_1_6' title="bbox 198 772 1267 837">
     <span class='ocr_line' id='line_1_8' title="bbox 198 772 1267 837; baseline 0 -17"><span class='ocrx_word' id='word_1_55' title='bbox 198 772 584 837; x_wconf 80' lang='lat' dir='ltr'>dringentefimo</span> <span class='ocrx_word' id='word_1_56' title='bbox 611 773 1015 837; x_wconf 77' lang='lat' dir='ltr'>quinquagesimo</span> <span class='ocrx_word' id='word_1_57' title='bbox 1040 772 1267 821; x_wconf 82' lang='lat' dir='ltr'>secundo,</span> 
     </span>
    </p>
   </div>
   <div class='ocr_carea' id='block_1_7' title="bbox 197 1025 1025 1113">
    <p class='ocr_par' dir='ltr' id='par_1_7' title="bbox 197 1025 1025 1113">
     <span class='ocr_line' id='line_1_9' title="bbox 197 1025 1025 1113; baseline -0.002 -15"><span class='ocrx_word' id='word_1_58' title='bbox 197 1025 546 1098; x_wconf 85' lang='lat' dir='ltr'>Presentacio</span> <span class='ocrx_word' id='word_1_59' title='bbox 571 1047 778 1097; x_wconf 89' lang='lat' dir='ltr'>ecclefie</span> <span class='ocrx_word' id='word_1_60' title='bbox 804 1048 866 1096; x_wconf 89' lang='lat' dir='ltr'>de</span> <span class='ocrx_word' id='word_1_61' title='bbox 892 1047 1025 1113; x_wconf 86' lang='lat' dir='ltr'><strong>Nyg.</strong></span> 
     </span>
    </p>
   </div>
   <div class='ocr_carea' id='block_1_8' title="bbox 193 1208 2267 1756">
    <p class='ocr_par' dir='ltr' id='par_1_8' title="bbox 197 1208 2265 1291">
     <span class='ocr_line' id='line_1_10' title="bbox 197 1208 2265 1291; baseline -0.001 -13"><span class='ocrx_word' id='word_1_62' title='bbox 197 1208 524 1280; x_wconf 81' lang='lat' dir='ltr'>Reuerendo</span> <span class='ocrx_word' id='word_1_63' title='bbox 565 1269 573 1278; x_wconf 92' lang='lat'><strong>.</strong></span> <span class='ocrx_word' id='word_1_64' title='bbox 612 1269 621 1278; x_wconf 90' lang='lat'><strong>.</strong></span> <span class='ocrx_word' id='word_1_65' title='bbox 660 1268 670 1278; x_wconf 91' lang='lat'><strong>.</strong></span> <span class='ocrx_word' id='word_1_66' title='bbox 714 1228 916 1277; x_wconf 86' lang='lat' dir='ltr'>domino</span> <span class='ocrx_word' id='word_1_67' title='bbox 958 1228 1152 1277; x_wconf 83' lang='lat' dir='ltr'>Jacobo</span> <span class='ocrx_word' id='word_1_68' title='bbox 1195 1267 1204 1276; x_wconf 93' lang='lat'><strong>.</strong></span> <span class='ocrx_word' id='word_1_69' title='bbox 1244 1267 1252 1276; x_wconf 90' lang='lat'><em>.</em></span> <span class='ocrx_word' id='word_1_70' title='bbox 1291 1267 1299 1275; x_wconf 94' lang='lat'><strong>.</strong></span> <span class='ocrx_word' id='word_1_71' title='bbox 1345 1227 1573 1291; x_wconf 87' lang='lat' dir='ltr'>episcopo</span> <span class='ocrx_word' id='word_1_72' title='bbox 1622 1226 1978 1277; x_wconf 71' lang='lat' dir='ltr'>Sanfflandree</span> <span class='ocrx_word' id='word_1_73' title='bbox 2017 1227 2265 1278; x_wconf 86' lang='lat' dir='ltr'>Ricardus</span> 
     </span>
    </p>

    <p class='ocr_par' dir='ltr' id='par_1_9' title="bbox 193 1319 2267 1756">
     <span class='ocr_line' id='line_1_11' title="bbox 250 1319 2267 1386; baseline -0 -16"><span class='ocrx_word' id='word_1_74' title='bbox 250 1362 259 1370; x_wconf 94' lang='lat'><strong>.</strong></span> <span class='ocrx_word' id='word_1_75' title='bbox 300 1361 310 1370; x_wconf 90' lang='lat'>.</span> <span class='ocrx_word' id='word_1_76' title='bbox 349 1322 500 1370; x_wconf 89' lang='lat' dir='ltr'>abbas</span> <span class='ocrx_word' id='word_1_77' title='bbox 538 1361 547 1370; x_wconf 91' lang='lat'><strong>.</strong></span> <span class='ocrx_word' id='word_1_78' title='bbox 589 1360 598 1370; x_wconf 89' lang='lat'>.</span> <span class='ocrx_word' id='word_1_79' title='bbox 641 1360 650 1369; x_wconf 92' lang='lat'><strong>.</strong></span> <span class='ocrx_word' id='word_1_80' title='bbox 689 1322 750 1369; x_wconf 92' lang='lat' dir='ltr'>de</span> <span class='ocrx_word' id='word_1_81' title='bbox 776 1320 1156 1369; x_wconf 87' lang='lat' dir='ltr'>Abirbrothoc.</span> <span class='ocrx_word' id='word_1_82' title='bbox 1193 1358 1204 1367; x_wconf 89' lang='lat'><em>.</em></span> <span class='ocrx_word' id='word_1_83' title='bbox 1243 1319 1596 1368; x_wconf 88' lang='lat' dir='ltr'>.reuerencias</span> <span class='ocrx_word' id='word_1_84' title='bbox 1622 1327 1671 1368; x_wconf 92' lang='lat' dir='ltr'>et</span> <span class='ocrx_word' id='word_1_85' title='bbox 1695 1319 1910 1368; x_wconf 84' lang='lat' dir='ltr'>honores</span> <span class='ocrx_word' id='word_1_86' title='bbox 1935 1347 1945 1358; x_wconf 87' lang='lat'><strong>·</strong></span> <span class='ocrx_word' id='word_1_87' title='bbox 1981 1319 2068 1369; x_wconf 83' lang='lat' dir='ltr'>Ad</span> <span class='ocrx_word' id='word_1_88' title='bbox 2093 1338 2267 1386; x_wconf 87' lang='lat' dir='ltr'>perpe·</span> 
     </span>
     <span class='ocr_line' id='line_1_12' title="bbox 196 1410 2265 1477; baseline 0 -15"><span class='ocrx_word' id='word_1_89' title='bbox 196 1422 334 1462; x_wconf 89' lang='lat' dir='ltr'>tuam</span> <span class='ocrx_word' id='word_1_90' title='bbox 354 1414 594 1462; x_wconf 85' lang='lat' dir='ltr'>vicariam</span> <span class='ocrx_word' id='word_1_91' title='bbox 611 1413 814 1461; x_wconf 88' lang='lat' dir='ltr'>ecclefie</span> <span class='ocrx_word' id='word_1_92' title='bbox 834 1412 1163 1477; x_wconf 84' lang='lat' dir='ltr'>parrochialis</span> <span class='ocrx_word' id='word_1_93' title='bbox 1182 1412 1244 1460; x_wconf 92' lang='lat' dir='ltr'>de</span> <span class='ocrx_word' id='word_1_94' title='bbox 1270 1411 1392 1477; x_wconf 88' lang='lat' dir='ltr'>Nyg</span> <span class='ocrx_word' id='word_1_95' title='bbox 1411 1410 1569 1460; x_wconf 87' lang='lat' dir='ltr'>vestre</span> <span class='ocrx_word' id='word_1_96' title='bbox 1596 1412 1800 1460; x_wconf 87' lang='lat' dir='ltr'>diocefis</span> <span class='ocrx_word' id='word_1_97' title='bbox 1825 1413 1887 1461; x_wconf 91' lang='lat' dir='ltr'>de</span> <span class='ocrx_word' id='word_1_98' title='bbox 1911 1412 2021 1461; x_wconf 91' lang='lat' dir='ltr'>iure</span> <span class='ocrx_word' id='word_1_99' title='bbox 2043 1414 2265 1463; x_wconf 88' lang='lat' dir='ltr'>vacantis</span> 
     </span>
     <span class='ocr_line' id='line_1_13' title="bbox 194 1503 2266 1571; baseline 0 -17"><span class='ocrx_word' id='word_1_100' title='bbox 194 1523 286 1571; x_wconf 91' lang='lat' dir='ltr'>per</span> <span class='ocrx_word' id='word_1_101' title='bbox 304 1505 746 1554; x_wconf 88' lang='lat' dir='ltr'>renunciacionem</span> <span class='ocrx_word' id='word_1_102' title='bbox 772 1504 961 1552; x_wconf 89' lang='lat' dir='ltr'>domini</span> <span class='ocrx_word' id='word_1_103' title='bbox 988 1504 1220 1570; x_wconf 81' lang='lat' dir='ltr'>Hugonis</span> <span class='ocrx_word' id='word_1_104' title='bbox 1247 1505 1308 1552; x_wconf 90' lang='lat' dir='ltr'>de</span> <span class='ocrx_word' id='word_1_105' title='bbox 1333 1503 1514 1552; x_wconf 91' lang='lat' dir='ltr'>Wellis</span> <span class='ocrx_word' id='word_1_106' title='bbox 1540 1544 1550 1553; x_wconf 90' lang='lat'><strong>.</strong></span> <span class='ocrx_word' id='word_1_107' title='bbox 1589 1543 1599 1552; x_wconf 92' lang='lat'><em>.</em></span> <span class='ocrx_word' id='word_1_108' title='bbox 1637 1544 1646 1553; x_wconf 91' lang='lat'><strong>.</strong></span> <span class='ocrx_word' id='word_1_109' title='bbox 1683 1505 1938 1554; x_wconf 89' lang='lat' dir='ltr'>dominum</span> <span class='ocrx_word' id='word_1_110' title='bbox 1959 1505 2266 1555; x_wconf 79' lang='lat' dir='ltr'>VVillelmum</span> 
     </span>
     <span class='ocr_line' id='line_1_14' title="bbox 199 1596 2266 1664; baseline 0 -17"><span class='ocrx_word' id='word_1_111' title='bbox 199 1597 400 1664; x_wconf 88' lang='lat' dir='ltr'>Scrogis</span> <span class='ocrx_word' id='word_1_112' title='bbox 426 1598 711 1664; x_wconf 90' lang='lat' dir='ltr'>dyaconum</span> <span class='ocrx_word' id='word_1_113' title='bbox 737 1596 1098 1645; x_wconf 89' lang='lat' dir='ltr'>Abirdonenfis</span> <span class='ocrx_word' id='word_1_114' title='bbox 1124 1596 1329 1646; x_wconf 85' lang='lat' dir='ltr'>diocefis</span> <span class='ocrx_word' id='word_1_115' title='bbox 1355 1597 1516 1646; x_wconf 87' lang='lat' dir='ltr'>vestre</span> <span class='ocrx_word' id='word_1_116' title='bbox 1538 1598 1817 1647; x_wconf 88' lang='lat' dir='ltr'>reuerende</span> <span class='ocrx_word' id='word_1_117' title='bbox 1842 1598 2132 1662; x_wconf 84' lang='lat' dir='ltr'>paternitati</span> <span class='ocrx_word' id='word_1_118' title='bbox 2159 1638 2168 1647; x_wconf 92' lang='lat'><strong>.</strong></span> <span class='ocrx_word' id='word_1_119' title='bbox 2207 1638 2216 1647; x_wconf 93' lang='lat'><strong>.</strong></span> <span class='ocrx_word' id='word_1_120' title='bbox 2256 1637 2266 1647; x_wconf 92' lang='lat'><strong>.</strong></span> 
     </span>
     <span class='ocr_line' id='line_1_15' title="bbox 193 1689 2263 1756; baseline 0 -17"><span class='ocrx_word' id='word_1_121' title='bbox 193 1691 534 1756; x_wconf 87' lang='lat' dir='ltr'>presentamus</span> <span class='ocrx_word' id='word_1_122' title='bbox 570 1717 581 1727; x_wconf 91' lang='lat'><strong>·</strong></span> <span class='ocrx_word' id='word_1_123' title='bbox 620 1690 829 1738; x_wconf 87' lang='lat' dir='ltr'>eandem</span> <span class='ocrx_word' id='word_1_124' title='bbox 870 1689 1175 1738; x_wconf 65' lang='lat' dir='ltr'>effectuosius</span> <span class='ocrx_word' id='word_1_125' title='bbox 1211 1698 1476 1740; x_wconf 86' lang='lat' dir='ltr'>exorantes</span> <span class='ocrx_word' id='word_1_126' title='bbox 1512 1691 1750 1756; x_wconf 88' lang='lat' dir='ltr'>quatinus</span> <span class='ocrx_word' id='word_1_127' title='bbox 1785 1691 2034 1755; x_wconf 84' lang='lat' dir='ltr'>prefatum</span> <span class='ocrx_word' id='word_1_128' title='bbox 2068 1691 2263 1755; x_wconf 88' lang='lat' dir='ltr'>presen-</span> 
     </span>
    </p>
   </div>
   <div class='ocr_carea' id='block_1_9' title="bbox 195 1782 2270 1834">
    <p class='ocr_par' dir='ltr' id='par_1_10' title="bbox 195 1782 2270 1834">
     <span class='ocr_line' id='line_1_16' title="bbox 195 1782 2270 1834; baseline 0 -2"><span class='ocrx_word' id='word_1_129' title='bbox 195 1791 352 1833; x_wconf 86' lang='lat' dir='ltr'>tatum</span> <span class='ocrx_word' id='word_1_130' title='bbox 377 1783 602 1832; x_wconf 88' lang='lat' dir='ltr'>nostrum</span> <span class='ocrx_word' id='word_1_131' title='bbox 640 1783 704 1831; x_wconf 89' lang='lat' dir='ltr'>ad</span> <span class='ocrx_word' id='word_1_132' title='bbox 738 1782 1016 1830; x_wconf 86' lang='lat' dir='ltr'>huiusmodi</span> <span class='ocrx_word' id='word_1_133' title='bbox 1046 1782 1285 1831; x_wconf 85' lang='lat' dir='ltr'>vicariam</span> <span class='ocrx_word' id='word_1_134' title='bbox 1319 1822 1329 1833; x_wconf 94' lang='lat'><strong><em>.</em></strong></span> <span class='ocrx_word' id='word_1_135' title='bbox 1369 1823 1378 1833; x_wconf 91' lang='lat'>.</span> <span class='ocrx_word' id='word_1_136' title='bbox 1417 1824 1427 1834; x_wconf 91' lang='lat'><strong>.</strong></span> <span class='ocrx_word' id='word_1_137' title='bbox 1460 1784 1725 1832; x_wconf 87' lang='lat' dir='ltr'>admittere</span> <span class='ocrx_word' id='word_1_138' title='bbox 1751 1783 1914 1832; x_wconf 88' lang='lat' dir='ltr'>velitis</span> <span class='ocrx_word' id='word_1_139' title='bbox 1948 1823 1958 1832; x_wconf 88' lang='lat'><strong>.</strong></span> <span class='ocrx_word' id='word_1_140' title='bbox 1996 1823 2005 1833; x_wconf 88' lang='lat'><em>.</em></span> <span class='ocrx_word' id='word_1_141' title='bbox 2044 1823 2053 1833; x_wconf 88' lang='lat'><strong>.</strong></span> <span class='ocrx_word' id='word_1_142' title='bbox 2088 1802 2147 1833; x_wconf 90' lang='lat' dir='ltr'>ac</span> <span class='ocrx_word' id='word_1_143' title='bbox 2172 1785 2270 1834; x_wconf 92' lang='lat' dir='ltr'>alia</span> 
     </span>
    </p>
   </div>
   <div class='ocr_carea' id='block_1_10' title="bbox 160 1874 2267 1941">
    <p class='ocr_par' dir='ltr' id='par_1_11' title="bbox 160 1874 2267 1941">
     <span class='ocr_line' id='line_1_17' title="bbox 160 1874 2267 1941; baseline 0.001 -17"><span class='ocrx_word' id='word_1_144' title='bbox 160 1884 163 1886; x_wconf 84' lang='grc'><strong>’</strong></span> <span class='ocrx_word' id='word_1_145' title='bbox 196 1876 282 1924; x_wconf 88' lang='lat' dir='ltr'>fibi</span> <span class='ocrx_word' id='word_1_146' title='bbox 319 1875 486 1924; x_wconf 86' lang='lat' dir='ltr'>facere</span> <span class='ocrx_word' id='word_1_147' title='bbox 524 1874 801 1941; x_wconf 87' lang='lat' dir='ltr'>dignemini</span> <span class='ocrx_word' id='word_1_148' title='bbox 837 1891 933 1939; x_wconf 88' lang='lat' dir='ltr'>que</span> <span class='ocrx_word' id='word_1_149' title='bbox 967 1874 1105 1923; x_wconf 88' lang='lat' dir='ltr'>vobis</span> <span class='ocrx_word' id='word_1_150' title='bbox 1139 1875 1436 1925; x_wconf 91' lang='lat' dir='ltr'>incumbunt</span> <span class='ocrx_word' id='word_1_151' title='bbox 1473 1894 1534 1925; x_wconf 87' lang='lat' dir='ltr'>ex</span> <span class='ocrx_word' id='word_1_152' title='bbox 1565 1875 1725 1925; x_wconf 89' lang='lat' dir='ltr'>officio</span> <span class='ocrx_word' id='word_1_153' title='bbox 1757 1875 1993 1941; x_wconf 90' lang='lat' dir='ltr'>pastorali</span> <span class='ocrx_word' id='word_1_154' title='bbox 2030 1905 2040 1916; x_wconf 88' lang='lat'><strong>·</strong></span> <span class='ocrx_word' id='word_1_155' title='bbox 2078 1876 2267 1926; x_wconf 90' lang='lat' dir='ltr'>Datum</span> 
     </span>
    </p>
   </div>
   <div class='ocr_carea' id='block_1_11' title="bbox 194 1967 2267 2203">
    <p class='ocr_par' dir='ltr' id='par_1_12' title="bbox 194 1967 2267 2203">
     <span class='ocr_line' id='line_1_18' title="bbox 194 1967 2267 2034; baseline 0.001 -18"><span class='ocrx_word' id='word_1_156' title='bbox 194 1969 281 2017; x_wconf 85' lang='lat' dir='ltr'>sub</span> <span class='ocrx_word' id='word_1_157' title='bbox 306 1968 465 2034; x_wconf 83' lang='lat' dir='ltr'>figillo</span> <span class='ocrx_word' id='word_1_158' title='bbox 490 1969 659 2017; x_wconf 89' lang='lat' dir='ltr'>nostro</span> <span class='ocrx_word' id='word_1_159' title='bbox 686 1967 936 2018; x_wconf 84' lang='lat' dir='ltr'>communi</span> <span class='ocrx_word' id='word_1_160' title='bbox 973 1968 1107 2032; x_wconf 89' lang='lat' dir='ltr'>apud</span> <span class='ocrx_word' id='word_1_161' title='bbox 1139 1968 1492 2018; x_wconf 87' lang='lat' dir='ltr'>monasterium</span> <span class='ocrx_word' id='word_1_162' title='bbox 1530 2007 1541 2018; x_wconf 88' lang='lat'><strong>.</strong></span> <span class='ocrx_word' id='word_1_163' title='bbox 1583 2008 1594 2019; x_wconf 88' lang='lat'><strong>.</strong></span> <span class='ocrx_word' id='word_1_164' title='bbox 1638 2007 1648 2018; x_wconf 93' lang='lat'><strong>.</strong></span> <span class='ocrx_word' id='word_1_165' title='bbox 1686 1969 1748 2018; x_wconf 89' lang='lat' dir='ltr'>de</span> <span class='ocrx_word' id='word_1_166' title='bbox 1770 1969 2111 2019; x_wconf 89' lang='lat' dir='ltr'>Abirbrothoc</span> <span class='ocrx_word' id='word_1_167' title='bbox 2151 2009 2160 2019; x_wconf 95' lang='lat'>.</span> <span class='ocrx_word' id='word_1_168' title='bbox 2205 2010 2213 2019; x_wconf 95' lang='lat'><strong><em>.</em></strong></span> <span class='ocrx_word' id='word_1_169' title='bbox 2258 2010 2267 2019; x_wconf 90' lang='lat'><strong>.</strong></span> 
     </span>
     <span class='ocr_line' id='line_1_19' title="bbox 196 2061 2265 2128; baseline 0 -18"><span class='ocrx_word' id='word_1_170' title='bbox 196 2061 426 2111; x_wconf 71' lang='lat' dir='ltr'>vicesimo</span> <span class='ocrx_word' id='word_1_171' title='bbox 461 2068 639 2127; x_wconf 84' lang='lat' dir='ltr'>quarto</span> <span class='ocrx_word' id='word_1_172' title='bbox 671 2062 752 2111; x_wconf 89' lang='lat' dir='ltr'>die</span> <span class='ocrx_word' id='word_1_173' title='bbox 794 2061 972 2110; x_wconf 87' lang='lat' dir='ltr'>menfis</span> <span class='ocrx_word' id='word_1_174' title='bbox 1010 2061 1045 2110; x_wconf 87' lang='lat' dir='ltr'>J</span> <span class='ocrx_word' id='word_1_175' title='bbox 1050 2061 1153 2110; x_wconf 89' lang='lat' dir='ltr'>unii</span> <span class='ocrx_word' id='word_1_176' title='bbox 1193 2079 1324 2110; x_wconf 89' lang='lat' dir='ltr'>anno</span> <span class='ocrx_word' id='word_1_177' title='bbox 1364 2061 1573 2110; x_wconf 90' lang='lat' dir='ltr'>Domini</span> <span class='ocrx_word' id='word_1_178' title='bbox 1594 2068 1662 2110; x_wconf 93' lang='lat' dir='ltr'>m⁰</span> <span class='ocrx_word' id='word_1_179' title='bbox 1695 2067 1831 2111; x_wconf 86' lang='lat' dir='ltr'>cccc⁰</span> <span class='ocrx_word' id='word_1_180' title='bbox 1861 2061 2265 2128; x_wconf 74' lang='lat' dir='ltr'>quinquagesimo</span> 
     </span>
     <span class='ocr_line' id='line_1_20' title="bbox 197 2154 368 2203; baseline 0 -1"><span class='ocrx_word' id='word_1_181' title='bbox 197 2154 368 2203; x_wconf 84' lang='lat' dir='ltr'>tercio.</span> 
     </span>
    </p>
   </div>
   <div class='ocr_carea' id='block_1_12' title="bbox 195 2420 1573 2505">
    <p class='ocr_par' dir='ltr' id='par_1_13' title="bbox 195 2420 1573 2505">
     <span class='ocr_line' id='line_1_21' title="bbox 195 2420 1573 2505; baseline -0.004 -14"><span class='ocrx_word' id='word_1_182' title='bbox 195 2420 538 2492; x_wconf 84' lang='lat' dir='ltr'>Presentacio</span> <span class='ocrx_word' id='word_1_183' title='bbox 565 2440 647 2489; x_wconf 88' lang='lat' dir='ltr'>via</span> <span class='ocrx_word' id='word_1_184' title='bbox 669 2439 1059 2505; x_wconf 87' lang='lat' dir='ltr'>permutacionis</span> <span class='ocrx_word' id='word_1_185' title='bbox 1085 2439 1271 2488; x_wconf 83' lang='lat' dir='ltr'>vicarie</span> <span class='ocrx_word' id='word_1_186' title='bbox 1298 2420 1359 2487; x_wconf 69' lang='lat' dir='ltr'>de</span> <span class='ocrx_word' id='word_1_187' title='bbox 1388 2436 1573 2488; x_wconf 88' lang='lat' dir='ltr'>Cowle.</span> 
     </span>
    </p>
   </div>
   <div class='ocr_carea' id='block_1_13' title="bbox 196 2607 2262 3154">
    <p class='ocr_par' dir='ltr' id='par_1_14' title="bbox 196 2607 2262 3154">
     <span class='ocr_line' id='line_1_22' title="bbox 198 2607 2261 2691; baseline -0 -13"><span class='ocrx_word' id='word_1_188' title='bbox 198 2607 526 2680; x_wconf 80' lang='lat' dir='ltr'>Reuerendo</span> <span class='ocrx_word' id='word_1_189' title='bbox 575 2665 584 2675; x_wconf 90' lang='lat'><strong>.</strong></span> <span class='ocrx_word' id='word_1_190' title='bbox 629 2665 638 2674; x_wconf 94' lang='lat'><strong><em>.</em></strong></span> <span class='ocrx_word' id='word_1_191' title='bbox 683 2664 692 2674; x_wconf 93' lang='lat'>.</span> <span class='ocrx_word' id='word_1_192' title='bbox 743 2625 944 2673; x_wconf 88' lang='lat' dir='ltr'>domino</span> <span class='ocrx_word' id='word_1_193' title='bbox 988 2623 1255 2691; x_wconf 86' lang='lat' dir='ltr'>Ingeramo</span> <span class='ocrx_word' id='word_1_194' title='bbox 1305 2664 1316 2675; x_wconf 93' lang='lat'>.</span> <span class='ocrx_word' id='word_1_195' title='bbox 1369 2665 1378 2675; x_wconf 94' lang='lat'><strong>.</strong></span> <span class='ocrx_word' id='word_1_196' title='bbox 1429 2663 1440 2674; x_wconf 90' lang='grc'><strong>.</strong></span> <span class='ocrx_word' id='word_1_197' title='bbox 1494 2625 1723 2690; x_wconf 89' lang='lat' dir='ltr'>episcopo</span> <span class='ocrx_word' id='word_1_198' title='bbox 1766 2624 2099 2675; x_wconf 88' lang='lat' dir='ltr'>Abirdonenfi</span> <span class='ocrx_word' id='word_1_199' title='bbox 2144 2666 2153 2675; x_wconf 92' lang='lat'><strong>.</strong></span> <span class='ocrx_word' id='word_1_200' title='bbox 2197 2665 2208 2676; x_wconf 92' lang='lat'>.</span> <span class='ocrx_word' id='word_1_201' title='bbox 2247 2633 2261 2677; x_wconf 83' lang='grc'>’.</span> 
     </span>
     <span class='ocr_line' id='line_1_23' title="bbox 199 2717 2262 2769; baseline -0 0"><span class='ocrx_word' id='word_1_202' title='bbox 199 2720 445 2769; x_wconf 88' lang='lat' dir='ltr'>Ricardus</span> <span class='ocrx_word' id='word_1_203' title='bbox 482 2759 491 2767; x_wconf 94' lang='lat'>.</span> <span class='ocrx_word' id='word_1_204' title='bbox 536 2758 546 2768; x_wconf 83' lang='lat'><strong>.</strong></span> <span class='ocrx_word' id='word_1_205' title='bbox 592 2757 602 2767; x_wconf 92' lang='lat'><strong>.</strong></span> <span class='ocrx_word' id='word_1_206' title='bbox 638 2718 789 2767; x_wconf 89' lang='lat' dir='ltr'>abbas</span> <span class='ocrx_word' id='word_1_207' title='bbox 826 2757 835 2767; x_wconf 94' lang='lat'>.</span> <span class='ocrx_word' id='word_1_208' title='bbox 879 2757 889 2767; x_wconf 91' lang='lat'><em>.</em></span> <span class='ocrx_word' id='word_1_209' title='bbox 932 2756 942 2766; x_wconf 88' lang='lat'><strong>.</strong></span> <span class='ocrx_word' id='word_1_210' title='bbox 981 2718 1042 2766; x_wconf 94' lang='lat' dir='ltr'>de</span> <span class='ocrx_word' id='word_1_211' title='bbox 1083 2717 1424 2767; x_wconf 89' lang='lat' dir='ltr'>Abirbrothoc</span> <span class='ocrx_word' id='word_1_212' title='bbox 1461 2758 1470 2767; x_wconf 92' lang='lat'><strong><em>.</em></strong></span> <span class='ocrx_word' id='word_1_213' title='bbox 1515 2757 1525 2767; x_wconf 95' lang='lat'>.</span> <span class='ocrx_word' id='word_1_214' title='bbox 1570 2758 1579 2768; x_wconf 90' lang='lat'><strong>.</strong></span> <span class='ocrx_word' id='word_1_215' title='bbox 1622 2719 1941 2767; x_wconf 88' lang='lat' dir='ltr'>reuerencias</span> <span class='ocrx_word' id='word_1_216' title='bbox 1979 2720 2171 2768; x_wconf 88' lang='lat' dir='ltr'>debitas</span> <span class='ocrx_word' id='word_1_217' title='bbox 2214 2728 2262 2768; x_wconf 91' lang='lat' dir='ltr'>et</span> 
     </span>
     <span class='ocr_line' id='line_1_24' title="bbox 196 2810 2262 2876; baseline -0 -15"><span class='ocrx_word' id='word_1_218' title='bbox 196 2813 410 2863; x_wconf 84' lang='lat' dir='ltr'>honores</span> <span class='ocrx_word' id='word_1_219' title='bbox 446 2840 457 2851; x_wconf 87' lang='lat'><strong>·</strong></span> <span class='ocrx_word' id='word_1_220' title='bbox 496 2811 675 2876; x_wconf 89' lang='lat' dir='ltr'>Nuper</span> <span class='ocrx_word' id='word_1_221' title='bbox 715 2810 1053 2860; x_wconf 87' lang='lat' dir='ltr'>intelleximus</span> <span class='ocrx_word' id='word_1_222' title='bbox 1095 2810 1230 2875; x_wconf 91' lang='lat' dir='ltr'>quod</span> <span class='ocrx_word' id='word_1_223' title='bbox 1270 2848 1281 2859; x_wconf 89' lang='lat'><strong>.</strong></span> <span class='ocrx_word' id='word_1_224' title='bbox 1327 2848 1338 2859; x_wconf 91' lang='lat'><strong>.</strong></span> <span class='ocrx_word' id='word_1_225' title='bbox 1375 2848 1385 2859; x_wconf 90' lang='lat'>.</span> <span class='ocrx_word' id='word_1_226' title='bbox 1424 2810 1654 2859; x_wconf 87' lang='lat' dir='ltr'>dominus</span> <span class='ocrx_word' id='word_1_227' title='bbox 1695 2810 2005 2860; x_wconf 86' lang='lat' dir='ltr'>Laurencius</span> <span class='ocrx_word' id='word_1_228' title='bbox 2050 2811 2262 2862; x_wconf 89' lang='lat' dir='ltr'>Sturrok</span> 
     </span>
     <span class='ocr_line' id='line_1_25' title="bbox 198 2903 2262 2970; baseline 0 -18"><span class='ocrx_word' id='word_1_229' title='bbox 198 2904 413 2954; x_wconf 85' lang='lat' dir='ltr'>vicarius</span> <span class='ocrx_word' id='word_1_230' title='bbox 436 2911 709 2970; x_wconf 89' lang='lat' dir='ltr'>perpetuus</span> <span class='ocrx_word' id='word_1_231' title='bbox 734 2903 936 2952; x_wconf 88' lang='lat' dir='ltr'>ecclefie</span> <span class='ocrx_word' id='word_1_232' title='bbox 960 2903 1291 2969; x_wconf 85' lang='lat' dir='ltr'>parrochialis</span> <span class='ocrx_word' id='word_1_233' title='bbox 1316 2904 1378 2952; x_wconf 90' lang='lat' dir='ltr'>de</span> <span class='ocrx_word' id='word_1_234' title='bbox 1406 2903 1553 2953; x_wconf 90' lang='lat' dir='ltr'>Covil</span> <span class='ocrx_word' id='word_1_235' title='bbox 1579 2903 1739 2953; x_wconf 89' lang='lat' dir='ltr'>vestre</span> <span class='ocrx_word' id='word_1_236' title='bbox 1765 2904 1968 2954; x_wconf 85' lang='lat' dir='ltr'>diocefis</span> <span class='ocrx_word' id='word_1_237' title='bbox 1994 2944 2003 2954; x_wconf 90' lang='lat'><strong>.</strong></span> <span class='ocrx_word' id='word_1_238' title='bbox 2042 2945 2052 2954; x_wconf 86' lang='lat'><strong>.</strong></span> <span class='ocrx_word' id='word_1_239' title='bbox 2088 2945 2098 2954; x_wconf 88' lang='lat'>.</span> <span class='ocrx_word' id='word_1_240' title='bbox 2128 2905 2262 2954; x_wconf 89' lang='lat' dir='ltr'>suam</span> 
     </span>
     <span class='ocr_line' id='line_1_26' title="bbox 200 2995 2258 3062; baseline 0.001 -19"><span class='ocrx_word' id='word_1_241' title='bbox 200 2996 435 3046; x_wconf 88' lang='lat' dir='ltr'>vicariam</span> <span class='ocrx_word' id='word_1_242' title='bbox 475 2995 719 3046; x_wconf 69' lang='lat' dir='ltr'>desiderat</span> <span class='ocrx_word' id='word_1_243' title='bbox 763 3034 773 3044; x_wconf 90' lang='lat'><strong>.</strong></span> <span class='ocrx_word' id='word_1_244' title='bbox 825 3033 836 3043; x_wconf 91' lang='lat'><em>.</em></span> <span class='ocrx_word' id='word_1_245' title='bbox 890 3035 901 3045; x_wconf 88' lang='lat'><strong>.</strong></span> <span class='ocrx_word' id='word_1_246' title='bbox 950 3003 1235 3060; x_wconf 87' lang='lat' dir='ltr'>permutare</span> <span class='ocrx_word' id='word_1_247' title='bbox 1272 3035 1282 3044; x_wconf 90' lang='lat'><strong>.</strong></span> <span class='ocrx_word' id='word_1_248' title='bbox 1334 3035 1344 3045; x_wconf 89' lang='lat'>.</span> <span class='ocrx_word' id='word_1_249' title='bbox 1395 3033 1405 3043; x_wconf 93' lang='lat'>.</span> <span class='ocrx_word' id='word_1_250' title='bbox 1443 2996 1678 3045; x_wconf 89' lang='lat' dir='ltr'>Vestram</span> <span class='ocrx_word' id='word_1_251' title='bbox 1715 2996 1871 3062; x_wconf 83' lang='lat' dir='ltr'>igitur</span> <span class='ocrx_word' id='word_1_252' title='bbox 1907 2998 2258 3062; x_wconf 91' lang='lat' dir='ltr'>paternitatem</span> 
     </span>
     <span class='ocr_line' id='line_1_27' title="bbox 200 3088 2254 3154; baseline 0 -16"><span class='ocrx_word' id='word_1_253' title='bbox 200 3091 527 3140; x_wconf 90' lang='lat' dir='ltr'>reuerendam</span> <span class='ocrx_word' id='word_1_254' title='bbox 564 3130 574 3140; x_wconf 91' lang='lat'><strong>.</strong></span> <span class='ocrx_word' id='word_1_255' title='bbox 613 3129 623 3139; x_wconf 92' lang='lat'>.</span> <span class='ocrx_word' id='word_1_256' title='bbox 658 3127 669 3139; x_wconf 92' lang='lat'>.</span> <span class='ocrx_word' id='word_1_257' title='bbox 706 3106 938 3154; x_wconf 83' lang='lat' dir='ltr'>rogamus</span> <span class='ocrx_word' id='word_1_258' title='bbox 974 3096 1217 3153; x_wconf 88' lang='lat' dir='ltr'>quatenus</span> <span class='ocrx_word' id='word_1_259' title='bbox 1257 3106 1370 3137; x_wconf 85' lang='lat' dir='ltr'>cum</span> <span class='ocrx_word' id='word_1_260' title='bbox 1411 3088 1514 3154; x_wconf 89' lang='lat' dir='ltr'>ipse</span> <span class='ocrx_word' id='word_1_261' title='bbox 1551 3088 1779 3137; x_wconf 89' lang='lat' dir='ltr'>dominus</span> <span class='ocrx_word' id='word_1_262' title='bbox 1804 3089 2114 3139; x_wconf 87' lang='lat' dir='ltr'>Laurencius</span> <span class='ocrx_word' id='word_1_263' title='bbox 2150 3127 2160 3138; x_wconf 89' lang='lat'><strong>.</strong></span> <span class='ocrx_word' id='word_1_264' title='bbox 2197 3128 2207 3138; x_wconf 84' lang='lat'><strong>.</strong></span> <span class='ocrx_word' id='word_1_265' title='bbox 2245 3128 2254 3138; x_wconf 90' lang='lat'>.</span> 
     </span>
    </p>
   </div>
   <div class='ocr_carea' id='block_1_14' title="bbox 203 3180 2257 3311">
    <p class='ocr_par' dir='ltr' id='par_1_15' title="bbox 203 3180 2257 3311">
     <span class='ocr_line' id='line_1_28' title="bbox 203 3180 2257 3247; baseline 0 -17"><span class='ocrx_word' id='word_1_266' title='bbox 203 3181 437 3231; x_wconf 88' lang='lat' dir='ltr'>vicariam</span> <span class='ocrx_word' id='word_1_267' title='bbox 475 3182 536 3230; x_wconf 91' lang='lat' dir='ltr'>de</span> <span class='ocrx_word' id='word_1_268' title='bbox 575 3181 704 3233; x_wconf 88' lang='lat' dir='ltr'>Covl</span> <span class='ocrx_word' id='word_1_269' title='bbox 740 3180 884 3230; x_wconf 88' lang='lat' dir='ltr'>causa</span> <span class='ocrx_word' id='word_1_270' title='bbox 916 3180 1306 3245; x_wconf 86' lang='lat' dir='ltr'>permutacionis</span> <span class='ocrx_word' id='word_1_271' title='bbox 1344 3180 1422 3229; x_wconf 87' lang='lat' dir='ltr'>vel</span> <span class='ocrx_word' id='word_1_272' title='bbox 1457 3180 1578 3229; x_wconf 88' lang='lat' dir='ltr'>alias</span> <span class='ocrx_word' id='word_1_273' title='bbox 1614 3180 1900 3246; x_wconf 79' lang='lat' dir='ltr'>simpliciter</span> <span class='ocrx_word' id='word_1_274' title='bbox 1934 3181 2257 3247; x_wconf 83' lang='lat' dir='ltr'>refignauerit</span> 
     </span>
     <span class='ocr_line' id='line_1_29' title="bbox 1210 3280 1238 3311; baseline 0 0"><span class='ocrx_word' id='word_1_275' title='bbox 1210 3280 1238 3311; x_wconf 77' lang='lat' dir='ltr'>L</span> 
     </span>
    </p>
   </div>
  </div>
 </body>
</html>
