2742 3848
392 610 487 661 667

394 1248 490 1297 668

396 2078 493 2131 (569

540 387 637 438 472
990 378 1419 431 REGISTRUM
1453 377 1552 426 DE
1590 373 2155 425 ABERBROTHOC.

542 586 696 659 Idem
744 606 926 655 affedat
970 621 1063 670 pro
1109 601 1436 652 nouendecim
1485 600 1628 649 annis
1684 598 1910 648 Johanni
1958 598 2192 660 Fleschar
2239 606 2289 648 et
2337 580 2600 676 Helizabet

548 700 751 766 Ogyluy
770 697 939 763 sponse
965 698 1046 744 sue
1069 694 1326 744 dimidiam
1350 700 1544 758 partem
1565 690 1684 741 ville
1709 692 1771 740 de
1797 690 2050 757 Bawdeny
2068 709 2181 741 cum
2203 691 2410 741 decimis
2426 693 2601 757 garba-

544 791 670 840 libus
707 818 717 829 ·
756 789 1006 839 Soluendo
1031 804 1122 852 pro
1146 787 1290 835 firma
1315 785 1535 849 quinque
1559 785 1714 834 libras
1746 793 1796 834 et
1829 802 1922 851 pro
1955 785 2162 835 decimis
2197 792 2299 834 tres
2333 785 2486 833 libras
2522 784 2602 833 sex

547 883 723 931 solidos
748 888 796 930 et
818 883 926 928 οᾶο
948 879 1180 928 denarios
1204 884 1401 926 monete
1431 875 1605 926 Scocie
1626 894 1838 926 vnacum
1863 877 2134 943 rynmartis
2154 876 2400 926 veddirris
2420 883 2469 925 et
2494 876 2602 925 aliis

543 973 907 1022 husbandorum
930 971 1164 1020 oneribus
1190 1000 1200 1010 ·
1227 974 1257 1018 4
1285 958 1518 1019 Octobris
1546 970 1689 1023 1527.

544 1225 696 1298 Idem
722 1245 903 1294 affedat
927 1260 1018 1309 pro
1043 1241 1375 1292 nouendecim
1411 1240 1554 1289 annis
1586 1240 1822 1306 magistro
1857 1239 2052 1289 Thome
2076 1240 2274 1307 Ertkyn
2313 1241 2375 1290 de
2413 1241 2603 1291 Halton

543 1339 673 1404 regis
698 1336 962 1387 secretario
988 1343 1038 1384 et
1066 1334 1101 1384 J
1104 1333 1289 1383 ohanni
1315 1333 1527 1399 Ersstyn-
1547 1332 1651 1382 filio
1689 1332 1794 1381 eius
1830 1332 2016 1382 iuniori
2047 1332 2237 1398 suisque
2269 1333 2519 1398 affignatis
2554 1342 2604 1383 et

542 1430 910 1480 subtenentibus
946 1445 1046 1477 non
1083 1426 1285 1476 maioris
1320 1426 1473 1475 status
1509 1434 1670 1475 terras
1706 1427 1767 1474 de
1806 1425 2036 1492 Tyberty
2060 1426 2114 1475 in
2137 1426 2346 1475 baronia
2370 1427 2432 1476 de
2458 1426 2604 1476 New-

543 1524 717 1589 landys
757 1531 806 1570 et
846 1521 1108 1586 regalitate
1150 1520 1212 1568 de
1252 1518 1513 1585 Arbroyth
1562 1548 1573 1559 ·
1623 1519 1875 1570 Soluendo
1915 1527 2128 1584 quatuor
2162 1519 2316 1569 libras
2363 1520 2603 1568 tredecim

544 1616 720 1664 solidos
768 1623 816 1663 et
863 1621 1077 1679 quatuor
1123 1611 1356 1661 denarios
1408 1620 1608 1662 monete
1664 1611 1840 1663 Scocie
1885 1630 1999 1662 cum
2045 1612 2093 1662 le
2140 1620 2369 1678 rynmart
2416 1611 2602 1662 custum

547 1710 736 1775 veddyr
761 1707 949 1757 custum
984 1724 1104 1756 corn
1128 1705 1278 1771 pu111s
1304 1722 1431 1771 cayn
1458 1713 1508 1755 et
1532 1705 1643 1754 aliis
1675 1706 1911 1754 oneribus
1936 1713 1986 1755 et
2010 1705 2231 1754 seruiciis
2267 1733 2277 1742 ·
2315 1710 2345 1754 8
2373 1704 2603 1755 octobris

550 1803 691 1854 1527.

545 2054 871 2141 Preceptum
906 2073 1059 2123 safine
1090 2075 1331 2124 dictarum
1358 2083 1603 2126 terrarum
1630 2093 1721 2141 per
1745 2076 1788 2124 le
1813 2076 1933 2124 thale
1957 2083 2006 2125 et
2030 2092 2156 2141 rayp
2178 2075 2602 2125 tradende-direc-

551 2179 652 2218 tum
696 2168 731 2216 J
734 2167 918 2217 ohanni
961 2166 1248 2232 Straquhyn
1274 2167 1326 2215 in
1361 2168 1665 2235 Achynblay
1690 2168 1877 2218 balliuo
1908 2168 2099 2219 abbatis
2129 2168 2182 2217 in
2214 2168 2309 2218 hac
2342 2176 2483 2233 parte
2523 2198 2532 2207 ·
2573 2173 2602 2216 8

551 2260 779 2310 Octobris
808 2258 953 2313 1527.

402 2537 499 2589 670
554 2516 752 2588 Abbas
776 2538 958 2587 affedat
979 2555 1070 2603 pro
1095 2538 1425 2587 nouendecim
1461 2539 1605 2587 annis
1631 2555 1660 2587 a
1683 2538 1805 2587 sesto
1835 2536 2187 2587 Penthecostes
2215 2536 2342 2590 1527
2369 2535 2603 2602 magistre

556 2629 778 2678 Johanni
805 2629 986 2678 Gefurt
1021 2630 1200 2678 rectori
1225 2630 1287 2679 de
1314 2629 1577 2695 Twlyalan
1612 2657 1624 2669 ·
1660 2629 1950 2695 Margarete
1975 2629 2158 2679 Gefurt
2195 2657 2205 2667 ·
2240 2628 2447 2677 Andree
2482 2627 2603 2693 Gyf-

555 2722 668 2770 hart
707 2749 717 2760 ·
753 2720 787 2769 J
792 2720 976 2769 ohanni
1001 2721 1207 2769 Gifhart
1242 2749 1252 2760 ·
1293 2722 1662 2771 coadiutoribus
1688 2731 1737 2771 et
1762 2722 2132 2772 subtenentibus
2156 2721 2254 2769 suis
2277 2737 2377 2768 non
2403 2720 2604 2769 maioris

558 2815 710 2862 status
766 2820 924 2861 terras
975 2813 1035 2860 de
1082 2812 1215 2861 Brax
1263 2830 1375 2861 cum
1422 2814 1627 2862 decimis
1672 2814 1959 2880 garbalibus
2005 2814 2137 2862 infra
2182 2794 2495 2878 regalitatem
2541 2812 2604 2860 de

558 2904 814 2970 Arbroyth
853 2931 864 2941 ·
899 2903 1178 2952 Reddendo
1219 2904 1480 2953 duodecim
1516 2904 1672 2953 bollas
1708 2905 1847 2954 ordei
1880 2912 1930 2954 et
1967 2904 2210 2954 sexdecim
2247 2903 2405 2952 bollas
2444 2903 2604 2951 farine

559 2997 818 3046 auenatice
853 3013 964 3045 cum
998 2996 1045 3044 le
1081 3003 1309 3060 rynmart
1343 2995 1531 3044 custum
1557 2997 1747 3062 veddyr
1780 2997 1969 3046 custum
2004 3013 2126 3045 corn
2151 3004 2200 3045 et
2223 2995 2370 3060 pullis
2395 2996 2457 3044 de
2482 3011 2604 3044 cane

559 3098 607 3137 et
632 3088 740 3137 aliis
763 3086 1129 3136 husbandorum
1155 3086 1387 3135 oneribus
1413 3094 1462 3135 et
1486 3087 1705 3136 seruiciis
1736 3116 1745 3126 ·
1778 3093 1841 3137 22
1869 3088 2098 3139 O‹9cobris
2127 3088 2271 3142 1527.
