2762 3834
386 2285 471 2328 141

534 406 627 450 124
979 397 1402 450 REGISTRUM
1439 394 1532 444 DE
1569 392 2129 443 ABERBROTHOC.

532 532 741 583 existant
765 549 853 598 per
878 549 972 597 que
1010 569 1021 579 .
1061 569 1071 579 .
1111 568 1121 578 .
1167 530 1326 579 uestre
1361 526 1708 575 iurisdictionis
1744 525 2018 589 explicacio
2054 526 2106 574 in
2132 526 2226 575 hac
2249 535 2391 591 parte
2418 527 2581 575 ualeat

532 626 899 691 quomodolibet
933 623 1163 688 impediri
1199 630 1247 670 et
1285 637 1379 683 que
1419 619 1582 682 quoad
1612 618 1707 666 hoc
1741 617 1812 665 eis
1835 617 2064 665 nolumus
2090 618 2391 682 aliquatinus
2416 619 2583 667 suffra-

529 719 637 783 gari
681 746 690 756 ·
736 717 970 766 Ceterum
1013 714 1237 762 uolumus
1277 750 1286 759 .
1329 749 1338 758 .
1381 749 1390 758 .
1441 710 1574 774 quod
1621 708 1829 772 quilibet
1878 709 2093 757 uestrum
2142 710 2370 774 prosequi
2419 711 2583 759 ualeat

528 809 788 858 articulum
815 807 971 855 eciam
994 822 1083 870 per
1109 804 1259 852 alium
1281 802 1568 851 inchoatum
1593 801 1819 865 quamuis
1851 801 1984 850 idem
2009 802 2249 851 inchoans
2273 803 2410 851 nullo
2436 804 2585 851 fuerit

529 900 769 965 legittimo
794 897 1145 961 impedimento
1170 894 1458 959 prepeditus
1482 893 1713 957 quodque
1738 911 1766 941 a
1785 894 1903 943 data
1923 894 2231 959 presencium
2250 894 2307 944 s1t
2325 895 2464 943 uobis
2493 933 2502 942 .
2532 934 2541 943 .
2573 934 2582 942 .

528 994 578 1040 in
603 988 839 1055 premiflis
877 1027 887 1037 .
928 1026 938 1036 .
979 1026 990 1035 .
1028 993 1322 1051 perpetuata
1357 984 1571 1050 potestas
1603 1025 1612 1034 .
1651 1025 1659 1034 .
1698 1025 1707 1034 .
1746 994 1801 1034 ut
1826 1003 1884 1035 eo
1910 986 2084 1052 uigore
2116 1026 2125 1036 .
2164 1027 2173 1035 .
2212 1027 2220 1036 .
2258 986 2443 1051 poffitis
2480 1028 2487 1035 .
2527 1028 2535 1035 .
2575 1028 2582 1035 .

527 1082 794 1147 procedere
814 1097 872 1129 ac
892 1079 926 1127 fi
945 1078 1171 1143 premifl'a
1191 1118 1200 1126 .
1225 1118 1233 1126 .
1258 1118 1267 1126 .
1292 1094 1460 1126 coram
1485 1077 1627 1125 nobis
1653 1086 1799 1142 cepta
1822 1077 2016 1127 fuissent
2034 1078 2404 1144 iurisdictioque
2426 1080 2587 1128 vestra

528 1216 535 1223 .
575 1215 581 1222 .
621 1214 628 1222 .
666 1179 960 1238 perpetuata
992 1170 1235 1235 legittime
1272 1169 1504 1219 extitisset
1540 1169 1904 1219 constitucione
1944 1171 2106 1236 Super
2130 1173 2587 1236 conseruacz'onibus

527 1276 575 1316 et
600 1266 695 1315 alia
718 1264 937 1329 qualibet
961 1264 1015 1311 in
1040 1262 1347 1311 contrarium
1372 1261 1507 1311 edita
1530 1279 1632 1310 non
1657 1263 1881 1312 obstante
1908 1292 1918 1302 ·
1945 1263 2185 1312 Preterea
2210 1303 2219 1312 .
2240 1304 2249 1312 .
2271 1304 2280 1313 .
2309 1281 2477 1312 omnes
2503 1305 2511 1313 .
2539 1305 2546 1312 .
2576 1306 2583 1313 .

526 1357 769 1423 processus
802 1397 811 1405 .
847 1396 856 1405 .
890 1396 899 1404 .
939 1365 988 1405 et
1011 1372 1166 1420 penas
1191 1371 1315 1419 quos
1338 1362 1388 1403 et
1413 1371 1535 1418 quas
1557 1372 1649 1419 per
1675 1355 1928 1420 episcopos
1954 1395 1963 1404 .
1990 1395 1999 1404 .
2027 1396 2036 1405 .
2062 1356 2309 1420 predictos
2334 1356 2585 1406 occasione

526 1453 837 1503 ecclesiarum
874 1451 1207 1517 prediaarum
1230 1451 1283 1498 in
1323 1490 1331 1498 .
1371 1489 1379 1498 .
1419 1489 1427 1498 .
1465 1448 1717 1514 predictos
1754 1488 1763 1497 .
1802 1488 1810 1496 .
1852 1486 1863 1496 .
1900 1448 2208 1514 promulgari
2243 1466 2444 1505 necnon
2480 1490 2489 1498 .
2527 1490 2536 1498 .
2577 1490 2584 1497 .

527 1546 762 1611 quicquid
786 1585 795 1594 .
834 1584 843 1593 .
882 1584 891 1592 .
917 1543 1061 1608 super
1085 1543 1180 1591 hiis
1206 1582 1215 1591 .
1242 1582 1251 1591 .
1278 1582 1287 1591 .
1316 1543 1491 1606 quauis
1517 1541 1810 1590 auctoritate
1841 1541 2128 1605 attemptari
2154 1542 2421 1606 contigerit
2446 1542 2587 1591 irrita

527 1647 575 1686 et
598 1638 767 1685 inania
802 1676 810 1685 .
849 1676 858 1685 .
896 1675 905 1684 .
943 1635 1254 1683 decernimus
1290 1652 1380 1699 per
1417 1635 1668 1699 presentes
1694 1663 1704 1672 -
1731 1633 1922 1682 Datum
1958 1633 2116 1682 Rome
2155 1635 2288 1698 apud
2332 1634 2587 1685 Sanfflmm·

526 1738 721 1794 petrum
746 1745 876 1777 anno
901 1727 1265 1776 incarnacionis
1302 1727 1551 1776 dominice
1586 1725 1843 1775 millefimo
1880 1726 2367 1792 quadringentesimo
2393 1727 2587 1793 sexage-

529 1822 644 1870 fimo
668 1821 828 1886 primo
849 1821 1050 1885 septimo
1076 1819 1194 1868 Idus
1220 1819 1401 1869 Marcii
1426 1820 1745 1884 pontificatus
1770 1820 1925 1869 nostri
1950 1838 2082 1870 anno
2108 1830 2300 1885 quarto.

528 2072 857 2145 Protestacio
881 2093 1133 2159 priuilegii
1158 2094 1218 2142 de
1244 2093 1391 2142 terris
1418 2102 1466 2142 et
1491 2094 1769 2143 redditibus
1792 2094 1847 2142 in
1873 2093 2100 2160 Berwyk.

532 2252 604 2324 In
637 2274 735 2323 Dei
770 2275 969 2323 nomine
1005 2293 1148 2324 amen
1174 2305 1184 2314 -
1211 2274 1310 2324 Per
1335 2275 1429 2324 hoc
1467 2315 1475 2324 .
1518 2315 1526 2324 .
1566 2315 1574 2323 .
1612 2283 1781 2339 pateat
1818 2316 1826 2324 .
1866 2316 1873 2324 .
1912 2313 1922 2324 .
1962 2277 2095 2341 quod
2120 2294 2250 2326 anno
2276 2278 2338 2326 ab
2361 2278 2586 2326 incarna-

535 2367 675 2415 cione
701 2367 913 2416 eiusdem
949 2366 1204 2416 millesimo
1241 2367 1726 2432 quadringentesimo
1762 2368 2059 2434 sexagesimo
2095 2369 2309 2418 secundo
2339 2378 2387 2418 et
2411 2371 2587 2417 mensis

535 2458 715 2507 Marcii
740 2459 819 2507 die
846 2459 1075 2508 vicesima
1109 2459 1244 2509 sexta
1267 2487 1277 2497 ·
1302 2460 1575 2509 indictione
1613 2461 1840 2510 decima·
1865 2462 2181 2526 pontificatus
2217 2502 2226 2510 .
2265 2502 2274 2511 .
2312 2501 2321 2511 .
2359 2462 2438 2510 Pii
2475 2501 2484 2510 .
2524 2501 2534 2510 .
2575 2500 2584 2510 .

536 2567 662 2614 pape
687 2550 887 2598 secundi
923 2568 1053 2599 anno
1079 2559 1255 2615 quarto
1295 2589 1305 2599 .
1346 2589 1356 2599 .
1398 2590 1408 2600 .
1448 2552 1725 2602 Malcomus
1753 2591 1763 2601 .
1793 2591 1804 2601 .
1833 2591 1844 2601 .
1871 2554 2021 2602 abbas
2048 2591 2059 2602 .
2089 2592 2100 2602 .
2129 2593 2137 2602 .
2165 2554 2226 2602 de
2250 2554 2587 2603 Abirbrothoc

538 2641 733 2706 publice
756 2641 1051 2705 protestatus
1086 2643 1179 2691 fuit.
1209 2644 1343 2706 quod
1378 2644 1603 2707 quamuis
1639 2653 1772 2694 terre
1808 2645 2113 2710 piscaciones
2148 2646 2371 2695 redditus
2396 2655 2480 2695 aut
2506 2647 2586 2694 de-

542 2734 682 2782 uoria
704 2750 995 2797 quecunque
1020 2732 1105 2781 fibi
1143 2771 1154 2780 .
1196 2771 1206 2781 .
1245 2771 1256 2781 .
1295 2743 1345 2782 et
1370 2738 1639 2785 conuentui
1679 2775 1689 2785 .
1731 2776 1742 2785 .
1783 2776 1793 2786 .
1827 2738 2101 2803 spectantes
2126 2746 2365 2803 occupate
2390 2738 2587 2787 fuerant

539 2842 629 2890 per
653 2825 965 2888 quascunque
989 2826 1220 2888 personas
1246 2827 1378 2890 quod
1400 2826 1495 2876 hoc
1519 2845 1619 2876 non
1646 2830 1790 2879 cedat
1815 2830 1902 2878 fibi
1941 2868 1951 2878 .
1993 2868 2003 2878 .
2045 2869 2055 2879 .
2093 2831 2175 2879 seu
2201 2831 2469 2880 conuentui
2498 2869 2507 2878 .
2538 2869 2549 2879 .
2576 2870 2585 2878 .

540 2919 591 2965 in
617 2911 806 2981 aliquid
836 2916 1163 2980 preiudicium
1201 2953 1212 2964 .
1252 2953 1263 2964 .
1303 2955 1314 2965 .
1352 2917 1603 2967 offerendo
1638 2920 1800 2970 facere
1839 2959 1850 2970 .
1890 2959 1901 2970 .
1942 2960 1952 2970 .
1989 2923 2136 2988 regi.
2166 2960 2176 2971 .
2204 2962 2213 2970 .
2239 2939 2330 2987 pro
2353 2923 2587 2987 predictis

543 3010 593 3057 id
618 3009 750 3074 quod
774 3008 836 3056 de
860 3008 967 3056 iure
991 3007 1153 3055 facere
1178 3015 1375 3055 tenetur
1399 3036 1410 3047 ·
1441 3007 1600 3073 Super
1621 3013 1798 3075 quibus
1837 3051 1848 3062 .
1887 3052 1895 3062 .
1937 3052 1948 3062 .
1987 3014 2148 3064 ᾱίἇὶιιε
2184 3052 2194 3063 .
2235 3052 2246 3062 .
2286 3052 2297 3062 .
2331 3022 2473 3078 pater
2498 3054 2507 3063 .
2536 3050 2545 3062 .
2575 3052 2585 3062 .

544 3101 629 3150 fibi
664 3101 772 3149 fieri
808 3099 958 3164 peciit
993 3138 1002 3147 .
1043 3136 1053 3146 .
1093 3136 1104 3146 .
1141 3097 1517 3148 instrumentum
1545 3132 1554 3141 ·
1581 3103 1712 3152 Acta
1747 3114 1889 3155 erant
1917 3107 2010 3156 hec
2034 3107 2086 3155 in
2110 3107 2330 3171 pretorio
2354 3107 2500 3172 burgi
2525 3108 2585 3155 de

542 3194 695 3244 Perth
718 3194 842 3242 hora
862 3190 997 3257 quafi
1022 3191 1280 3241 vndecima
1315 3172 1428 3241 ante
1453 3194 1721 3243 merediem
1760 3233 1769 3243 .
1811 3234 1819 3243 .
1863 3234 1871 3244 .
1907 3198 2215 3261 presentibus
2243 3235 2253 3246 .
2283 3236 2293 3246 .
2322 3236 2331 3246 .
2358 3198 2394 3247 J
2396 3199 2547 3247 acobo
2575 3228 2585 3237 ·
