2762 3834
668 403 1099 454 REGISTRUM
1133 403 1232 453 DE
1267 400 1832 452 ABERBROTHOC.
2220 403 2282 456 47

212 539 354 588 cione
375 538 520 595 vnius
541 546 800 589 carrucate
825 547 959 589 terre
978 539 1032 588 in
1051 539 1446 606 Kynalchmund
1470 555 1580 588 cum
1606 538 1931 604 pertinenciis
1957 545 2007 587 et
2033 538 2282 586 communi

210 632 412 696 pastura
449 660 460 670 ·
499 648 646 696 quam
673 631 1002 683 donacionem
1027 632 1080 682 in
1106 631 1274 681 nostra
1297 649 1424 697 pura
1447 631 1690 681 viduitate
1715 631 1989 681 constituta
2024 670 2033 680 .
2073 670 2082 679 .
2120 669 2130 679 .
2151 647 2285 679 con·

209 727 462 775 firmamus
495 766 505 776 .
543 765 552 775 .
592 766 602 776 .
635 726 847 791 Insuper
880 765 890 775 .
929 766 939 775 .
978 764 989 775 .
1024 725 1343 776 concedimus
1369 724 1574 774 ecclefie
1607 762 1618 773 .
1656 763 1666 774 .
1704 764 1713 774 .
1745 725 1967 789 predicte
2001 763 2011 773 .
2049 763 2059 773 .
2098 763 2107 772 .
2137 740 2285 772 omne

210 819 286 867 ius
311 819 432 868 iuris
459 826 509 871 et
532 819 656 868 recti
686 819 930 869 clameum
955 836 1052 883 que
1076 819 1130 868 in
1156 819 1331 868 eadem
1356 826 1620 868 carrucata
1644 825 1777 868 terre
1803 819 1865 868 de
1891 818 2284 884 Kynalchmund

210 912 449 963 habemus
475 911 555 961 vel
596 911 780 962 habere
823 911 1098 976 poterimus
1135 912 1190 960 in
1227 911 1449 961 futurum
1491 928 1594 976 prov
1624 911 1777 960 salute
1818 911 2096 960 animarum
2130 927 2286 975 quon-

211 1006 325 1053 dam
361 1005 491 1053 bone
521 1004 762 1056 memorie
788 1004 978 1055 domini
1005 1004 1250 1054 Willelmi
1273 1004 1335 1053 de
1367 1003 1606 1070 Dowglas
1641 1004 1798 1068 patris
1832 1003 1986 1053 nostri
2011 1011 2061 1053 et
2085 1004 2285 1053 domine

212 1096 503 1162 Margarete
536 1097 597 1145 de
630 1096 868 1162 Dowglas
902 1096 1138 1147 comitisse
1173 1095 1390 1146 eiusdem
1419 1096 1586 1144 nostre
1626 1096 1800 1145 matris
1839 1104 1888 1145 et
1926 1096 2082 1146 salute
2103 1096 2287 1145 anime

212 1189 376 1237 nostre
402 1197 452 1242 et
475 1189 644 1238 fratris
670 1190 827 1241 nostri
852 1190 1103 1254 quondam
1130 1189 1320 1238 domini
1345 1188 1380 1237 J
1383 1189 1526 1237 acobi
1560 1190 1621 1238 de
1658 1189 1896 1255 Dowglas
1933 1190 2128 1239 comitis
2164 1191 2287 1239 eius-

213 1282 326 1329 dem
352 1290 402 1330 et
426 1282 820 1350 predecessorum
861 1281 1144 1331 nostrorum
1184 1282 1237 1330 in
1272 1281 1368 1330 hac
1397 1288 1540 1346 parte
1577 1320 1587 1330 .
1625 1319 1635 1330 .
1673 1320 1684 1330 .
1723 1282 1783 1330 In
1809 1282 1949 1331 cuius
1973 1283 2048 1331 rei
2072 1283 2288 1331 testimo-

213 1375 350 1423 nium
399 1374 611 1439 sigillum
659 1373 881 1422 nostrum
936 1373 1247 1439 presentibus
1294 1374 1502 1422 fecimus
1557 1375 1743 1439 apponi
1797 1375 1932 1439 apud
1986 1374 2287 1441 Kyndromy

214 1468 443 1517 vicefimo
471 1468 559 1516 vii⁰
584 1468 664 1516 die
688 1466 867 1516 mensis
893 1466 1036 1533 Mayi
1062 1484 1194 1517 anno
1220 1466 1430 1516 Domini
1454 1472 1522 1514 m⁰
1547 1475 1683 1515 cccc⁰
1707 1467 1881 1516 tercio.

214 1739 408 1812 Litera
435 1759 778 1825 inquificionis
804 1761 866 1808 de
893 1759 1273 1827 Kennymykyl.

214 1924 352 1999 Hec
377 1946 637 2011 inquificio
662 1946 791 1995 facta
816 1946 949 2011 apud
978 1945 1311 1995 Carnconane
1335 1945 1565 1995 vicefima
1590 1953 1770 2010 quarta
1794 1945 1874 2002 die
1899 1946 2076 1994 menfis
2100 1946 2293 2011 Aprilis

215 2057 346 2088 anno
371 2039 582 2088 Domini
610 2039 866 2088 millefimo
893 2044 1060 2088 ccccmo
1083 2056 1218 2088 nono
1244 2055 1413 2087 coram
1438 2038 1598 2087 nobili
1624 2038 1734 2087 vir-o
1760 2038 1989 2088 Waltero
2016 2039 2077 2087 de
2106 2037 2292 2104 Ogilvy

212 2132 400 2180 balliuo
442 2131 721 2198 regalitatis
765 2132 970 2181 abbatis·
1000 2132 1062 2181 de
1096 2131 1473 2181 Abbirbrothoc
1515 2149 1607 2197 per
1646 2132 1837 2181 nobiles
1876 2131 2107 2180 dominos
2142 2132 2293 2181 infra·

215 2226 422 2291 scriptos
442 2226 677 2275 videlicet
706 2252 716 2263 ·
742 2224 1055 2274 Willelmum
1074 2226 1136 2275 (10
1162 2225 1411 2292 Lindesay
1431 2226 1688 2275 dominum
1708 2227 1770 2275 (10
1790 2225 1939 2292 Roffy
1968 2257 1978 2267 -
2007 2224 2290 2276 Gilbertum

217 2321 277 2369 (10
301 2320 526 2370 Graham
545 2319 803 2368 dominum
823 2320 885 2368 de
905 2319 1211 2387 Hathirwyk
1232 2347 1244 2360 ·
1267 2319 1450 2369 milites
1473 2349 1483 2359 ·
1505 2319 1854 2368 Alexandrum
1874 2320 1935 2367 de
1958 2319 2146 2385 Ogilvy
2164 2320 2293 2369 vice-

218 2414 449 2462 comitem
469 2413 531 2462 de
551 2413 731 2478 Angus
754 2439 767 2453 ·
790 2411 826 2462 J
829 2412 1078 2462 ohannem
1098 2414 1159 2463 de
1182 2412 1370 2480 Ogilvy
1390 2413 1644 2462 dominum
1664 2413 1882 2462 eiusdem
1908 2442 1918 2453 ·
1943 2412 2290 2462 Alexandrum

218 2505 483 2554 Wischard
520 2534 529 2544 ·
564 2503 599 2553 J
603 2505 851 2554 ohannem
877 2506 938 2554 de
964 2504 1298 2573 Monypenny
1324 2507 1580 2556 dominum
1607 2507 1669 2555 de
1695 2506 1929 2572 Petmuly
1966 2536 1976 2546 ·
2015 2506 2289 2572 Ricardum

218 2599 404 2648 Lovale
445 2590 701 2647 dominum
744 2599 806 2647 de
849 2597 1118 2664 Ballumby
1157 2627 1168 2638 ·
1210 2598 1247 2647 J
1250 2599 1496 2649 ohannem
1539 2598 1808 2664 Dempstar
1849 2625 1860 2636 ·
1901 2598 1937 2648 J
1941 2598 2188 2647 ohannem
2228 2595 2299 2648 (10

220 2692 519 2758 Balmalkyn
560 2721 569 2731 ·
614 2692 786 2741 Dauid
828 2693 890 2741 de
933 2692 1183 2741 Lichtoun
1227 2724 1238 2734 -
1275 2693 1310 2742 J
1313 2693 1563 2742 ohannem
1600 2695 1660 2741 de
1702 2691 1910 2742 Gonane
1955 2722 1964 2732 -
2002 2692 2037 2741 J
2041 2692 2287 2741 ohannem

224 2784 411 2849 Ogilvy
436 2813 446 2823 ·
478 2784 648 2833 Dauid
675 2785 736 2833 de
759 2784 987 2834 Tolauch
1018 2814 1029 2824 ·
1061 2785 1337 2834 Robertum
1358 2785 1553 2834 Burnat
1584 2823 1593 2834 .
1625 2784 1897 2834 Ricardum
1919 2786 1980 2834 de
1999 2784 2250 2834 Lichtoun
2279 2816 2287 2824 ·

222 2884 270 2924 et
308 2876 566 2924 Andream
604 2877 666 2924 de
706 2876 916 2942 Malvyn
961 2906 971 2915 ·
1016 2876 1117 2935 Qui
1150 2877 1305 2941 jurati
1345 2877 1561 2927 fideliter
1597 2878 1841 2926 dixerunt
1863 2878 1998 2942 quod
2037 2878 2285 2942 quondam

221 2967 502 3016 VVillelmus
529 2968 589 3015 de
617 2967 987 3035 Ouchtirlovny
1011 2969 1168 3018 frater
1187 2969 1472 3019 Alexandri
1503 2970 1566 3019 de
1598 2969 1970 3035 Ouchtirlovny
1996 2969 2119 3019 obiit
2145 2969 2289 3018 vesti-

221 3072 299 3111 tus
324 3070 373 3110 et
397 3061 593 3109 saisitus·
609 3068 660 3109 vt
685 3061 746 3109 de
771 3061 917 3110 feodo
942 3063 1007 3111 ad
1029 3063 1179 3112 fidem
1204 3071 1254 3112 et
1282 3080 1455 3128 pacem
1482 3062 1673 3111 domini
1706 3062 1862 3110 nostri
1895 3061 2027 3125 regis
2052 3062 2113 3110 de
2140 3061 2284 3110 terris

221 3157 282 3204 de
322 3153 665 3218 Kennymekil
703 3170 813 3202 cum
853 3155 1178 3218 pertinenciis
1213 3155 1498 3220 jacentibus
1535 3154 1587 3203 in
1627 3154 1804 3220 schyra
1839 3155 1900 3205 de
1936 3154 2283 3219 Kyncoldrum

223 3248 351 3296 infra
383 3246 694 3312 regalitatem
727 3245 789 3294 de
814 3245 1188 3296 Abbirbrothoc
1226 3275 1235 3285 ·
1273 3256 1322 3297 et
1346 3249 1481 3311 quod
1507 3248 1799 3297 Alexander
1822 3248 1885 3296 (10
1913 3246 2282 3311 Ouchtirlovny
