2742 3848
24 974 119 1029 759

627 379 1053 432 REGISTRUM
1087 379 1187 429 DE
1227 379 1785 431 ABERBROTHOC.
2143 386 2241 432 505

175 511 212 558 J
215 511 460 562 ohannem
506 513 688 579 Stanys
733 545 742 554 -
786 515 1064 564 Walterum
1109 516 1272 564 Drum
1315 543 1324 552 ·
1370 515 1617 564 Helenam
1663 515 1867 563 Wallass
1906 517 2235 565 executricem

181 603 391 654 Henrici
418 605 606 656 Baxter
631 636 642 647 ·
670 608 936 673 omnesque
962 608 1085 657 alios
1110 607 1337 657 interefl'e
1359 608 1598 657 habentes
1623 635 1632 645 ·
1664 616 1715 656 et
1742 608 1907 656 omnia
1933 607 2031 656 alia
2055 607 2236 657 facien-

173 697 291 745 dum
316 698 367 746 in
392 698 632 762 premiffis
657 700 927 750 necessaria
961 731 971 741 ·
1008 706 1072 750 28
1096 701 1132 750 J
1135 701 1224 750 ulii
1252 705 1395 750 1531.

172 953 325 1025 Idem
366 975 548 1026 affedat
582 995 674 1042 pro
707 978 892 1043 septem
929 980 1072 1028 annis
1108 980 1218 1044 post
1250 979 1425 1028 festum
1463 978 1632 1029 Sancti
1670 981 1877 1029 Andree
1911 989 2027 1029 ante
2058 980 2233 1029 festum

173 1067 370 1117 Natalis
412 1069 620 1119 Domini
667 1075 795 1119 1532
837 1072 1147 1120 Allexandro
1184 1071 1410 1138 Douglas
1447 1100 1457 1110 ·
1493 1072 1674 1138 Egidie
1710 1072 1869 1120 Lessie
1907 1100 1915 1109 ·
1953 1082 2003 1122 et
2040 1072 2234 1121 Thome

171 1160 396 1225 Douglas
422 1180 594 1212 eorum
618 1164 720 1211 filio
745 1165 1080 1230 primogenito
1106 1194 1116 1204 ·
1144 1182 1413 1229 eorumque
1439 1164 1815 1214 subtenentibus
1845 1192 1854 1202 ·
1886 1165 2144 1229 piscariam
2172 1166 2233 1213 de

170 1253 413 1303 Poudoun
451 1255 675 1321 Laygart
711 1265 760 1305 et
796 1257 1057 1306 dimidium
1095 1257 1250 1306 rethis
1285 1258 1337 1305 in
1373 1258 1424 1323 ly
1458 1257 1675 1323 Fuyrdis
1711 1258 1843 1306 infra
1877 1258 2133 1306 baroniam
2171 1259 2232 1306 de

172 1346 335 1396 Torre
372 1348 424 1395 in
462 1365 592 1412 aqua
627 1349 879 1414 wlgariter
921 1357 1209 1414 nuncupata
1245 1349 1357 1399 Dee
1399 1377 1409 1389 ·
1460 1349 1712 1400 Soluendo
1752 1351 1883 1399 infra
1918 1352 2129 1415 burgum
2171 1352 2232 1399 de

169 1439 395 1488 Abirden
416 1441 479 1488 ad
497 1439 672 1490 festum
690 1441 1055 1506 Affumpcionis
1074 1443 1230 1492 Beate
1250 1442 1413 1491 Marie
1434 1442 1642 1507 virginis
1664 1443 1743 1491 vel
1767 1443 1899 1491 infra
1926 1443 2100 1507 viginti
2128 1443 2232 1491 dies

170 1532 414 1580 sexdecim
440 1533 679 1582 barrellas
705 1534 976 1583 salmonum
1002 1535 1352 1584 sufficiencium
1380 1535 1614 1585 videlicet
1629 1536 1743 1600 full
1761 1537 1882 1599 γεμί
1903 1536 2159 1600 andswez't
2183 1537 2246 1599 (ff

170 1625 251 1673 tlte
271 1625 415 1688 ryclzt
432 1626 563 1689 bynd
584 1626 646 1689 of
660 1627 881 1675 Abz‘rden
918 1655 928 1665 ·
967 1631 996 1674 5
1021 1627 1234 1692 Augusti
1264 1631 1407 1675 1531.

170 1886 324 1959 Idem
361 1909 545 1958 affedat
580 1927 672 1974 pro
708 1910 812 1959 vita
849 1910 962 1958 Ade
999 1909 1200 1958 Peirson
1251 1936 1260 1946 ·
1309 1908 1572 1958 Elizabeth
1608 1908 1766 1958 Fethe
1803 1910 1973 1974 sponse
2009 1909 2090 1958 sue
2134 1938 2142 1946 ·
2184 1918 2232 1958 et

169 2002 429 2051 Bernardo
474 2002 660 2051 Person
705 2002 807 2050 filio
857 2019 1028 2051 eorum
1089 2029 1099 2038 ·
1153 2010 1311 2051 terras
1359 2003 1611 2068 wlgariter
1660 2010 1859 2052 vocatas
1905 2003 2232 2068 Damysdayll

166 2095 387 2143 iacentes
433 2095 567 2143 infra
610 2095 923 2160 regalitatem
977 2095 1038 2144 de
1088 2096 1348 2162 Arbroyth
1405 2097 1537 2146 inter
1584 2104 1743 2145 terras
1792 2097 1982 2146 abbatis
2033 2105 2231 2146 vocatas

167 2187 530 2253 Guthreyshyll
566 2188 628 2236 ad
655 2187 871 2237 austrum
896 2196 946 2237 et
970 2195 1130 2236 terras
1159 2197 1356 2238 vocatas
1380 2189 1432 2255 ly
1460 2188 1808 2255 Cunnyngayr
1834 2190 1898 2238 ad
1922 2189 2228 2238 occidentem

167 2289 216 2328 ct
241 2287 400 2330 terras
425 2280 616 2329 abbatis
642 2281 895 2344 wlgariter
920 2289 1121 2329 vocatas
1146 2281 1226 2330 the
1257 2282 1392 2330 Vard
1413 2290 1462 2330 et
1488 2282 1619 2330 viam
1645 2282 1834 2346 regiam
1860 2282 1924 2330 ad
1950 2282 2191 2330 orientem
2217 2311 2226 2319 -

168 2371 380 2420 termino
400 2371 633 2420 introitus
658 2372 929 2437 incipiente
955 2373 1007 2420 in
1032 2373 1153 2421 festo
1178 2372 1530 2422 Penthecostes
1560 2377 1689 2422 1533
1726 2401 1736 2411 ·
1775 2373 2025 2423 Soluendo
2051 2374 2229 2438 viginti

168 2466 249 2514 sex
270 2465 450 2514 solidos
487 2473 536 2513 et
568 2469 676 2513 08εο
712 2465 943 2514 denarios
968 2474 1166 2514 monete
1198 2466 1370 2515 Scocie
1395 2465 1639 2514 monacho
1666 2465 2035 2514 communitatis
2070 2493 2080 2503 -
2117 2483 2227 2513 cum

123 2539 125 2541 Ι
167 2556 408 2620 potestate
446 2556 784 2606 subaffedandi
826 2565 985 2607 terras
1025 2558 1245 2622 personis
1286 2575 1385 2607 non
1435 2558 1637 2607 maioris
1685 2558 1838 2607 status
1886 2587 1896 2596 -
1946 2561 1976 2605 5
2016 2557 2228 2623 Augusti

172 2652 317 2698 1531.

173 2900 326 2974 Idem
349 2923 599 2989 presentat
633 2923 889 2972 dominum
914 2922 1222 2972 Willelmum
1264 2922 1498 2973 Pettillok
1534 2923 1860 2988 presbiterum
1896 2924 1960 2973 ad
1992 2924 2225 2973 vicariam

172 3023 462 3080 perpetuam
489 3014 692 3065 ecclefie
726 3015 1027 3080 parochialis
1053 3015 1114 3064 de
1140 3014 1373 3064 Rothuen
1398 3014 1767 3064 Dunkeldenfis
1803 3015 2024 3080 dyocesis
2050 3032 2225 3063 vacan-

173 3116 270 3156 tem
295 3123 385 3171 per
409 3113 618 3156 mortem
644 3107 833 3155 domini
857 3106 1038 3155 Jacobi
1066 3106 1239 3171 Crayll
1271 3135 1282 3145 ·
1323 3111 1381 3154 11
1411 3105 1714 3171 Septembris
1742 3111 1883 3155 1531.

1155 3293 1232 3335 3s
