2742 3848
574 347 672 394 508
1021 339 1448 392 REGISTRUM
1484 338 1581 388 DE
1618 337 2182 390 ABERBROTHOC.

574 495 634 527 ex
659 485 800 543 parte
826 475 1123 525 occidentali
1148 475 1209 522 de
1234 473 1286 538 ly
1314 471 1529 536 Cobgait
1564 471 1696 519 inter
1733 479 1892 519 terras
1916 471 1952 521 J
1955 472 2165 522 ohannis
2191 472 2376 523 Farrar
2400 492 2459 524 ex
2485 488 2627 540 parte

571 570 836 620 horientali
863 578 911 618 et
933 577 1091 617 terras
1113 565 1350 615 Malcomi
1380 563 1497 612 Scot
1522 579 1582 611 ex
1606 570 1749 627 parte
1775 563 1978 613 australi
2017 593 2027 604 ·
2065 565 2182 614 item
2204 583 2355 615 vnum
2380 574 2631 617 tenemen-

573 671 676 712 tum
703 671 947 711 terrarum
982 660 1152 708 iacens
1187 658 1239 705 in
1272 656 1448 704 eodem
1483 654 1594 703 loco
1632 672 1691 704 ex
1727 664 1870 720 parte
1908 657 2207 707 occidentali
2235 659 2296 707 de
2321 659 2373 725 ly
2402 659 2631 726 Cobgayt

571 755 704 803 inter
727 762 886 802 terras
921 751 957 800 J
960 750 1170 799 ohannis
1202 748 1386 796 Farrar
1423 763 1484 795 ex
1519 756 1661 810 parte
1697 748 1965 798 horientali
1990 758 2040 800 et
2064 759 2223 800 terras
2248 751 2487 801 Malcomi
2515 752 2632 802 Scot

573 865 630 895 ex
656 855 797 911 parte
823 844 1024 893 australi
1049 870 1059 880 ·
1080 843 1199 891 item
1225 842 1348 890 duas
1385 841 1432 905 ly
1457 841 1608 904 rudys
1632 849 1880 890 terrarum
1904 843 2124 893 iacentes
2149 861 2210 894 ex
2234 853 2376 909 parte
2403 846 2630 895 occiden-

571 941 656 988 tali
683 941 743 987 de
769 940 820 1003 ly
849 937 1062 1003 Cobgait
1096 937 1229 985 inter
1265 944 1425 984 terras
1462 933 1669 982 Roberti
1697 933 1816 984 Scot
1853 951 1913 984 ex
1935 944 2079 1000 parte
2103 937 2371 987 horientali
2398 947 2446 987 et
2473 947 2632 987 terras

572 1031 810 1079 Willelmi
858 1029 1115 1079 Dauidson
1165 1046 1225 1077 ex
1271 1036 1416 1093 parte
1465 1025 1667 1076 australi
1710 1056 1720 1066 -
1765 1028 1882 1078 item
1925 1047 2074 1078 vnum
2118 1049 2338 1080 annuum
2379 1033 2628 1082 redditum

569 1126 778 1173 duorum
818 1124 1081 1172 solidorum
1116 1124 1177 1171 de
1209 1138 1303 1170 vno
1340 1128 1627 1170 tenemento
1660 1122 1855 1170 iacente
1881 1139 1939 1171 ex
1966 1130 2108 1187 parte
2146 1124 2446 1173 occidentali
2481 1125 2543 1173 de
2579 1125 2630 1190 ly

571 1217 782 1282 Cobgait
818 1217 949 1265 inter
986 1223 1145 1264 terras
1182 1215 1389 1262 Andree
1429 1211 1635 1278 Seygait
1671 1230 1730 1262 ex
1766 1222 1908 1278 parte
1934 1215 2201 1266 horientali
2238 1223 2287 1265 et
2329 1217 2376 1282 ly
2411 1234 2630 1266 common

562 1317 686 1375 ξομε
715 1316 940 1358 vocatam
984 1307 1252 1373 Brydokys
1278 1306 1453 1372 Wynd
1492 1321 1554 1354 ex
1591 1313 1734 1370 parte
1773 1307 1977 1357 australi
2016 1338 2026 1348 ·
2070 1309 2188 1359 item
2220 1327 2372 1358 vnum
2410 1328 2629 1360 annuum

566 1403 813 1451 redditum
848 1403 930 1450 sex
966 1401 1232 1449 solidorum
1271 1400 1333 1448 de
1361 1416 1457 1447 vno
1494 1406 1779 1449 tenemento
1814 1400 2011 1450 iacente
2034 1402 2088 1450 in
2117 1401 2170 1467 ly
2195 1402 2428 1468 Newgait
2453 1412 2629 1453 vocato

568 1495 773 1544 Bawtak
799 1496 929 1544 inter
954 1503 1113 1543 terras
1138 1493 1346 1542 Andree
1375 1491 1582 1557 Seygait
1620 1509 1681 1540 ex
1715 1501 1858 1556 parte
1899 1494 2199 1544 occidentali
2239 1502 2289 1544 et
2326 1497 2373 1560 ly
2407 1513 2629 1545 common

560 1598 685 1655 gayt
706 1607 763 1638 ex
789 1597 931 1654 parte
957 1587 1188 1637 orientali
1213 1614 1223 1624 ·
1249 1587 1368 1636 item
1387 1602 1541 1635 vnum
1559 1593 1899 1635 tenementum
1918 1587 2086 1637 iacens
2111 1605 2172 1636 ex
2196 1595 2338 1653 parte
2363 1589 2627 1638 horientali

566 1684 625 1731 de
670 1683 716 1745 ly
759 1681 963 1748 Seygait
1006 1681 1139 1730 inter
1185 1688 1345 1729 terras
1384 1678 1630 1728 Willelmi
1671 1678 1790 1728 Scot
1828 1697 1888 1729 ex
1927 1688 2067 1745 parte
2107 1681 2335 1730 orientali
2382 1690 2431 1731 et
2469 1690 2627 1731 terras

565 1776 599 1824 J
603 1776 810 1824 ohannis
838 1774 1009 1840 Crayk
1035 1792 1094 1822 ex
1119 1781 1263 1838 parte
1290 1771 1590 1822 occidentali
1627 1803 1638 1813 ·
1674 1774 1794 1822 item
1821 1791 1971 1822 vnum
1998 1791 2218 1823 annuum
2243 1774 2493 1824 redditum
2519 1778 2626 1823 oeto

564 1868 828 1916 solidorum
856 1876 905 1916 et
930 1871 1038 1915 0830
1064 1867 1384 1915 denariorum
1411 1867 1472 1916 de
1494 1885 1591 1917 vno
1618 1873 1904 1917 tenemento
1929 1866 2126 1915 iacente
2147 1883 2208 1914 ex
2225 1874 2367 1931 parte
2393 1868 2625 1916 orientali

563 1961 623 2008 de
649 1960 700 2025 ly
727 1960 1050 2024 Merkatgayt
1085 1959 1216 2007 inter
1241 1967 1401 2008 terras
1433 1959 1645 2010 Patricii
1674 1959 1822 2010 Seras
1847 1976 1907 2008 ex
1933 1967 2074 2023 parte
2102 1959 2367 2008 horientali
2393 1968 2441 2009 et
2466 1969 2625 2009 terras

562 2053 749 2102 domini
774 2054 835 2102 de
859 2053 1053 2102 Guthre
1080 2070 1140 2101 ex
1164 2060 1307 2117 parte
1333 2052 1564 2101 orientali
1591 2060 1641 2101 et
1665 2060 1824 2101 terras
1847 2050 2035 2113 domini
2061 2050 2235 2099 Dauid
2262 2050 2379 2102 Seot
2404 2069 2464 2101 ex
2483 2061 2623 2117 parte

564 2145 861 2194 occidentali
910 2173 919 2181 ·
967 2146 1086 2193 item
1124 2162 1271 2193 vnum
1317 2162 1536 2194 annuum
1573 2144 1824 2195 redditum
1862 2143 2035 2192 decem
2071 2143 2390 2192 denariorum
2429 2145 2490 2194 de
2528 2163 2624 2194 vna

561 2239 704 2303 pecia
729 2246 862 2287 terre
884 2239 1080 2287 iacente
1106 2256 1164 2286 ex
1190 2247 1331 2302 parte
1374 2238 1637 2287 borientali
1678 2237 1740 2285 de
1781 2235 1892 2286 Our
1933 2235 2071 2284 Lade
2111 2235 2257 2300 Loyn
2298 2236 2429 2285 inter
2464 2250 2622 2287 terras

560 2331 739 2394 prioris
765 2332 825 2379 de
852 2330 974 2396 May
1001 2347 1059 2378 ex
1083 2339 1226 2395 parte
1252 2331 1552 2380 occidentali
1578 2338 1627 2380 et
1651 2338 1811 2379 terras
1830 2328 2074 2377 Willelmi
2100 2328 2372 2378 Harrower
2397 2347 2457 2378 ex
2480 2340 2621 2395 parte

562 2424 792 2472 orientali
831 2453 841 2463 ·
882 2423 1000 2472 item
1045 2424 1167 2471 duas
1206 2424 1253 2488 ly
1288 2425 1441 2488 rudys
1476 2430 1723 2473 terrarum
1759 2422 1982 2471 iacentes
2018 2438 2079 2469 ex
2103 2428 2245 2485 parte
2270 2422 2534 2471 borientali
2558 2423 2620 2472 de

564 2514 671 2564 Our
698 2515 956 2580 Ladylone
988 2516 1118 2564 inter
1153 2523 1313 2564 terras
1349 2515 1557 2565 Andree
1586 2513 1792 2580 Seygait
1828 2530 1889 2563 ex
1919 2521 2061 2577 parte
2087 2512 2318 2562 orientali
2343 2522 2392 2563 et
2414 2514 2620 2564 Andree

564 2606 768 2670 Seygait
815 2624 874 2654 ex
920 2615 1063 2670 parte
1112 2607 1411 2655 occidentali
1458 2634 1468 2644 ·
1514 2607 1632 2656 item
1675 2624 1827 2656 vnum
1874 2622 2094 2654 annuum
2142 2606 2391 2654 redditum
2441 2607 2618 2672 viginti

560 2698 877 2747 denariorum
906 2699 967 2746 de
993 2705 1276 2746 tenemento
1311 2697 1347 2746 J
1350 2698 1557 2747 ohannis
1583 2699 1884 2764 Paramorys
1920 2697 2115 2746 iacente
2138 2715 2198 2746 ex
2222 2705 2365 2762 parte
2391 2699 2618 2748 occiden-

560 2791 644 2839 tali
673 2791 734 2838 de
760 2789 978 2838 Brothac
1004 2797 1053 2838 et
1095 2790 1141 2854 ly
1177 2806 1398 2839 common
1427 2797 1556 2855 gayt
1588 2808 1646 2840 ex
1678 2798 1821 2856 parte
1848 2789 2080 2838 orientali
2104 2790 2166 2838 de
2192 2789 2410 2839 Brothao
2449 2817 2459 2827 ·
2504 2790 2617 2849 Qua

559 2882 897 2947 refignacione
934 2881 999 2930 fic
1034 2881 1165 2930 faeta
1198 2881 1330 2929 idem
1362 2882 1575 2931 balliuus
1612 2882 1813 2932 safinam
1852 2882 2095 2931 difflmrum
2132 2890 2529 2932 tenementorum
2567 2893 2616 2932 et

559 2991 836 3024 annuorum
884 2973 1167 3022 reddituum
1215 2973 1344 3021 dieto
1384 2973 1593 3023 Carrolo
1642 2984 1691 3025 et
1738 2975 2028 3040 Margarete
2078 2974 2412 3040 Ouchtirlony
2446 2975 2614 3040 sponse

558 3070 639 3117 sue
683 3075 732 3116 et
773 3066 1038 3115 heredibus
1082 3065 1213 3113 inter
1253 3065 1381 3130 ipsos
1427 3067 1702 3130 procreatis
1746 3067 1925 3131 quibus
1963 3067 2305 3116 deficientibus
2353 3068 2416 3116 ad
2457 3067 2612 3116 altare

562 3160 729 3210 Sanffi
756 3159 803 3208 N
809 3158 990 3207 icholai
1015 3175 1105 3222 per
1131 3157 1397 3206 Carrolum
1433 3158 1693 3208 fundatum
1734 3166 1784 3208 et
1818 3159 1950 3208 infra
1975 3159 2214 3223 capellam
2243 3158 2423 3209 Sanete
2449 3159 2610 3208 Marie
