2762 3834
586 389 1017 441 REGISTRUM
1050 390 1148 439 DE
1184 389 1747 441 ABERBROTHOC.
2135 390 2196 445 97

135 520 384 587 wlgariter
426 515 632 570 vocatur
670 523 717 572 le
760 524 971 573 Furdhil
1007 525 1068 573 de
1110 524 1394 591 Crawquhy
1433 525 1579 590 vsque
1611 526 1676 574 ad
1707 525 1956 589 quendam
1980 523 2197 588 lapidem

135 613 409 678 vulgariter
450 622 791 679 nuncupatum
829 616 876 665 le
918 616 1193 666 Porkstane
1219 646 1229 656 ·
1256 625 1306 666 et
1344 618 1407 667 fic
1447 618 1759 666 ascendendo
1793 635 1823 666 a
1861 616 2198 681 dic-'tolapide

134 706 292 753 eciam
318 707 484 754 versus
509 708 711 756 boream
736 725 826 772 per
851 709 972 758 alias
995 718 1151 759 metas
1177 710 1326 775 vsque
1346 712 1408 760 ad
1433 693 1801 760 riuulumv-infle
1825 710 2169 778 GaVffibzglene
2187 739 2197 750 ·

134 804 183 845 et
219 797 283 846 fic
318 797 627 847 ascendendo
670 801 836 848 versus
873 801 1183 851 occidentem
1221 804 1523 857 ettenendo
1559 786 1838 869 predictum
1864 803 2083 851 riuulum
2105 819 2198 867 pro

132 889 358 938 marchia
383 876 531 955 irsque
567 892 892 956 perueniatur
928 895 992 941 ad
1026 894 1073 942 le
1099 894 1420 962 Welstrynde
1447 897 1700 963 wlgariter
1736 880 2040 961 appellatum
2077 896 2198 946 Car-

134 983 280 1047 dynis
306 983 471 1032 Well·
500 993 549 1033 et
579 984 645 1034 fic
682 986 993 1035 ascendendo
1021 988 1184 1035 versus
1219 990 1421 1038 boream
1456 1007 1547 1054 per
1579 990 1702 1039 alias
1733 997 1890 1038 metas
1915 989 2073 1038 eciam
2107 1006 2198 1053 per

133 1074 284 1138 ipsam
312 1075 499 1124 affisam
524 1076 705 1141 positas
731 1078 879 1142 Vsque
903 1079 1227 1142 perueniatur
1251 1088 1444 1130 tantum
1471 1082 1534 1129 ad
1562 1082 1692 1130 viam
1716 1081 1907 1147 regiam
1933 1099 2028 1145 que
2059 1080 2198 1129 ducit

134 1169 196 1216 ab
238 1168 622 1236 Ouchtirlowny
661 1172 725 1219 ad
760 1171 940 1219 Forfar
981 1200 991 1210 ·
1037 1172 1152 1230 Qua
1192 1172 1628 1235 perambulacione
1667 1211 1675 1221 .
1720 1210 1729 1220 .
1774 1211 1783 1221 .
1823 1173 1955 1220 faeta
1996 1188 2086 1219 nos
2135 1171 2196 1219 de

135 1261 295 1309 officio
317 1261 484 1309 nostro
508 1263 808 1325 proclamari
834 1263 1041 1311 fecimus
1076 1280 1166 1327 per
1202 1264 1491 1329 magistrum
1527 1264 1700 1313 Dauid
1738 1265 1935 1314 Guthre
1971 1266 2033 1313 de
2071 1264 2196 1313 Kin-

135 1353 357 1427 caldrum
386 1355 729 1403 vicecomitem
758 1357 819 1403 de
844 1355 886 1403 F
889 1356 1023 1403 orfar
1062 1394 1071 1403 .
1107 1394 1116 1404 .
1152 1395 1161 1404 .
1195 1374 1258 1404 ne
1298 1357 1407 1420 quis
1443 1357 1661 1421 prefatas
1686 1367 1842 1406 metas
1884 1395 1894 1405 .
1938 1395 1947 1405 .
1992 1396 2001 1406 .
2039 1374 2197 1405 remo-

136 1454 276 1494 ueret
302 1446 382 1494 vel
408 1446 684 1494 destrueret
709 1448 793 1495 sub
820 1447 955 1494 omni
978 1465 1107 1511 pena
1133 1487 1142 1496 .
1181 1487 1190 1497 .
1229 1488 1238 1496 .
1277 1456 1326 1497 et
1351 1449 1485 1511 quod
1510 1448 1637 1496 diue
1656 1456 1822 1513 partes
1849 1466 1930 1497 eas
1950 1450 2010 1497 de
2031 1457 2197 1498 cetero

133 1537 342 1586 firmiter
386 1538 704 1586 obseruarent
741 1577 750 1586 .
789 1578 798 1588 .
838 1577 847 1587 .
888 1538 1082 1596 Quibus
1121 1539 1172 1587 in
1215 1539 1438 1588 veritatis
1480 1539 1814 1588 testimonium
1849 1540 2008 1606 figilla
2031 1540 2199 1589 nostra

135 1648 232 1679 vna
258 1649 367 1680 cum
409 1631 578 1697 sigillis
605 1633 918 1696 quorundam
952 1633 1289 1696 predi&orum
1328 1632 1571 1680 baronum
1597 1639 1647 1680 et
1671 1632 2110 1681 liberetenencium
2137 1633 2197 1680 de

134 1723 269 1772 assisa
293 1723 345 1771 in
373 1724 664 1772 euidencius
690 1723 1024 1773 testimonium
1045 1724 1354 1789 presentibus
1379 1724 1489 1773 sunt
1514 1726 1730 1790 appensa
1755 1764 1764 1773 .
1805 1765 1812 1773 .
1851 1764 1860 1774 .

136 1960 478 2048 Innerbundy
505 1990 750 2031 terrarum
775 1982 1016 2031 affedacio
1042 2000 1152 2031 cum
1177 1982 1372 2031 brafina
1398 1990 1447 2032 et
1472 1981 1678 2031 decimis
1704 1982 1928 2031 alborum
1954 1982 2175 2047 piscium.

136 2145 417 2217 Vniuerfis
465 2174 634 2232 pateat
677 2206 686 2216 .
737 2207 745 2216 .
796 2205 806 2215 .
850 2184 940 2215 nos
980 2166 1286 2217 Malcomum
1330 2208 1339 2218 .
1389 2209 1397 2218 .
1450 2209 1458 2218 .
1509 2170 1737 2219 abbatem
1783 2211 1792 2219 .
1845 2209 1854 2218 .
1903 2170 2007 2218 .de
2051 2169 2200 2217 Abir-

136 2261 346 2310 brothoc
386 2300 395 2310 .
429 2300 438 2309 .
474 2301 482 2310 .
520 2261 747 2310 affedaffe
778 2301 787 2310 .
828 2301 836 2310 .
877 2300 886 2309 .
914 2260 1170 2310 Willelmo
1196 2262 1364 2328 Pyper
1389 2300 1399 2311 .
1440 2300 1450 2311 .
1492 2301 1502 2311 .
1535 2271 1694 2311 terras
1719 2262 1911 2310 nostras
1937 2263 1999 2310 de
2025 2261 2198 2310 Inner-

137 2356 309 2421 bundy
336 2373 446 2404 cum
474 2356 679 2405 decimis
703 2355 991 2422 garbalibus
1018 2355 1231 2404 eiusdem
1259 2362 1308 2404 et
1330 2356 1546 2405 decimas
1584 2355 1807 2404 alborum
1843 2354 2050 2419 piscium
2088 2371 2197 2403 cum

137 2439 273 2498 terra
298 2456 348 2498 et
370 2449 603 2498 libertate
639 2450 832 2498 brafine
873 2487 883 2497 .
925 2486 935 2497 .
975 2487 986 2497 .
1024 2466 1115 2513 pro
1153 2455 1258 2496 toto
1299 2454 1521 2512 tempore
1559 2447 1659 2496 vite
1692 2448 1774 2496 sue
1812 2448 1875 2496 fic
1912 2447 2045 2511 quod
2084 2484 2095 2495 .
2136 2483 2146 2494 .
2187 2484 2196 2494 .

136 2542 319 2589 bonum
346 2550 395 2591 et
432 2541 673 2591 sufficiens
711 2541 1049 2590 molendinum
1076 2541 1209 2589 infra
1234 2558 1383 2589 vnum
1422 2558 1608 2589 annum
1643 2540 1751 2605 post
1785 2540 2045 2589 introitum
2086 2576 2096 2586 .
2136 2577 2145 2587 .
2188 2576 2197 2587 .

134 2635 350 2684 interra
372 2635 542 2685 nostra
564 2636 787 2700 predicta
813 2636 1084 2700 sumptibus
1117 2634 1212 2682 suis
1251 2671 1262 2682 .
1303 2671 1314 2682 .
1356 2671 1366 2681 .
1404 2633 1602 2682 edificet
1643 2632 1977 2697 quodquidem
2014 2631 2198 2679 molen-

135 2727 308 2775 dinum
348 2765 358 2775 .
399 2765 409 2775 .
450 2765 460 2776 .
498 2728 550 2776 in
591 2729 818 2777 omnibus
857 2728 1138 2777 necessariis
1180 2727 1470 2775 sustentabit
1506 2755 1516 2765 ·
1555 2727 1769 2775 termino
1810 2743 1928 2774 vero
1965 2724 2198 2773 introitus

189 2858 201 2867 .
243 2857 253 2867 .
286 2819 557 2883 incipiente
583 2821 647 2868 ad
672 2820 848 2869 festum
873 2820 1229 2869 Pentechostes
1254 2820 1421 2867 datam
1445 2818 1756 2883 presencium
1785 2855 1795 2866 .
1829 2855 1840 2866 .
1878 2855 1888 2865 .
1914 2816 2197 2864 immediate

128 2913 343 2977 ,sequens
383 2950 393 2960 .
435 2949 446 2960 .
486 2949 498 2960 .
539 2911 789 2961 Soluendo
829 2951 839 2961 .
886 2951 897 2961 .
953 2950 963 2961 .
1002 2921 1214 2978 quatuor
1249 2911 1403 2960 libras
1429 2911 1607 2959 vsualis
1632 2919 1828 2958 monete
1851 2909 1995 2974 regni
2025 2908 2197 2958 Scocie

137 3006 201 3054 ad
226 3006 347 3053 duos
373 3004 491 3053 anni
517 3004 754 3053 terminos
780 3005 1037 3054 consuetos
1088 3043 1098 3054 .
1150 3043 1161 3053 .
1214 3041 1223 3051 .
1266 3021 1364 3052 vna
1389 3021 1501 3052 cum
1527 3003 1759 3051 oneribus
1783 3002 2148 3050 husbandorum
2185 3029 2194 3037 ·

139 3098 248 3146 Nec
272 3097 445 3146 licebit
483 3134 493 3145 .
533 3134 544 3144 .
585 3134 596 3145 .
634 3095 889 3145 Willelmo
928 3134 938 3144 .
980 3134 990 3144 .
1031 3134 1042 3145 .
1077 3104 1237 3146 terras
1274 3134 1285 3144 .
1326 3133 1337 3144 .
1379 3133 1390 3144 .
1425 3096 1574 3144 alicui
1599 3095 1806 3160 persone
1831 3093 2047 3143 affedare
2081 3130 2091 3142 .
2132 3129 2142 3139 .
2183 3129 2193 3139 .

127 3189 235 3241 fine
260 3188 473 3237 licencia
495 3186 664 3236 nostra
688 3186 888 3251 speciali
931 3224 941 3235 .
989 3225 999 3235 .
1046 3225 1056 3235 .
1096 3187 1322 3237 cottariis
1349 3188 1590 3237 duntaxat
1616 3186 1835 3250 exceptis
1872 3215 1881 3225 ·
1920 3185 1985 3233 Et
2010 3183 2043 3231 fi
2080 3221 2090 3231 .
2131 3220 2140 3230 .
2181 3219 2191 3229 .

1143 3296 1174 3326 N
