2762 3834
607 413 1037 465 REGISTRUM
1072 413 1170 463 DE
1206 414 1772 468 ABERBROTHOC.
2166 426 2224 477 17

2026 555 2117 581 .....

151 549 410 598 solutionis
435 549 709 614 incipiente
735 550 800 598 ad
825 549 1000 598 festum
1040 548 1360 599 Pentecostes
1397 567 1529 599 anno
1565 551 1726 616 gratie
1748 559 1816 601 m⁰
1841 559 1947 603 ccc⁰
1971 554 2098 604 xhiu
2140 584 2151 594 ·
2176 564 2225 606 et

147 644 281 692 idem
307 643 530 693 Thomas
555 662 585 693 a
607 645 770 710 primo
797 644 877 693 die
913 643 1148 693 introitus
1184 642 1256 691 sui
1291 643 1345 692 in
1382 643 1537 692 dietas
1572 644 1717 694 villas
1754 646 1970 697 fideliter
2007 658 2225 714 apponet

147 754 320 786 omnes
347 738 478 787 vires
504 739 614 787 suas
636 739 699 787 ad
723 737 1008 786 faciendum
1034 754 1205 786 omnes
1229 734 1373 783 villas
1406 735 1653 800 predi6tas
1690 738 1914 787 edificari
1949 747 1998 788 et
2033 739 2224 790 inhabi—

148 830 244 880 tari
271 848 420 895 quam
454 831 608 880 cicius
645 838 694 880 et
730 848 878 895 quam
915 829 1242 878 sufficiencius
1276 827 1463 893 poterit
1501 835 1551 877 et
1587 827 1641 877 in
1677 829 1776 879 fine
1814 832 2017 881 termini
2051 833 2125 882 sui
2160 835 2225 883 ad

147 924 311 974 minus
346 925 401 974 in
437 942 735 990 vnaquaque
771 924 892 973 villa
927 940 1076 972 vnam
1113 923 1314 971 domum
1350 914 1706 971 husbandalem
1746 925 2067 975 sufficientem
2110 945 2222 976 cum

149 1033 295 1065 orreo
328 1017 588 1066 sufficienti
622 1017 840 1066 dimittet
877 1016 958 1065 vel
992 1015 1218 1081 precium
1257 1021 1449 1063 tantum
1488 1015 1627 1064 dabit
1666 1016 1906 1082 religiosis
1943 1018 2123 1068 eisdem
2162 1039 2221 1070 ex

148 1126 246 1173 quo
273 1109 394 1159 talia
419 1109 617 1158 edificia
640 1108 818 1174 poffint
842 1109 953 1157 fieri
989 1115 1331 1172 competenter
1354 1136 1366 1146 ·
1391 1108 1474 1157 vbi
1500 1126 1621 1157 uero
1645 1110 1791 1175 plura
1814 1111 2000 1161 fuerint
2026 1113 2222 1163 edificia

148 1220 248 1252 non
273 1203 446 1252 licebit
472 1203 635 1251 eidem
656 1201 851 1249 Thome
878 1201 958 1250 vel
982 1200 1232 1265 assignatis
1250 1200 1576 1266 infrascriptis
1595 1203 1928 1268 quodcunque
1948 1207 2220 1255 eorundem

148 1296 460 1345 edificiorum
476 1294 764 1359 aliqualiter
779 1294 1033 1359 asportare
1057 1323 1068 1333 ·
1091 1292 1360 1341 Inuenient
1380 1293 1528 1342 etiam
1547 1294 1679 1342 idem
1696 1294 1915 1344 Thomas
1932 1303 1981 1345 et
1996 1296 2222 1363 affignati

144 1389 451 1453 infrascripti
486 1387 760 1452 sumptibus
798 1386 896 1435 suis
935 1386 1116 1434 eisdem
1154 1384 1397 1449 religiosis
1436 1393 1485 1435 et
1524 1386 1712 1435 familie
1749 1404 1920 1436 eorum
1945 1389 2025 1439 vel
2050 1407 2219 1440 eorum

146 1481 394 1547 aliquibus
433 1499 546 1530 cum
583 1481 648 1530 ad
683 1488 870 1529 terram
895 1478 1125 1527 venerint
1148 1477 1410 1526 honestum
1433 1477 1699 1543 hospitium
1722 1480 1964 1531 lettirium
1989 1489 2038 1532 et
2061 1484 2220 1533 focale

146 1592 205 1624 ac
244 1574 492 1640 foragium
530 1590 622 1639 pro
664 1572 805 1638 equis
846 1580 1071 1636 tempore
1100 1570 1282 1635 foragii
1308 1578 1358 1619 et
1380 1571 1674 1637 herbagium
1710 1580 1933 1638 tempore
1956 1575 2183 1642 herbagii
2210 1608 2218 1618 -

146 1667 325 1718 Exitus
352 1685 471 1716 vero
502 1666 755 1716 curiarum
781 1673 830 1715 et
855 1664 1080 1713 eschaete
1118 1662 1356 1712 dictarum
1395 1664 1628 1713 villarum
1665 1666 1845 1716 cedent
1879 1667 1930 1716 in
1970 1670 2078 1717 vsus
2113 1687 2222 1735 pre-

147 1763 266 1812 dieti
305 1761 500 1811 Thome
542 1769 865 1827 preterquam
907 1759 960 1807 in
1000 1757 1217 1823 querelis
1252 1758 1621 1824 pertinentibus
1659 1760 1725 1808 ad
1762 1777 1998 1811 coronam
2034 1771 2082 1812 et
2118 1771 2223 1814 tan-

144 1856 378 1923 gentibus
415 1856 569 1905 vitam
605 1863 655 1904 et
690 1855 916 1903 membra
957 1882 968 1892 ·
1016 1851 1070 1902 Si
1107 1868 1227 1900 vero
1265 1850 1526 1917 contingat
1560 1852 1811 1917 prefatum
1838 1853 2085 1904 Thomam
2109 1865 2222 1905 ante

146 1950 334 1999 exitum
358 1948 570 2015 predicti
595 1946 799 1998 termini
824 1946 877 1995 in
902 1945 1006 1994 fata
1041 1945 1286 1994 decedere
1321 1943 1357 1994 J
1360 1944 1581 1995 ohannes
1607 1946 1669 1996 de
1694 1945 1905 1996 Rocnek
1930 1956 1980 1998 et
2005 1948 2225 2000 Mariota

145 2061 281 2093 nunc
322 2059 447 2092 vxor
490 2042 609 2091 dia-„i
653 2040 849 2090 Thome
892 2038 1133 2104 quamdiu
1176 2038 1327 2088 vidua
1367 2039 1520 2089 fuerit
1560 2039 1614 2089 in
1657 2042 2042 2092 conuentionem
2082 2043 2221 2093 istam

146 2137 307 2187 eidem
350 2134 547 2184 Thome
588 2133 855 2183 succedent
895 2131 946 2180 in
990 2138 1150 2181 totum
1190 2148 1315 2182 onus
1357 2139 1407 2181 et
1449 2133 1838 2183 emolumentum
1878 2136 2221 2185 conuentionis

144 2229 284 2279 istius
309 2227 605 2278 durantibus
630 2226 773 2276 dietis
798 2225 972 2274 decem
1009 2224 1153 2274 annis
1191 2225 1255 2275 ad
1290 2224 1575 2274 faciendum
1614 2225 1781 2286 omnia
1816 2233 1866 2275 et
1900 2226 2091 2293 singula
2126 2246 2220 2292 que

146 2325 336 2374 faceret
369 2324 504 2373 idem
542 2322 766 2371 Thomas
805 2319 838 2368 si
876 2320 1027 2384 vsque
1063 2319 1128 2368 ad
1164 2318 1351 2368 exitum
1388 2317 1507 2367 dieti
1542 2318 1746 2367 termini
1780 2319 1881 2384 ipse
1908 2321 2220 2386 contingeret

146 2416 388 2483 superesse
427 2444 439 2456 ·
480 2415 542 2465 In
566 2415 667 2465 fine
694 2431 813 2464 vero
837 2411 1021 2479 prefati
1058 2412 1261 2462 termini
1296 2412 1376 2461 vel
1413 2419 1528 2460 ante
1566 2428 1659 2460 nec
1697 2412 1827 2460 idem
1872 2412 2092 2463 Thomas
2127 2432 2219 2464 nec

147 2512 268 2560 dicti
294 2510 521 2577 assignati
546 2509 764 2574 aliquem
789 2506 1157 2556 inhabitantem
1182 2505 1337 2555 di&as
1362 2504 1506 2554 villas
1540 2503 1848 2569 instigabunt
1873 2514 1957 2553 aut
1981 2505 2220 2554 inducent

148 2605 315 2669 aliquo
358 2604 507 2653 modo
552 2610 605 2651 vt
647 2601 793 2650 villas
834 2599 1067 2649 deserant
1106 2598 1412 2665 supradi&as
1451 2596 1604 2646 immo
1644 2595 1810 2662 potius
1853 2596 2127 2646 suadebunt
2167 2608 2220 2647 ut

147 2699 393 2748 refideant
418 2697 470 2746 in
496 2696 679 2746 eisdem
717 2724 728 2735 ·
765 2694 1008 2744 Preterea
1031 2692 1163 2741 idem
1191 2690 1413 2740 Thomas
1443 2689 1583 2738 tausis
1608 2689 1925 2751 sacrosanffis
1949 2690 2218 2755 euangeliis

148 2791 311 2840 eidem
336 2791 539 2840 domino
566 2789 734 2839 abbati
754 2787 949 2853 jurauit
974 2786 1109 2851 quod
1133 2784 1221 2850 ipfi
1247 2790 1296 2833 et
1322 2782 1593 2832 conuentui
1629 2781 1702 2830 sui
1738 2799 1797 2830 ac
1834 2799 2006 2830 eorum
2038 2783 2218 2831 succes-

147 2885 336 2934 soribus
361 2884 463 2950 ipse
490 2891 539 2932 et
564 2882 685 2932 dicti
721 2880 948 2947 assignati
984 2880 1198 2929 durante
1234 2875 1448 2925 termino
1483 2881 1747 2940 prenotato
1781 2874 1928 2923 fidele
1964 2874 2217 2923 confilium

148 2984 197 3026 et
221 2977 461 3026 auxilium
485 2975 779 3042 prestabunt
804 2982 855 3023 et
878 2972 1116 3037 precipue
1141 2969 1273 3018 infra
1294 2976 1463 3035 partes
1488 2966 1571 3016 del
1605 2965 1814 3032 Mernys
1850 2967 2216 3015 manutenendo

151 3077 200 3119 et
224 3070 542 3119 defendendo
564 3068 824 3117 libertates
849 3074 899 3114 et
922 3063 1190 3131 priuilegia
1209 3062 1456 3110 difflmrum
1479 3057 1822 3123 religiosorum
1847 3057 2215 3122 presentemque

152 3163 537 3213 conuentionem
562 3162 614 3211 in
644 3161 873 3210 omnibus
898 3159 994 3208 suis
1018 3155 1214 3223 punctis
1250 3161 1301 3203 ct
1335 3150 1560 3201 articulis
1594 3149 1811 3198 fideliter
1843 3149 2170 3197 obseruabunt
2205 3175 2214 3184 ·

150 3255 212 3304 In
238 3273 450 3321 quorum
475 3254 698 3303 omnium
723 3251 1058 3303 testimonium
1085 3266 1184 3299 vna
1206 3263 1323 3312 pars
1348 3243 1589 3310 present-is
1614 3241 1959 3292 conuentionis
1984 3240 2214 3305 bipartite

1172 3356 1198 3388 c
