2762 3834
445 780 543 824 453

442 2164 538 2208 454

593 368 688 418 :364
1042 366 1467 418 REGISTRUM
1501 365 1598 414 DE
1635 364 2190 417 ABERBROTHOC.

586 571 912 646 Northterre
934 593 1091 642 tercia
1113 608 1229 656 pars
1254 589 1498 639 affedatur
1525 588 1778 654 Stephano
1806 590 1994 658 Smyth.

596 818 605 828 .
642 819 651 828 .
689 817 699 827 .
735 778 911 826 Pateat
947 814 957 824 .
994 815 1004 824 .
1044 812 1055 823 .
1092 792 1181 822 nos
1208 773 1484 837 Georgium
1520 809 1531 820 .
1570 813 1579 822 .
1619 812 1628 822 .
1666 756 1893 825 abbatem
1929 814 1940 825 .
1978 815 1987 825 .
2027 815 2036 825 .
2078 777 2140 825 de
2163 776 2501 827 Abirbrothoc
2535 816 2545 826 .
2585 816 2595 827 .

595 867 818 918 affedafl'e
869 906 879 916 .
939 906 949 916 .
1009 906 1018 915 .
1072 864 1324 931 Stephano
1360 864 1537 931 Smyth
1587 905 1597 916 .
1660 905 1671 915 .
1728 905 1738 915 .
1790 867 1996 917 terciam
2031 875 2222 933 partem
2253 876 2498 917 terrarum
2526 869 2641 918 ville

593 961 755 1010 nostre
780 961 841 1009 de
867 959 1169 1008 Northterre
1205 997 1215 1007 .
1253 995 1264 1007 .
1302 995 1315 1009 .
1357 957 1608 1008 Soluendo
1651 996 1662 1008 .
1703 997 1714 1008 .
1752 998 1762 1008 .
1802 960 2134 1024 quadraginta
2156 967 2367 1025 quatuor
2391 960 2569 1009 solidos
2594 969 2643 1009 et

595 1071 623 1101 v
656 1053 690 1100 d
725 1069 837 1100 cum
861 1051 1008 1100 obulo
1051 1090 1060 1100 .
1111 1090 1120 1099 .
1163 1090 1172 1100 .
1214 1057 1412 1099 monete
1454 1090 1464 1101 .
1508 1090 1517 1100 .
1557 1091 1566 1100 .
1617 1051 1791 1101 Scocie
1816 1053 1881 1101 ad
1923 1090 1934 1101 .
1986 1090 1997 1101 .
2049 1090 2060 1101 .
2108 1052 2232 1102 festa
2255 1052 2569 1103 Pentecostes
2594 1063 2643 1103 et

595 1144 760 1195 Sancti
797 1143 1006 1193 Martini
1050 1181 1061 1191 .
1105 1180 1116 1191 .
1162 1180 1173 1191 .
1214 1150 1264 1191 et
1303 1144 1425 1192 duas
1465 1143 1656 1192 celdras
1695 1162 1964 1195 auenarum
2007 1145 2231 1194 mensure
2267 1145 2363 1194 fori
2398 1146 2643 1195 currentis

589 1254 698 1285 cum
724 1243 935 1300 quatuor
960 1236 1230 1300 caponibus
1257 1245 1306 1285 et
1330 1236 1537 1285 totidem
1561 1236 1711 1301 pulh’s
1735 1236 1916 1286 adultis
1940 1245 2167 1302 rynmart
2191 1247 2241 1288 et
2266 1238 2434 1303 wedyr
2459 1246 2508 1287 et
2532 1238 2641 1287 aliis

586 1328 950 1378 husbandorum
975 1328 1208 1377 oneribus
1249 1365 1260 1377 .
1305 1365 1317 1377 .
1363 1366 1374 1377 .
1417 1328 1484 1378 Et
1507 1329 1543 1378 fi
1568 1330 1825 1395 contingat
1855 1331 2131 1395 predidmm
2176 1369 2187 1379 .
2227 1368 2239 1379 .
2278 1368 2290 1380 .
2334 1331 2439 1380 fore
2474 1331 2643 1380 inobe-

587 1421 803 1470 dientem
827 1428 912 1469 aut
932 1420 1060 1470 male
1084 1421 1453 1485 persoluentem
1497 1460 1508 1470 .
1557 1460 1568 1471 .
1608 1460 1619 1471 .
1662 1421 1831 1471 licebit
1854 1423 1998 1472 nobis
2041 1459 2052 1471 .
2104 1459 2116 1471 .
2160 1460 2171 1471 .
2217 1423 2278 1471 de
2328 1460 2339 1471 .
2380 1460 2391 1471 .
2431 1459 2442 1471 .
2486 1423 2643 1473 tercia

586 1520 725 1578 parte
750 1513 1007 1578 disponere
1051 1550 1063 1562 .
1095 1550 1107 1561 .
1141 1551 1152 1562 .
1196 1514 1346 1579 Apud
1370 1514 1593 1564 Arbroth
1617 1515 1779 1580 primo
1803 1515 1884 1564 die
1908 1514 2086 1564 mensis
2109 1514 2144 1564 J
2148 1515 2252 1563 unii
2277 1532 2408 1564 anno
2433 1514 2638 1563 Domini

585 1612 652 1653 m⁰
676 1604 1066 1670 quingentesimo
1092 1605 1174 1654 vi⁰.

595 1862 904 1936 Soutbterre
946 1886 1151 1935 dimidia
1192 1888 1345 1937 tercie
1385 1888 1540 1953 partis
1582 1888 1826 1939 affedatur
1867 1888 2060 1939 Thome
2098 1889 2303 1938 Peirson
2340 1898 2388 1938 et
2425 1889 2640 1938 Mariote

591 1979 760 2043 sponse
784 1980 882 2029 sue.

593 2195 603 2205 .
645 2195 657 2206 .
699 2197 709 2207 .
753 2159 929 2210 Pateat
967 2198 978 2210 .
1015 2199 1025 2210 .
1064 2200 1074 2211 .
1111 2180 1201 2211 nos
1227 2163 1502 2228 Georgium
1549 2200 1560 2211 .
1607 2201 1618 2212 .
1663 2202 1673 2211 .
1716 2165 1942 2213 abbatem
1987 2201 1998 2213 .
2039 2201 2049 2212 .
2089 2202 2100 2212 .
2144 2165 2205 2212 de
2231 2164 2456 2213 Arbroth
2507 2201 2517 2211 .
2568 2200 2578 2211 .
2631 2200 2640 2209 .

593 2250 815 2300 assedafl'e
854 2290 864 2301 .
909 2291 919 2301 .
966 2291 976 2301 .
1020 2254 1212 2304 Thome
1236 2255 1440 2304 Peirson
1466 2264 1515 2306 et
1541 2255 1757 2305 Mariote
1781 2256 1951 2321 sponse
1974 2256 2056 2305 sue
2080 2257 2317 2305 moderne
2354 2294 2365 2304 .
2407 2295 2416 2304 .
2454 2295 2463 2305 .
2502 2256 2641 2304 dimi-

594 2343 721 2392 diam
772 2347 925 2395 tercie
963 2349 1119 2413 partis
1154 2349 1271 2398 ville
1318 2350 1483 2398 nostre
1531 2350 1592 2398 de
1642 2348 1934 2400 Soutbterre
1978 2387 1988 2397 .
2031 2387 2041 2398 .
2083 2385 2095 2397 .
2141 2366 2290 2413 quam
2338 2385 2350 2397 .
2396 2386 2406 2397 .
2452 2387 2462 2397 .
2506 2366 2640 2397 nunc

596 2435 813 2485 Thomas
850 2438 1076 2489 Wauane
1113 2450 1294 2507 ocupat
1341 2471 1351 2481 ·
1401 2441 1651 2491 Soluendo
1696 2480 1707 2490 .
1751 2479 1762 2490 .
1807 2478 1818 2490 .
1861 2442 2039 2508 viginti
2074 2443 2197 2491 duos
2232 2441 2411 2490 solidos
2451 2449 2501 2490 et
2541 2449 2640 2490 tres

596 2528 825 2577 denarios
868 2568 879 2579 .
922 2569 933 2579 .
977 2569 987 2580 .
1029 2541 1225 2583 monete
1267 2572 1278 2583 .
1320 2572 1331 2583 .
1370 2572 1381 2582 .
1433 2533 1608 2583 Scocie
1633 2535 1696 2583 ad
1734 2572 1745 2583 .
1785 2571 1796 2582 .
1837 2572 1847 2583 .
1885 2533 2009 2583 festa
2051 2572 2061 2582 .
2108 2572 2119 2583 .
2165 2572 2176 2583 .
2219 2533 2569 2583 Penthecostes
2593 2542 2642 2582 et

600 2617 766 2667 Sanffi
792 2620 999 2670 Martini
1044 2662 1053 2672 .
1101 2662 1111 2672 .
1156 2663 1167 2673 .
1214 2634 1263 2674 et
1288 2643 1434 2675 vnam
1471 2626 1689 2676 celdram
1721 2643 1991 2676 auenarum
2026 2626 2251 2675 mensure
2277 2626 2371 2674 fori
2397 2627 2641 2676 currentis

598 2727 709 2758 cum
734 2719 944 2775 quatuor
968 2718 1236 2779 caponibus
1272 2725 1320 2766 et
1355 2719 1561 2767 totidem
1596 2718 1743 2784 pullis
1768 2717 1949 2767 adultis
1980 2726 2206 2783 rynmart
2233 2718 2434 2783 weddyr
2459 2727 2508 2767 et
2532 2718 2641 2766 aliis

598 2801 960 2852 husbandorum
994 2807 1225 2857 oneribus
1266 2846 1277 2856 .
1325 2846 1336 2857 .
1381 2847 1391 2857 .
1435 2810 1502 2859 Et
1532 2809 1566 2858 fi
1601 2811 1720 2859 diffl
1763 2847 1774 2858 .
1817 2846 1829 2858 .
1870 2847 1881 2858 .
1905 2810 2109 2860 ‚fuerint
2152 2847 2163 2858 .
2205 2847 2216 2858 .
2256 2847 2266 2858 .
2311 2810 2436 2859 male
2461 2811 2640 2875 persolv

600 2902 771 2942 uentes
819 2895 988 2944 licebit
1033 2898 1174 2946 nobis
1223 2936 1234 2947 .
1280 2937 1291 2947 .
1337 2937 1348 2948 .
1397 2902 1458 2950 de
1508 2939 1519 2950 .
1564 2939 1575 2950 .
1622 2939 1633 2950 .
1682 2901 1890 2950 dimidia
1929 2910 2071 2966 parte
2118 2902 2271 2951 tercie
2318 2902 2473 2966 partis
2518 2937 2529 2949 .
2573 2939 2584 2949 .
2629 2939 2640 2950 .

599 2985 858 3050 disponere
906 3015 916 3025 ·
966 2986 1025 3035 In
1074 2988 1212 3037 cuius
1253 2991 1325 3038 rei
1369 2991 1700 3041 testimonium
1748 2993 1958 3059 figillum
1996 3030 2007 3042 .
2047 3030 2059 3042 .
2098 3031 2110 3042 .
2155 2994 2358 3059 capituli
2402 3031 2413 3042 .
2458 3031 2469 3042 .
2517 3032 2527 3042 .
2571 2995 2641 3042 est

601 3079 866 3143 appensum
887 3079 1046 3143 primo
1072 3080 1151 3129 die
1175 3080 1351 3130 menfis
1375 3081 1410 3131 J
1413 3083 1517 3131 unii
1541 3101 1672 3133 anno
1697 3085 1903 3136 Domini
1927 3091 2004 3154 ω’.
2019 3085 2409 3150 quingentesimo
2435 3086 2582 3135 sexto.
