2762 3834
435 1406 528 1448 304

435 2591 531 2634 :305

579 372 675 415 250
1023 358 1444 413 REGISTRUM
1479 356 1575 405 DE
1610 353 2168 404 ABERBROTHOC.

581 499 684 547 lant
724 503 946 546 tenentes
987 495 1040 544 in
1082 493 1222 542 dietis
1269 490 1413 539 terris
1461 504 1569 537 cum
1617 486 1810 534 brafina
1853 486 2041 534 tociens
2085 487 2320 550 quociens
2361 488 2431 536 eis
2478 526 2489 536 .
2540 526 2551 537 .
2602 527 2614 538 .

583 588 826 637 videbitur
851 585 1081 650 expedire
1106 581 1370 631 dummodo
1421 616 1434 627 .
1478 618 1487 627 .
1540 615 1551 625 .
1596 577 1769 624 domus
1818 612 1829 623 .
1880 614 1891 625 .
1944 614 1955 624 .
2002 577 2295 626 sufficienter
2320 578 2615 628 sustentetur

718 716 729 726 .
783 676 920 726 Etsi
954 674 1070 723 diai
1123 710 1135 722 .
1193 710 1205 721 .
1264 709 1274 719 .
1328 671 1379 718 in
1418 669 1664 718 solucione
1702 668 1841 715 firme
1883 676 1932 717 et
1979 686 2183 718 onerum
2239 709 2248 718 .
2305 708 2315 718 .
2374 708 2385 719 .
2441 672 2616 721 autin

582 766 933 818 sustentacione
958 764 1083 812 dicte
1109 764 1281 810 domus
1314 799 1325 809 .
1362 798 1372 809 .
1408 799 1419 810 .
1456 759 1712 808 deficerint
1742 796 1753 808 .
1787 797 1798 808 .
1838 798 1848 808 .
1880 761 2021 810 nobis
2052 762 2222 811 licebit
2254 801 2265 811 .
2299 800 2309 811 .
2343 800 2353 811 .
2387 764 2447 812 de
2473 764 2618 811 terris

582 868 630 909 et
667 858 859 907 brafina
893 857 954 905 ad
996 893 1006 904 .
1048 891 1061 904 .
1109 894 1119 904 .
1157 854 1350 903 libitum
1392 891 1402 900 .
1444 890 1455 902 .
1502 890 1513 901 .
1558 851 1815 914 disponere
1856 889 1868 899 .
1910 889 1921 900 .
1962 890 1971 901 .
2015 853 2167 918 Apud
2203 891 2214 902 .
2252 891 2263 902 .
2303 891 2312 901 .
2350 854 2618 918 capitulum

580 952 682 1001 ἱίἱίιο
704 951 783 998 die
807 947 980 996 mensis
1006 945 1306 995 Nouembris
1331 962 1461 994 anno
1486 943 1691 993 Domini
1721 944 1862 994 1486.

581 1202 861 1273 Affedacio
888 1221 1058 1265 octaue
1083 1223 1131 1264 ct
1156 1215 1268 1263 xvi‘⁶
1291 1215 1512 1279 parcium
1540 1215 1654 1264 ville
1680 1216 1741 1263 de
1769 1215 2023 1282 Craquhy.

581 1377 708 1449 Nos
733 1398 900 1447 Dauid
925 1397 1074 1446 abbas
1108 1434 1117 1444 .
1151 1435 1160 1444 .
1194 1434 1205 1445 .
1238 1397 1299 1444 de
1325 1396 1659 1446 Abirbrothoc
1690 1435 1700 1446 .
1737 1436 1747 1447 .
1776 1437 1787 1447 .
1817 1398 2082 1448 affedamus
2109 1438 2119 1449 .
2146 1439 2156 1448 .
2183 1437 2194 1449 .
2228 1399 2396 1449 Dauid
2421 1400 2547 1450 Rate
2573 1409 2620 1450 et

583 1491 791 1539 Katrine
816 1490 983 1555 sponse
1009 1490 1090 1537 sue
1130 1527 1140 1538 .
1180 1526 1190 1537 .
1231 1526 1241 1536 .
1296 1489 1520 1537 octauam
1556 1497 1747 1552 partem
1785 1499 1834 1539 et
1868 1492 2110 1540 decimam
2134 1491 2319 1542 sextam
2342 1499 2534 1557 partem
2559 1493 2620 1541 de

581 1583 625 1632 le
654 1582 852 1647 Crachy
891 1618 902 1629 .
943 1619 952 1629 .
988 1619 999 1629 .
1034 1590 1083 1630 et
1108 1581 1169 1629 de
1192 1580 1239 1628 le
1263 1579 1493 1628 Furdbill
1518 1597 1629 1628 cum
1653 1582 1817 1646 garbis
1842 1583 2164 1633 decimalibus
2200 1585 2467 1633 earundem
2501 1601 2621 1648 quas

582 1683 790 1740 occupat
834 1692 925 1739 pro
970 1682 1072 1724 toto
1114 1682 1334 1738 tempore
1373 1674 1473 1722 vite
1520 1673 1762 1723 di&orum
1811 1713 1820 1722 .
1862 1713 1872 1723 .
1913 1712 1924 1723 .
1975 1675 2225 1725 Soluendo
2269 1714 2279 1724 .
2323 1713 2334 1724 .
2378 1713 2389 1724 .
2436 1676 2621 1741 vigenti

583 1767 799 1831 quinque
823 1766 978 1814 bollas
1004 1783 1113 1814 cum
1141 1766 1347 1814 dimidia
1371 1766 1505 1814 bolla
1540 1765 1666 1814 ordii
1694 1774 1743 1816 et
1766 1767 1954 1816 farrine
1989 1768 2215 1817 mensure
2246 1768 2340 1816 fori
2378 1768 2622 1835 currentis

581 1861 662 1907 sex
696 1859 855 1923 pullos
894 1866 942 1906 et
981 1866 1080 1906 tres
1117 1874 1328 1922 capones
1363 1858 1410 1906 le
1447 1866 1672 1923 rynmart
1708 1870 1757 1907 et
1792 1859 1932 1908 vedir
1957 1877 2068 1909 cum
2108 1897 2118 1908 .
2159 1898 2168 1908 .
2209 1898 2218 1908 .
2258 1860 2367 1909 aliis
2392 1861 2622 1909 oneribus

583 1950 944 1998 husbandorum
979 1987 990 1997 .
1026 1987 1036 1997 .
1072 1986 1082 1997 .
1121 1949 1363 1998 consuetis
1397 1981 1407 1990 ·
1440 1950 1651 1999 termino
1683 1969 1801 2000 vero
1837 1953 2070 2002 introitus
2110 1990 2121 2002 .
2164 1991 2173 2001 .
2215 1992 2225 2001 .
2265 1954 2534 2018 incipiente
2570 1954 2620 2002 in

584 2043 703 2091 festo
729 2042 1074 2091 Penthecostes
1099 2043 1263 2091 datam
1288 2042 1595 2106 presencium
1631 2043 1912 2093 immediate
1942 2046 2242 2109 precedente
2282 2083 2292 2094 .
2333 2084 2343 2094 .
2384 2084 2394 2094 .
2435 2045 2621 2094 Datum

585 2389 864 2460 Affedacio
890 2407 1091 2455 dimidie
1115 2408 1270 2472 partis
1295 2408 1355 2456 de
1383 2407 1639 2457 Croftoun.

584 2569 712 2640 Nos
736 2588 904 2637 Dauid
938 2589 1085 2636 abbas
1127 2627 1136 2635 .
1179 2626 1188 2635 .
1233 2625 1242 2635 .
1285 2587 1346 2635 de
1372 2587 1708 2636 Abirbrothoc
1753 2625 1763 2635 .
1810 2625 1820 2635 .
1867 2624 1879 2635 .
1922 2587 2190 2636 affedamus
2235 2626 2245 2635 .
2290 2625 2300 2635 .
2349 2624 2359 2635 .
2403 2587 2619 2637 Patricio

586 2680 820 2745 Gybsoun
857 2686 906 2727 et
943 2677 1156 2727 Cristine
1192 2678 1295 2725 eius
1331 2677 1499 2741 sponse
1545 2717 1554 2726 .
1606 2715 1616 2726 .
1669 2716 1679 2726 .
1728 2696 1818 2743 pro
1854 2680 2078 2728 terminis
2114 2679 2341 2728 vndecim
2380 2696 2619 2728 annorum

584 2771 837 2819 dimidiam
868 2777 1060 2833 partem
1096 2769 1156 2816 de
1191 2769 1237 2816 lc
1277 2768 1519 2817 Croftoun
1557 2786 1667 2818 cum
1705 2770 1910 2819 dimidia
1943 2779 2085 2835 parte
2121 2771 2182 2819 de
2217 2771 2262 2819 le
2298 2771 2536 2820 Lathame
2567 2771 2618 2819 in

585 2862 827 2913 Croftoun
866 2877 986 2925 quas
1022 2877 1156 2908 nunc
1194 2868 1402 2923 occupat
1443 2860 1597 2908 dictus
1638 2861 1885 2911 Patricius
1932 2879 2043 2910 cum
2085 2862 2290 2931 decimis
2334 2862 2617 2928 garbalibus

583 2953 847 3003 earundem
888 2982 898 2992 ·
938 2950 1186 3000 Soluendo
1211 2950 1325 2998 inde
1361 2951 1611 2999 annuatim
1657 2988 1670 2999 .
1713 2990 1723 3001 .
1766 2990 1777 3001 .
1817 2953 2024 3019 triginta
2061 2954 2182 3002 duas
2219 2955 2374 3003 bollas
2407 2954 2534 3003 ordii
2570 2961 2617 3002 et

582 3045 766 3094 farrine
803 3042 1027 3091 mensure
1062 3042 1156 3090 fori
1191 3042 1433 3090 currentis
1473 3070 1483 3080 ·
1525 3051 1574 3091 et
1608 3059 1699 3106 pro
1736 3044 1783 3092 le
1822 3044 2062 3094 Lathame
2097 3047 2178 3094 sex
2213 3046 2390 3094 solidos
2425 3055 2475 3095 et
2509 3049 2615 3095 οᾶο

579 3135 810 3186 denarios
834 3134 897 3183 ad
921 3134 1043 3182 duos
1078 3133 1193 3182 anni
1230 3133 1465 3181 terminos
1505 3170 1516 3181 .
1561 3170 1572 3181 .
1619 3171 1630 3182 .
1674 3152 1785 3184 cum
1829 3172 1840 3181 .
1884 3174 1895 3184 .
1939 3172 1952 3186 .
1996 3137 2226 3186 oneribus
2250 3137 2611 3186 husbandorum
