2586 3834
364 374 459 424 392
807 360 1231 415 REGISTRUM
1265 360 1361 409 DE
1399 353 1958 406 ABERBROTHOC.

368 502 580 569 Gyffard
616 509 664 550 et
700 498 931 564 magistro
971 494 1192 560 Georgio
1232 492 1441 558 Gyffard
1481 490 1717 538 fratribus
1753 489 2003 554 germanis
2035 488 2151 537 dicti
2188 487 2368 536 Jacobi
2408 518 2417 526 -

365 611 456 659 pro
499 591 723 641 terminis
767 587 1092 637 nouendecim
1137 600 1378 633 annorum
1430 622 1439 631 .
1490 620 1499 631 .
1550 619 1560 629 .
1611 589 1772 630 terras
1812 581 1930 629 ville
1973 580 2137 629 nostre
2181 581 2241 628 de
2281 580 2418 629 Neu-

366 686 552 749 biggyn
595 698 704 731 cum
746 679 950 728 decimis
990 676 1274 742 garbalibus
1316 674 1532 723 eiusdem
1576 691 1788 722 vnacum
1831 673 2120 722 molendino
2161 673 2207 721 le
2250 672 2419 738 Kyrk-

369 774 540 824 tonmil
598 779 772 821 vocato
832 778 880 818 et
945 769 1150 817 decimis
1214 767 1427 816 eiusdem
1484 796 1493 805 ·
1549 766 1898 831 quamquidem
1962 765 2128 814 villam
2182 803 2192 813 .
2248 805 2256 813 .
2308 803 2317 813 .
2370 774 2419 813 et

368 865 702 914 molendinum
749 899 761 911 .
807 900 817 911 .
863 899 874 910 .
917 861 1171 926 predictus
1204 859 1425 908 Jacobus
1469 896 1479 907 .
1526 897 1536 907 .
1582 896 1592 907 .
1637 858 1810 907 habuit
1855 858 1909 906 in
1958 857 2257 906 affedatione
2301 897 2309 905 .
2355 895 2364 904 .

366 975 455 1022 pro
510 964 612 1004 toto
669 963 891 1019 tempore
941 954 1040 1002 vite
1094 953 1174 1001 sue
1227 969 1319 1016 pro
1373 951 1586 1015 quadam
1641 957 1778 999 certa
1829 949 2015 999 summa
2069 950 2281 1014 pecunie
2328 967 2420 1014 per

367 1050 573 1098 eundem
611 1046 857 1095 Jacobum
897 1053 946 1094 et
984 1044 1244 1093 Elizabeth
1286 1042 1542 1109 Crychton
1582 1051 1793 1092 matrem
1829 1042 1962 1090 suam
1998 1041 2420 1107 predecessoribus

366 1141 542 1188 nostris
586 1178 595 1187 .
635 1176 646 1186 .
686 1179 694 1186 .
735 1138 983 1202 persoluta
1016 1163 1027 1174 ·
1064 1136 1415 1201 quamquidem
1459 1135 1817 1185 affedacionem
1864 1135 1997 1184 idem
2038 1135 2258 1184 Jacobus
2302 1175 2309 1183 .
2355 1176 2363 1183 .
2408 1175 2416 1183 .

365 1231 677 1281 renunciauit
714 1269 723 1280 .
766 1268 777 1278 .
818 1268 828 1278 .
871 1229 1139 1279 Tenendas
1185 1267 1195 1277 .
1244 1266 1252 1276 .
1301 1266 1311 1277 .
1356 1229 1477 1277 ficut
1513 1227 1627 1275 olim
1664 1227 1885 1275 Thomas
1920 1226 2142 1291 Ogstone
2178 1235 2226 1275 et
2259 1226 2423 1274 Eliza-

367 1325 480 1373 beth
537 1323 787 1373 Crechton
842 1321 1015 1386 sponsa
1066 1321 1149 1370 sua
1196 1320 1376 1369 eisdem
1434 1320 1554 1368 villa
1606 1327 1656 1369 et
1707 1320 1995 1386 molendino
2046 1337 2157 1368 cum
2217 1320 2421 1368 decimis

370 1417 637 1464 eorundem
663 1415 947 1480 gaudebant
982 1443 992 1452 ·
1029 1414 1243 1463 termino
1272 1431 1388 1462 vero
1412 1413 1647 1463 introitus
1693 1452 1703 1460 .
1745 1451 1755 1461 .
1799 1451 1810 1461 .
1853 1412 2124 1478 incipiente
2153 1413 2214 1460 ad
2247 1412 2423 1461 festum

371 1507 716 1557 Penthecostes
758 1507 889 1555 diem
931 1507 1045 1555 date
1081 1506 1390 1571 presencium
1427 1507 1712 1555 immediate
1751 1505 1959 1570 sequens
2005 1544 2014 1554 .
2061 1543 2071 1553 .
2119 1544 2127 1553 .
2175 1505 2424 1554 Soluendo

373 1643 379 1649 .
424 1640 433 1649 .
476 1639 485 1649 .
529 1617 619 1665 pro
655 1600 798 1648 firma
832 1599 959 1647 dicte
996 1599 1112 1648 ville
1149 1608 1198 1649 et
1233 1600 1440 1649 decimis
1476 1599 1689 1648 eiusdem
1728 1597 1958 1647 vndecim
1994 1599 2150 1648 bollas
2190 1607 2239 1647 et
2278 1616 2423 1647 vnam

372 1694 582 1741 firlotam
617 1692 853 1740 frumenti
886 1721 896 1731 ·
928 1692 1156 1740 vndecim
1188 1693 1346 1740 bollas
1385 1700 1434 1741 et
1476 1709 1622 1741 vnam
1653 1691 1866 1740 firlotam
1906 1691 2034 1740 ordii
2071 1720 2082 1730 ·
2121 1701 2169 1740 et
2195 1692 2424 1740 vndecim

374 1785 529 1833 bollas
555 1793 603 1833 et
628 1801 774 1831 Vnam
800 1783 1013 1832 firlotam
1043 1784 1204 1832 farine
1239 1785 1465 1833 mensure
1501 1785 1598 1833 fori
1623 1785 1870 1833 currentis
1896 1786 1957 1833 de
1983 1784 2179 1833 mundis
2203 1784 2340 1849 puris
2378 1793 2426 1832 et

374 1878 513 1925 bonis
540 1876 828 1924 victualibus
865 1877 927 1924 ad
962 1877 1199 1925 terminos
1226 1877 1458 1926 vi&ualia
1490 1877 1710 1926 soluendi
1748 1878 2005 1926 consuetos
2043 1906 2053 1916 ·
2091 1884 2140 1925 et
2166 1877 2427 1925 cellerario

375 1969 541 2017 nostro
567 1968 742 2033 viginti
767 1968 945 2017 solidos
986 2009 995 2018 .
1039 2009 1047 2017 .
1089 2009 1097 2018 .
1137 1977 1334 2019 monete
1374 1969 1548 2020 Scocie
1582 1970 1645 2018 ad
1677 1970 1800 2018 duos
1834 1969 1951 2018 anni
1976 1969 2213 2018 terminos
2239 1970 2426 2019 vsuales

425 2101 432 2108 .
468 2101 476 2108 .
516 2069 564 2109 et
587 2078 677 2125 pro
708 2061 850 2109 firma
884 2060 1157 2109 molendini
1193 2100 1203 2110 .
1240 2100 1250 2111 .
1285 2102 1293 2112 .
1340 2081 1451 2112 cum
1478 2063 1681 2112 decimis
1716 2102 1726 2111 .
1761 2102 1771 2111 .
1807 2100 1818 2112 .
1856 2063 2000 2112 nobis
2039 2101 2049 2111 .
2088 2103 2096 2111 .
2135 2103 2143 2111 .
2181 2064 2424 2111 sexdecim

377 2154 527 2201 libras
563 2190 574 2200 .
616 2191 626 2201 .
664 2190 673 2200 .
703 2159 900 2201 monete
939 2192 949 2202 .
983 2190 992 2200 .
1030 2190 1039 2200 .
1068 2152 1240 2203 Scocie
1267 2156 1330 2203 ad
1369 2194 1379 2203 .
1413 2194 1424 2204 .
1462 2193 1472 2203 .
1510 2155 1633 2204 festa
1669 2195 1677 2204 .
1716 2196 1724 2204 .
1763 2195 1772 2204 .
1806 2155 2157 2204 Penthecostes
2182 2163 2232 2204 et
2260 2154 2424 2205 Sanffi

379 2245 586 2294 Martini
621 2286 629 2294 .
665 2286 673 2294 .
713 2286 720 2294 .
759 2254 808 2294 et
834 2246 1007 2311 viginti
1036 2247 1213 2295 solidos
1237 2248 1435 2296 sacriste
1461 2247 1625 2296 nostre
1662 2288 1671 2296 .
1716 2287 1724 2295 .
1765 2287 1773 2296 .
1811 2248 1875 2296 ad
1899 2247 2073 2297 festum
2099 2246 2286 2319 Pasclie
2323 2287 2331 2295 .
2371 2287 2379 2295 .

381 2338 446 2386 Et
470 2339 586 2402 quia
609 2339 790 2386 dictum
816 2339 1057 2388 Jacobum
1083 2347 1132 2388 et
1156 2339 1266 2389 suos
1291 2340 1554 2406 affignatos
1578 2356 1669 2405 pro
1694 2340 1837 2389 nobis
1874 2380 1882 2388 .
1918 2379 1927 2388 .
1965 2379 1974 2389 .
2014 2340 2076 2388 ad
2100 2339 2427 2388 laborandum

383 2447 589 2478 onerare
614 2429 912 2478 intendimus
955 2470 963 2479 .
1003 2471 1012 2479 .
1053 2470 1062 2479 .
1108 2431 1236 2495 ipsos
1259 2432 1319 2480 ab
1346 2431 1572 2481 omnibus
1595 2431 1958 2481 husbandorum
1987 2432 2219 2480 oneribus
2243 2432 2431 2481 relaxa—

384 2539 491 2569 mus
528 2550 538 2559 ·
572 2521 682 2569 Nec
708 2522 877 2571 licebit
901 2522 1033 2570 (Ῑίἃο
1050 2522 1086 2571 J
1089 2524 1242 2572 acobo
1281 2563 1290 2573 .
1330 2564 1338 2572 .
1374 2565 1382 2573 .
1417 2531 1577 2574 terras
1601 2524 1938 2574 molendinum
1966 2532 2014 2573 et
2038 2524 2254 2573 decimas
2280 2524 2429 2573 alicui

440 2653 447 2661 .
486 2653 494 2660 .
538 2612 751 2661 affedare
777 2614 998 2662 cottariis
1023 2623 1072 2663 et
1096 2615 1469 2665 molendinariis
1497 2616 1715 2681 exceptis
1740 2617 1839 2664 fine
1863 2616 2031 2664 nostra
2054 2616 2268 2666 licencia
2305 2656 2313 2665 .
2364 2657 2371 2664 .

392 2704 722 2754 Concedimus
757 2704 916 2753 eidem
954 2745 963 2753 .
997 2744 1006 2753 .
1048 2743 1057 2752 .
1093 2707 1381 2770 potestatem
1412 2709 1703 2773 imponendi
1728 2716 1777 2757 et
1801 2708 2081 2773 expellendi
2113 2709 2348 2757 cottarios
2385 2718 2434 2757 et

391 2794 771 2843 molendinarios
807 2822 817 2832 ·
852 2795 1080 2844 faciendo
1116 2798 1270 2847 eciam
1306 2817 1615 2850 communem
1658 2801 1833 2850 sefflzm
1872 2801 1936 2850 ad
1966 2800 2128 2849 curias
2158 2799 2348 2850 nostras
2385 2809 2435 2848 et

392 2886 576 2951 placita
616 2884 846 2933 consueta
887 2924 896 2933 .
944 2925 953 2934 .
1000 2926 1010 2935 .
1058 2887 1211 2952 Apud
1246 2927 1256 2938 .
1293 2929 1302 2939 .
1342 2928 1353 2939 .
1394 2893 1662 2957 capitulum
1711 2893 1812 2943 xvi⁰
1851 2893 2027 2942 menfis
2074 2892 2255 2941 Marcii
2303 2909 2433 2940 anno

395 2976 599 3026 Domini
624 2981 690 3024 m⁰
714 2976 1102 3041 quingentefimo
1126 2996 1273 3029 nono.
