2762 3834
428 1991 487 2044 77

540 390 605 441 68
988 382 1416 438 REGISTRUM
1450 381 1548 431 DE
1584 377 2145 431 ABERBROTHOC.

540 523 692 574 animi
715 522 871 572 nostri
893 521 1070 571 se&am
1093 519 1283 584 regiam
1308 523 1356 565 et
1382 530 1577 563 omnem
1603 512 1850 562 ac‘tionem
1875 529 2023 577 quem
2060 520 2110 562 et
2144 530 2267 578 quas
2289 531 2411 581 erga
2443 514 2600 580 ipsum

543 653 554 665 .
589 653 599 664 .
637 653 648 665 .
682 615 919 664 habemus
942 630 1034 678 pro
1057 608 1404 660 interfefflzione
1441 642 1453 653 .
1483 642 1494 654 .
1522 643 1533 654 .
1558 605 1594 654 J
1596 605 1740 654 acobi
1768 604 1994 655 Gibsoun
2020 606 2289 655 dummodo
2312 608 2602 672 parentibus

539 714 589 757 et
626 706 796 756 amicis
833 742 844 754 .
885 742 896 753 .
936 742 948 753 .
984 702 1164 752 Jacobi
1206 707 1255 749 et
1297 698 1523 764 partibus
1571 698 1789 762 dampna
1833 697 1980 762 pastis
2019 735 2031 747 .
2070 736 2082 748 .
2123 736 2134 747 .
2171 699 2446 749 satisfaciat
2485 738 2495 748 .
2536 737 2547 748 .
2588 739 2598 749 .

539 797 604 846 Et
626 796 781 860 ipsum
806 795 1063 843 Andream
1090 793 1175 840 sub
1214 828 1226 840 .
1265 827 1277 840 .
1317 828 1328 839 .
1364 806 1489 855 pace
1527 827 1538 837 .
1579 827 1590 837 .
1629 828 1639 837 .
1675 788 1810 854 regis
1843 796 1893 839 et
1927 790 2098 839 nostra
2135 828 2146 839 .
2185 829 2194 840 .
2236 829 2247 840 .
2284 791 2603 856 suscipientes

536 889 744 938 firmiter
767 887 1048 936 inhibemus
1071 902 1135 934 ne
1161 884 1270 949 quis
1308 884 1354 933 ei
1389 882 1648 932 occasione
1681 882 1858 932 mortis
1894 882 2016 931 dieti
2054 921 2064 932 .
2106 921 2117 932 .
2157 921 2169 932 .
2205 883 2388 934 Jacobi
2417 884 2605 933 malum

592 1019 602 1029 .
642 1018 652 1028 .
690 979 892 1043 aliquod
914 978 1099 1027 inferre
1124 977 1372 1042 presumat
1410 1014 1420 1025 .
1461 1014 1472 1025 .
1514 1012 1524 1024 .
1560 975 1708 1039 super
1734 1012 1745 1023 .
1775 1012 1786 1023 .
1816 1012 1827 1023 .
1853 974 1986 1040 regis
2012 982 2061 1024 et
2085 974 2301 1024 nostram
2326 976 2606 1040 plenariam

542 1071 910 1120 forisfacturam
935 1070 1015 1119 vel
1038 1077 1249 1118 mortem
1274 1069 1320 1118 ei
1351 1068 1535 1117 inferat
1558 1068 1646 1116 sub
1680 1084 1813 1132 pena
1843 1067 2112 1117 amiflionis
2150 1068 2250 1118 vite
2280 1076 2330 1117 et
2361 1069 2604 1117 membro-

542 1182 651 1215 rum
676 1192 686 1203 ·
712 1163 772 1213 In
798 1164 938 1213 cuius
955 1163 1029 1212 rei
1054 1163 1389 1212 testimonium
1414 1161 1726 1227 presentibus
1765 1198 1776 1209 .
1816 1198 1827 1210 .
1866 1198 1877 1210 .
1915 1160 2128 1228 sigillum
2166 1199 2177 1211 .
2218 1199 2229 1211 .
2269 1200 2281 1210 .
2317 1162 2605 1212 monasterii

545 1296 555 1306 .
596 1296 606 1306 .
646 1296 656 1306 .
694 1257 923 1305 duximus
957 1255 1307 1320 apponendum
1349 1254 1484 1319 apud
1515 1253 1858 1303 Abirbrothoc
1890 1262 2071 1318 quarto
2103 1254 2184 1304 die
2208 1255 2388 1304 menfis
2412 1255 2605 1320 Aprilis

542 1366 671 1400 anno
696 1347 904 1398 Domini
928 1346 1184 1397 millefimo
1210 1346 1698 1413 quadringentesimo
1724 1347 1973 1397 tricesimo
1999 1348 2190 1413 quinto.

541 1603 796 1674 Innernes
838 1650 850 1662 ·
902 1622 1184 1672 Garbarum
1227 1620 1439 1670 allecum
1478 1620 1881 1670 molendinorum
1921 1629 1971 1671 et
2016 1622 2105 1672 xls.
2140 1623 2463 1673 finantiarum
2500 1625 2605 1690 pas-

541 1716 756 1765 chalium
780 1714 1031 1764 affedatio.

546 2033 554 2043 .
594 2031 604 2042 .
645 2032 655 2042 .
692 1992 1037 2043 successoribus
1061 1992 1241 2041 nostris
1267 1993 1331 2041 ad
1355 1993 1478 2042 duos
1504 1991 1623 2041 anni
1649 1991 1888 2042 terminos
1914 1992 2150 2044 videlicet
2185 1995 2248 2043 ad
2272 1995 2396 2044 festa
2419 1995 2604 2045 Pasche

544 2096 593 2137 et
636 2087 803 2139 Sancti
839 2087 978 2136 Petri
1017 2087 1080 2135 ad
1118 2086 1316 2135 vincula
1353 2104 1444 2151 per
1487 2086 1688 2152 equales
1723 2086 1981 2151 portiones
2017 2088 2382 2155 quinquaginta
2411 2106 2604 2138 marcas

545 2180 720 2230 vsualis
767 2186 964 2228 monete
1011 2178 1152 2243 regni
1204 2176 1371 2227 Scotie
1418 2178 1521 2227 fine
1570 2178 1799 2228 vlteriori
1848 2179 2092 2229 dilatione
2140 2181 2257 2230 dolo
2306 2181 2385 2230 vel
2430 2182 2604 2231 fraude

544 2273 748 2338 aliquali
776 2302 787 2312 ·
811 2272 879 2321 Et
920 2289 1032 2321 cum
1069 2271 1337 2336 contigerit
1370 2289 1462 2336 per
1490 2270 1592 2321 Dei
1621 2272 1837 2338 gratiam
1872 2273 2033 2323 alleca
2067 2274 2240 2324 venire
2279 2283 2328 2325 et
2364 2276 2604 2325 accedere

545 2367 703 2418 dietus
741 2365 970 2414 dominus
1008 2363 1277 2414 Villelmus
1312 2364 1457 2413 nobis
1504 2372 1555 2415 et
1601 2365 1952 2416 successoribus
1999 2366 2180 2416 nostris
2228 2368 2401 2418 decem
2447 2368 2605 2417 millia

546 2458 758 2507 allecum
781 2464 975 2522 partem
1001 2457 1055 2506 in
1090 2456 1189 2505 sale
1212 2463 1408 2521 partem
1440 2457 1494 2506 in
1525 2458 1755 2508 barrellis
1788 2459 1944 2509 libere
1980 2460 2120 2510 dabit
2156 2468 2206 2510 et
2229 2461 2528 2511 sufficienter
2550 2461 2604 2510 in

546 2551 674 2598 statu
696 2549 827 2597 bono
847 2548 1140 2597 deliberabit
1164 2575 1175 2586 ·
1199 2548 1267 2597 Et
1291 2548 1326 2597 fi
1352 2549 1611 2615 contingat
1632 2550 1817 2600 dictum
1842 2552 2098 2602 dominum
2124 2552 2416 2603 ViUelmum
2441 2554 2604 2603 huius-

547 2641 681 2690 modi
706 2640 1014 2689 conditiones
1038 2647 1092 2689 vt
1114 2640 1394 2705 permissum
1421 2641 1491 2690 est
1512 2659 1614 2691 non
1639 2644 1913 2709 adimplere
1938 2651 1988 2694 et
2010 2645 2251 2710 perficere
2275 2645 2445 2695 licebit
2461 2647 2605 2696 nobis

549 2741 599 2782 et
639 2730 985 2781 successoribus
1015 2731 1195 2780 nostris
1220 2733 1282 2780 de
1305 2733 1585 2783 huiusmodi
1627 2736 1832 2785 decimis
1855 2737 2144 2802 garbalibus
2168 2745 2217 2787 et
2242 2739 2470 2787 omnibus
2495 2739 2604 2788 aliis

548 2823 886 2890 suprascriptis
909 2841 1000 2888 pro
1023 2823 1166 2872 libito
1190 2824 1459 2874 voluntatis
1483 2827 1649 2877 nostre
1682 2829 1942 2894 disponere
1967 2837 2017 2880 et
2041 2831 2274 2880 ordinare
2299 2831 2604 2882 conceffione

550 2927 599 2968 et
623 2918 935 2967 ordinatione
959 2917 1196 2982 predictis
1219 2934 1320 2965 non
1345 2918 1650 2968 obstantibus
1675 2921 1937 2971 securitate
1957 2922 2042 2971 sua
2058 2930 2108 2971 et
2125 2923 2303 2989 plegiis
2322 2941 2424 2972 non
2441 2924 2605 2973 minus

549 3025 640 3075 pro
664 3008 842 3058 debitis
865 3025 966 3056 non
990 3008 1159 3057 solutis
1182 3010 1552 3060 remanentibus
1568 3019 1620 3060 vt
1639 3013 1925 3079 obligantur
1949 3023 1999 3064 et
2018 3016 2270 3065 duraturis
2289 3017 2605 3081 quoadusque

550 3110 652 3152 tam
675 3101 737 3150 de
761 3099 954 3150 damnis
977 3099 1229 3149 laboribus
1253 3107 1304 3148 et
1340 3102 1562 3166 expensis
1594 3121 1743 3167 quam
1774 3107 1837 3155 de
1873 3107 2043 3157 debito
2078 3109 2347 3174 principali
2385 3109 2605 3174 plenarie

550 3194 702 3243 fuerit
741 3192 1043 3243 satisfactum
1063 3220 1073 3231 ·
1100 3190 1162 3240 In
1202 3191 1342 3241 cuius
1371 3193 1445 3242 rei
1478 3194 1813 3247 testimonium
1849 3198 2060 3265 sigillum
2098 3218 2360 3251 commune
2399 3201 2601 3266 capituli
