2762 3834
597 354 694 398 322
1043 344 1466 398 REGISTRUM
1499 343 1596 393 DE
1632 343 2190 396 ABERBROTHOC.

597 481 879 530 immediate
914 479 1144 543 sequente
1183 515 1194 526 .
1233 515 1244 525 .
1283 512 1294 524 .
1333 476 1518 525 Datum
1556 512 1568 523 .
1608 512 1619 523 .
1658 511 1671 523 .
1709 477 1881 524 octauo
1916 476 1996 524 die
2034 475 2223 540 Aprilis
2259 494 2389 527 anno
2426 479 2631 530 Domini

596 571 849 621 millefimo
873 568 1352 634 quadringentesimo
1377 564 1691 630 nonogesimo
1715 583 1861 615 nono.

601 824 915 912 [Affedacio
929 846 1194 911 garbarum
1220 842 1534 892 decimalium
1559 843 1767 892 dominii
1785 845 1847 892 de
1875 843 2168 911 Carmylye]
2187 846 2390 895 domino
2409 846 2635 895 eiusdem.

444 1022 541 1074 396
594 1004 720 1078 Nos
745 1026 913 1074 Dauid
957 1063 968 1073 .
1008 1062 1020 1074 .
1059 1061 1070 1073 .
1110 1024 1260 1073 abbas
1299 1060 1311 1071 .
1347 1060 1359 1071 .
1404 1061 1415 1071 .
1453 1023 1515 1071 de
1547 1022 1888 1074 Abirbrothoc
1914 1062 1926 1074 .
1965 1062 1978 1075 .
2022 1061 2034 1073 .
2073 1026 2341 1075 affedamus
2382 1065 2393 1076 .
2432 1066 2444 1078 .
2483 1065 2494 1077 .
2534 1028 2635 1077 Da-

592 1120 676 1167 uid
703 1116 1075 1182 Strathaquhyn
1111 1124 1160 1164 et
1192 1115 1375 1164 Jonete
1411 1114 1580 1179 sponse
1615 1115 1698 1164 sue
1729 1117 1966 1166 moderne
2001 1116 2189 1182 suisque
2231 1116 2480 1183 affignatis
2522 1158 2532 1168 .
2574 1159 2583 1168 .
2624 1159 2633 1168 .

591 1210 852 1259 dummodo
877 1226 977 1257 non
1001 1208 1094 1257 fint
1116 1207 1317 1256 maioris
1339 1206 1596 1271 potestatis
1615 1224 1762 1271 quam
1787 1207 1889 1272 ipse
1904 1207 2075 1257 Dauid
2093 1216 2142 1257 et
2157 1211 2289 1273 quod
2309 1211 2634 1260 admittantur

588 1320 677 1367 per
701 1302 927 1351 abbatem
970 1338 982 1349 .
1025 1338 1036 1348 .
1077 1337 1089 1349 .
1133 1299 1350 1348 decimas
1373 1298 1603 1364 garbales
1641 1299 1849 1348 dominii
1882 1300 1944 1348 de
1973 1299 2208 1366 Carmyly
2252 1340 2264 1351 .
2303 1339 2314 1349 .
2359 1341 2369 1350 .
2408 1319 2500 1367 pro
2534 1311 2630 1352 ter·

587 1394 733 1443 minis
758 1392 1038 1457 quindecim
1064 1408 1308 1441 annorum
1341 1429 1352 1439 .
1392 1428 1404 1439 .
1443 1427 1455 1439 .
1490 1390 1703 1439 termino
1729 1407 1847 1439 vero
1871 1390 2105 1440 introitus
2139 1430 2149 1441 .
2186 1431 2196 1441 .
2235 1430 2247 1441 .
2284 1393 2557 1458 incipiente
2580 1395 2633 1442 in

587 1486 705 1534 festo
735 1484 902 1535 Sancti
927 1484 1063 1533 Petri
1088 1523 1097 1533 .
1137 1521 1148 1532 .
1187 1522 1197 1532 .
1233 1483 1503 1532 aduincula
1526 1482 1809 1531 immediate
1833 1482 2066 1547 sequente
2092 1484 2278 1533 exitum
2303 1486 2631 1534 terminorum

588 1578 903 1627 afl'edacionis
927 1578 1132 1626 Roberti
1160 1575 1520 1642 Strathaquhin
1558 1616 1567 1624 .
1607 1613 1618 1624 .
1657 1612 1667 1623 .
1706 1574 1939 1624 videlicet
1974 1592 2105 1624 anno
2129 1575 2339 1624 Domini
2371 1576 2628 1626 millesimo

587 1670 973 1736 quingentefimo
999 1669 1211 1718 secundo
1236 1707 1248 1718 .
1284 1707 1295 1717 .
1333 1705 1345 1717 .
1385 1667 1636 1718 Soluendo
1669 1706 1679 1716 .
1717 1707 1727 1716 .
1765 1706 1775 1716 .
1812 1666 1991 1732 viginti
2015 1675 2116 1716 tres
2134 1684 2326 1716 marcas
2358 1706 2368 1715 .
2403 1704 2415 1716 .
2458 1706 2469 1717 .
2501 1668 2624 1734 [mo-

588 1761 720 1828 nete]
763 1802 771 1811 .
810 1801 819 1811 .
861 1800 871 1810 .
913 1761 1086 1811 Scocie
1117 1799 1128 1810 .
1164 1802 1174 1811 .
1209 1802 1217 1810 .
1242 1762 1305 1810 ad
1329 1760 1453 1810 festa
1489 1798 1501 1810 .
1526 1799 1536 1809 .
1564 1798 1575 1809 .
1611 1758 1798 1808 Pasche
1823 1766 1873 1807 et
1900 1757 2066 1808 Sanffi
2089 1758 2228 1808 Petri
2254 1799 2263 1809 .
2292 1797 2302 1807 .
2330 1797 2342 1808 .
2367 1761 2633 1810 aduincula

636 1896 644 1903 .
683 1895 691 1904 .
729 1855 807 1903 vel
830 1855 960 1903 infra
985 1854 1161 1918 viginti
1197 1854 1302 1902 dies
1338 1893 1347 1903 .
1387 1891 1397 1901 .
1435 1893 1444 1902 .
1482 1853 1548 1902 Et
1586 1851 1621 1900 fi
1659 1850 1916 1916 contingat
1953 1851 2202 1915 prediaos
2250 1891 2259 1900 .
2313 1889 2323 1901 .
2366 1891 2376 1901 .
2419 1853 2471 1900 in
2508 1854 2631 1901 solu-

587 1948 728 1997 cione
755 1986 763 1995 .
791 1986 799 1995 .
828 1986 836 1995 .
874 1947 936 1995 ad
960 1946 1195 1995 terminos
1220 1953 1269 1995 et
1293 1946 1399 1995 dies
1424 1984 1434 1994 .
1472 1984 1483 1994 .
1510 1982 1521 1993 .
1547 1944 1758 1993 deficere
1782 1942 1951 1991 licebit
1971 1942 2115 1991 nobis
2156 1979 2168 1991 .
2203 1980 2215 1991 .
2253 1982 2263 1991 .
2300 1944 2362 1992 de
2397 1982 2407 1992 .
2450 1981 2461 1992 .
2503 1982 2513 1992 .
2551 1945 2631 1993 de·

587 2039 725 2088 cimis
745 2055 855 2087 cum
878 2038 1198 2102 pertinenciis
1223 2037 1484 2103 disponere
1523 2074 1535 2085 .
1572 2075 1583 2086 .
1619 2075 1630 2086 .
1654 2035 1807 2100 Apud
1829 2033 2178 2082 monasterium
2215 2071 2226 2082 .
2262 2073 2273 2083 .
2302 2072 2313 2084 .
2340 2036 2631 2084 duodecimo

584 2132 758 2180 menfis
782 2130 906 2179 Maii
931 2148 1061 2179 anno
1085 2130 1292 2179 Domini
1316 2130 1571 2179 millefimo
1597 2125 2081 2193 quadringentesimo
2106 2127 2423 2193 nonogesimo
2449 2145 2592 2176 nono,

585 2378 848 2448 Dikmont
874 2400 1115 2450 assedatur
1140 2403 1398 2452 cellerario
1423 2402 1607 2452 nostro.

440 2583 533 2636 397
591 2614 603 2626 .
645 2614 657 2625 .
703 2615 713 2625 .
756 2578 930 2627 Pateat
973 2616 984 2627 .
1027 2616 1038 2627 .
1083 2618 1095 2629 .
1135 2598 1224 2628 nos
1248 2581 1418 2630 Dauid
1459 2620 1468 2629 .
1512 2620 1521 2629 .
1566 2619 1575 2629 .
1618 2579 1895 2641 abbatem„
1942 2615 1953 2627 .
1993 2616 2005 2627 .
2043 2579 2104 2628 de
2129 2579 2467 2628 Abirbrothoc
2508 2616 2518 2626 .
2561 2617 2571 2627 .
2618 2617 2628 2627 .

591 2668 804 2716 affedare
848 2706 859 2717 .
904 2706 915 2716 .
959 2707 970 2717 .
1015 2671 1271 2720 cellerario
1295 2673 1460 2720 nostro
1499 2712 1510 2722 .
1550 2713 1559 2722 .
1603 2710 1616 2722 .
1658 2670 1902 2720 monacho
1927 2671 2081 2719 nostri
2106 2671 2389 2719 monasterii
2414 2671 2628 2736 expresse

565 2760 796 2824 .profefl'o
822 2759 1008 2824 suisque
1041 2763 1407 2812 coadiutoribus
1443 2772 1492 2812 et
1530 2765 1901 2829 subtenentibus
1942 2801 1954 2813 .
1996 2801 2006 2813 .
2056 2803 2066 2813 .
2109 2764 2279 2813 villam
2315 2762 2530 2812 nostram
2567 2765 2634 2834 de·

592 2851 965 2899 Dikmontissaw
1007 2889 1018 2900 .
1063 2888 1075 2901 .
1115 2890 1126 2901 .
1159 2870 1249 2916 pro
1274 2856 1498 2903 terminis
1523 2857 1695 2905 decem
1719 2865 1770 2906 et
1794 2873 1973 2905 nouem
1997 2873 2240 2905 annorum
2274 2893 2286 2905 .
2321 2894 2332 2904 .
2369 2892 2381 2904 .
2416 2856 2627 2903 termino

591 2960 707 2991 vero
734 2943 962 2991 introitus
997 2980 1009 2992 .
1047 2980 1058 2991 .
1095 2982 1106 2992 .
1137 2944 1406 3009 incipiente
1430 2947 1483 2994 in
1507 2947 1630 2996 festo
1654 2948 2004 2998 Penthecostes
2026 2948 2157 2997 diem
2182 2948 2295 2996 date
2319 2948 2624 3012 presencium

590 3034 868 3082 immediate
892 3034 1188 3097 precedente
1212 3061 1223 3072 ·
1256 3034 1505 3085 Soluendo
1543 3074 1555 3085 .
1594 3075 1606 3087 .
1644 3076 1656 3088 .
1696 3040 1880 3104 septem
1904 3039 2066 3100 ‘libras
2102 3039 2183 3087 sex
2218 3038 2396 3086 solidos
2431 3046 2481 3086 et
2517 3041 2623 3086 o&0

587 3125 815 3173 denarios
853 3160 865 3173 .
903 3160 916 3173 .
955 3161 966 3173 .
1009 3133 1204 3174 monete
1255 3163 1266 3174 .
1315 3163 1326 3174 .
1366 3164 1376 3174 .
1421 3127 1592 3177 Scocie
1635 3131 1696 3178 ad
1726 3168 1736 3178 .
1788 3169 1799 3180 .
1850 3168 1863 3180 .
1913 3131 2149 3190 terminos
2188 3129 2443 3178 consuetos
2491 3166 2501 3176 .
2551 3165 2563 3175 .
2614 3165 2625 3175 .
