2586 3834
213 757 308 801 512

228 2192 451 2235 513..

354 353 451 397 404
799 334 1220 391 REGISTRUM
1255 332 1349 381 DE
1386 324 1943 378 ABERBROTHOC.

358 550 569 636 Quarta
590 581 703 630 pars
729 563 842 611 ville
866 562 927 608 de
952 557 1217 622 Kynclune
1243 553 1484 601 affedatur
1504 549 1539 598 J
1543 549 1727 598 ohanni
1751 548 1925 613 Peddy
1950 554 1999 595 et
2022 547 2123 595 filio
2148 548 2265 597 eius.

360 722 487 794 Nos
536 738 781 801 Georgius
831 773 840 783 .
894 771 903 781 .
956 770 966 780 .
1016 731 1165 779 abbas
1214 766 1225 776 .
1272 766 1282 776 .
1326 767 1334 776 .
1385 728 1446 774 de
1494 726 1719 775 Arbroth
1766 764 1776 774 .
1826 765 1834 775 .
1883 763 1892 774 .
1942 724 2208 774 affedamus
2257 763 2266 771 .
2317 762 2327 772 .
2379 764 2388 772 .

359 836 392 883 J
397 831 577 881 ohanni
601 829 773 892 Peddy
798 824 977 874 seniori
1003 830 1052 871 et
1076 820 1108 870 J
1114 820 1299 869 ohanni
1323 819 1497 883 Peddy
1521 817 1623 866 filio
1646 817 1731 866 suo
1772 854 1783 865 .
1825 854 1836 864 .
1878 853 1889 865 .
1928 833 2019 880 pro
2043 824 2147 864 toto
2171 823 2391 879 tempore

361 926 457 972 vite
500 960 510 970 .
551 957 562 968 .
601 958 611 968 .
648 926 870 982 quartam
903 921 1095 979 partem
1120 911 1236 959 ville
1267 910 1432 958 nostre
1465 910 1527 957 de
1559 909 1827 974 Kynclune
1862 908 2068 956 iacentis
2102 907 2154 955 in
2189 907 2394 956 baronia

360 1017 419 1063 de
445 1010 789 1077 Kyncoldrum
811 1015 860 1055 et
880 1005 1013 1053 infra
1047 1003 1358 1068 regalitatem
1394 1001 1455 1048 de
1491 999 1714 1048 Arbroth
1750 994 1861 1048 cum
1886 998 2089 1047 decimis
2112 997 2394 1060 garbalibus

416 1143 425 1152 .
462 1142 472 1152 .
515 1101 724 1150 termino
767 1115 883 1147 vero
925 1095 1158 1144 introitus
1200 1131 1210 1141 .
1247 1130 1257 1141 .
1300 1131 1310 1140 .
1350 1091 1620 1155 incipiente
1661 1090 1713 1137 in
1753 1090 1875 1138 festo
1910 1088 2259 1138 Penthecostes
2290 1087 2395 1151 post

362 1197 524 1243 datam
569 1190 873 1256 presencium
920 1185 1202 1234 immediate
1249 1184 1481 1247 sequente
1520 1208 1529 1218 ·
1572 1181 1819 1229 Soluendo
1864 1218 1874 1228 .
1926 1218 1936 1228 .
1987 1219 1995 1228 .
2040 1179 2398 1244 quinquaginta

363 1286 538 1334 solidos
587 1320 598 1330 .
642 1319 653 1330 .
697 1317 708 1329 .
755 1286 951 1328 monete
1002 1314 1012 1324 .
1062 1313 1072 1323 .
1124 1312 1135 1323 .
1187 1274 1360 1324 Scocie
1402 1276 1464 1322 ad
1503 1311 1513 1321 .
1553 1310 1564 1321 .
1604 1311 1614 1321 .
1652 1271 1773 1321 festa
1817 1310 1828 1321 .
1878 1310 1888 1320 .
1939 1309 1951 1320 .
2000 1271 2315 1320 Pentecostes
2350 1278 2399 1318 et

367 1374 531 1425 Sanffi
556 1371 766 1421 Martini
815 1408 825 1418 .
877 1407 887 1417 .
938 1406 948 1416 .
998 1383 1208 1416 vnacum
1244 1372 1469 1431 rynmart
1503 1372 1552 1413 et
1577 1365 1779 1429 weddyr
1813 1371 1863 1412 et
1897 1363 2006 1412 aliis
2037 1363 2399 1411 husbandorum

366 1466 593 1516 oneribus
640 1501 650 1511 .
708 1500 719 1510 .
770 1500 780 1509 .
832 1457 1125 1510 Pretereafi
1150 1457 1270 1505 dieti
1307 1457 1454 1520 [etc.]
1511 1493 1522 1504 .
1583 1492 1593 1502 .
1655 1492 1665 1501 .
1726 1454 1879 1518 Apud
1938 1491 1948 1501 .
2000 1491 2013 1503 .
2063 1491 2074 1502 .
2131 1453 2398 1517 capitulum

365 1556 635 1623 penultimo
680 1554 758 1602 die
799 1550 974 1599 menfis
1015 1548 1246 1598 Januarii
1285 1565 1415 1597 anno
1462 1546 1668 1595 Domini
1714 1543 1969 1593 millefimo
2013 1543 2400 1608 quingentesimo

367 1649 570 1698 decimo.

373 1891 743 1962 Molendinum
775 1913 835 1960 de
872 1911 1136 1976 Kynchort
1172 1927 1284 1959 cum
1319 1909 1526 1958 dimidia
1561 1909 1735 1974 cymbe
1773 1924 1883 1956 cum
1909 1907 2018 1955 aliis
2042 1906 2261 1971 piscariis
2293 1905 2404 1954 affe-

374 2003 518 2050 datur
541 2002 765 2051 Waltero
793 2001 986 2051 Sinclar
1010 2010 1059 2050 et
1084 2002 1305 2050 Roberto
1328 2001 1429 2048 filio
1455 2001 1571 2048 eius,

508 2222 516 2231 .
570 2184 744 2233 Pateat
782 2222 792 2231 .
836 2222 845 2232 .
891 2222 901 2232 .
943 2201 1033 2233 nos
1058 2184 1328 2248 Georgium
1367 2219 1377 2229 .
1420 2219 1429 2228 .
1467 2219 1477 2229 .
1515 2182 1742 2229 abbatem
1780 2215 1791 2226 .
1834 2216 1845 2226 .
1892 2215 1902 2226 .
1943 2179 2003 2226 de
2028 2178 2252 2226 Arbroth
2286 2214 2295 2224 .
2341 2214 2352 2225 .
2394 2215 2404 2226 .

379 2274 601 2323 affedaffe
640 2312 650 2322 .
690 2312 701 2322 .
746 2312 756 2322 .
792 2274 1001 2323 Valtero
1052 2273 1246 2324 Sinclar
1285 2282 1334 2322 et
1372 2272 1590 2321 Roberto
1630 2270 1828 2335 Singlar
1867 2269 1968 2316 filio
2007 2269 2112 2317 eius
2150 2304 2161 2315 .
2204 2306 2213 2316 .
2259 2305 2268 2315 .
2318 2285 2407 2331 pro

377 2374 481 2414 toto
505 2373 725 2429 tempore
753 2365 849 2413 vite
888 2402 898 2412 .
939 2402 949 2411 .
990 2402 1000 2412 .
1037 2364 1374 2412 molendinum
1410 2363 1629 2411 nostrum
1664 2362 1725 2409 de
1762 2358 2046 2425 Kyncortht
2081 2359 2246 2407 iacens
2281 2358 2411 2406 infra

377 2455 631 2503 baroniam
667 2455 879 2503 nostram
911 2456 971 2503 de
1009 2454 1169 2503 Torre
1197 2471 1405 2502 vnacum
1441 2453 1645 2502 dimidio
1682 2452 1855 2516 cymbe
1890 2451 1932 2498 le
1967 2466 2104 2513 wuyr
2123 2451 2272 2514 serry
2302 2450 2412 2512 bayt

383 2551 554 2591 vocate
598 2546 739 2608 super
780 2562 956 2607 aquam
999 2545 1060 2592 de
1101 2544 1210 2592 Dee
1255 2581 1264 2591 .
1310 2581 1319 2589 .
1371 2581 1380 2591 .
1432 2561 1490 2592 ac
1526 2543 1683 2591 eciam
1730 2580 1739 2590 .
1786 2580 1795 2589 .
1841 2580 1850 2589 .
1899 2542 1960 2589 de
1996 2541 2181 2605 Lagart
2221 2540 2410 2587 nostras

383 2634 614 2696 piscarias
650 2634 866 2682 iacentes
902 2636 1044 2698 super
1083 2634 1264 2683 &fitam
1302 2651 1478 2698 aquam
1517 2651 1629 2683 cum
1667 2633 1856 2681 duobus
1888 2631 2109 2680 rethibus
2144 2631 2195 2678 in
2232 2631 2410 2678 eisdem

389 2760 399 2769 .
445 2760 455 2769 .
501 2759 512 2769 .
550 2723 781 2786 piscarias
827 2724 887 2771 de
933 2724 1195 2771 Powdown
1244 2726 1461 2774 similiter
1508 2742 1619 2773 cum
1668 2724 1857 2772 duobus
1903 2722 2122 2770 rethibus
2169 2738 2227 2769 ac
2275 2759 2285 2768 .
2338 2758 2347 2767 .

387 2812 618 2876 piscarias
652 2829 776 2875 aque
814 2814 874 2861 de
915 2813 1094 2862 Furdis
1137 2831 1246 2862 cum
1288 2815 1492 2863 dimidio
1530 2815 1659 2864 rethi
1700 2815 1753 2862 in
1788 2814 1960 2862 eadem
1997 2841 2006 2851 ·
2043 2811 2253 2860 termino
2296 2828 2412 2859 vero

388 2903 615 2950 introitus
655 2939 666 2950 .
712 2940 722 2950 .
762 2940 773 2952 .
812 2904 876 2951 ad
918 2940 927 2950 .
972 2940 982 2951 .
1028 2941 1037 2950 .
1081 2905 1415 2953 molendinum
1441 2913 1490 2953 et
1514 2906 1740 2970 cymbam
1774 2903 2042 2967 incipiente
2067 2902 2146 2949 die
2170 2902 2283 2949 date
2306 2918 2414 2964 pre-

390 2990 605 3038 sencium
630 3018 640 3027 ·
667 2997 716 3038 et
739 2991 802 3039 ad
841 3027 852 3037 .
895 3027 905 3037 .
948 3028 958 3038 .
999 2992 1231 3055 piscarias
1255 2993 1305 3040 in
1332 2993 1452 3041 festo
1480 2993 1645 3044 Sanffi
1670 2994 1874 3042 Andree
1897 2991 2100 3057 apostoli
2121 2991 2228 3055 post
2251 2991 2414 3038 datam

391 3080 692 3143 presencium
737 3081 1015 3129 immediate
1063 3083 1291 3145 sequente
1342 3121 1351 3130 .
1395 3121 1405 3130 .
1455 3122 1464 3131 .
1517 3084 1764 3133 Soluendo
1814 3122 1823 3131 .
1866 3122 1877 3132 .
1923 3121 1933 3132 .
1982 3100 2072 3147 pro
2117 3082 2258 3130 firma
2302 3081 2416 3128 dieti
