2762 3834
647 346 1079 398 REGISTRUM
1113 347 1211 397 DE
1247 347 1811 399 ABERBROTHOC.
2170 423 2172 426 ⁴
2199 352 2261 404 27

197 481 331 529 omni
367 481 552 530 virtute
587 482 872 531 carentibus
905 483 1225 532 habebuntur
1260 509 1270 520 ·
1307 483 1370 532 ad
1395 500 1491 548 que
1516 483 1684 532 omnia
1707 490 1757 532 et
1781 482 1973 548 fingula
2006 479 2139 532 bona
2165 485 2263 533 fide

196 573 492 638 complenda
533 573 678 638 super
716 575 883 623 sancta
917 574 1180 639 euangelia
1215 576 1551 626 iuramentum
1593 576 1799 641 presteti
1843 576 2103 641 corporale
2146 607 2157 618 ·
2200 576 2262 626 In

195 682 404 729 quorum
432 665 651 714 omnium
676 665 1011 714 testimonium
1036 665 1248 731 figillum
1284 686 1447 717 meum
1474 685 1574 717 vna
1597 685 1708 717 cum
1744 667 1903 733 figillo
1929 667 2043 716 dieti
2071 669 2261 717 domini

194 767 244 808 et
276 758 446 809 fratris
475 760 576 808 mei
606 766 837 824 patenter
860 759 1170 824 presentibus
1202 760 1362 809 literis
1387 761 1458 808 est
1490 761 1758 825 appensum
1793 787 1804 798 ·
1842 769 1894 809 et
1922 761 1987 809 ad
2020 761 2260 810 maiorem

193 854 469 903 securitatis
516 854 829 903 euidenciam
875 853 1086 919 figillum
1135 855 1256 903 dieti
1299 855 1489 904 domini
1541 855 1757 920 episcopi
1804 855 1987 920 apponi
2034 854 2258 904 fimiliter

192 947 462 1011 procuraui
478 991 481 994 ,
497 974 507 984 -
542 946 730 996 Datum
755 947 889 1011 apud
923 946 1237 1013 Inuerberuy
1262 947 1343 996 die
1373 946 1616 996 Mercurii
1639 948 1691 996 in
1717 947 1941 996 crastino.
1957 946 2066 995 festi
2091 946 2257 996 San&i

192 1040 403 1106 Mathye
419 1039 627 1106 apostoli
649 1057 782 1089 anno
803 1039 973 1105 gracie
995 1039 1252 1089 millesimo
1274 1039 1620 1089 trecentesimo
1639 1039 2044 1105 quinquagesimo
2060 1047 2255 1104 quarto.

201 1296 405 1387 [Carta
427 1320 561 1387 regis
586 1320 757 1369 Dauid
782 1321 844 1369 de
868 1319 1172 1386 regalitate]

190 1482 383 1555 Dauid
429 1526 462 1551 .’
493 1541 504 1551 .
555 1539 566 1551 .
609 1519 698 1551 rex
742 1501 1005 1552 Scotorum
1036 1501 1325 1566 justiciariis
1371 1539 1382 1550 .
1428 1540 1439 1550 .
1492 1539 1503 1551 .
1553 1510 1602 1551 et
1642 1502 1752 1552 aliis
1795 1503 2031 1552 ministris
2076 1504 2256 1554 nostris

190 1597 564 1661 quibuscunque
608 1633 619 1645 .
669 1633 681 1644 .
730 1633 742 1644 .
781 1595 989 1644 salutem
1031 1623 1042 1634 ·
1087 1594 1222 1652 Quia
1257 1593 1447 1643 constat
1487 1594 1632 1643 nobis
1670 1595 1803 1659 quod
1844 1632 1856 1645 .
1904 1632 1915 1644 .
1964 1633 1975 1644 .
2019 1597 2169 1645 abbas
2208 1605 2257 1646 et

190 1697 467 1739 conuentus
492 1690 554 1738 de
582 1688 924 1738 Abirbrothoc
964 1724 975 1736 .
1013 1725 1023 1737 .
1067 1725 1078 1736 .
1116 1694 1277 1736 terras
1301 1685 1409 1735 suas
1447 1723 1459 1735 .
1499 1724 1510 1735 .
1550 1724 1561 1736 .
1598 1687 1650 1734 in
1680 1704 1808 1752 pura
1845 1724 1856 1737 .
1897 1725 1908 1736 .
1948 1725 1959 1736 .
1998 1687 2259 1738 elemosina

190 1800 249 1832 ac
271 1783 433 1831 libera
448 1781 713 1847 regalitate
735 1787 910 1830 tenent
929 1797 1020 1845 per
1040 1779 1415 1828 infeodaciones
1442 1817 1454 1828 .
1484 1770 1502 1828 ’.
1538 1817 1549 1828 .
1575 1797 1751 1843 regum
1777 1778 1951 1829 Scocie
1973 1781 2035 1829 ab
2054 1781 2258 1845 antiquo

190 1892 284 1924 nec
309 1875 488 1940 aliquis
520 1874 858 1922 ministrorum
891 1872 1173 1921 nostrorum
1198 1873 1246 1920 se
1271 1872 1420 1920 debet
1454 1871 1790 1920 intromittere
1820 1871 1873 1919 in
1906 1872 2052 1920 terris
2077 1872 2258 1920 eisdem

192 1968 274 2016 sed
297 1984 388 2033 per
410 1966 662 2015 ministros
686 1966 1032 2031 religiosorum
1058 1965 1330 2014 eorundem
1365 1965 1474 2012 afflza
1498 1981 1793 2028 quecunque
1828 1964 2053 2030 legitima
2077 1965 2259 2013 debent

191 2060 315 2109 inibi
340 2059 564 2109 exerceri
602 2088 613 2099 ·
652 2065 703 2107 et
727 2065 892 2107 tamen
920 2058 1120 2122 quidem
1144 2056 1358 2106 ministri
1383 2055 1538 2104 nostri
1563 2057 1648 2121 qui
1674 2064 1916 2105 vocantur
1939 2066 2258 2107 coronatores

192 2160 243 2202 et
278 2152 363 2201 alii
397 2152 446 2200 se
482 2150 823 2200 intromittunt
850 2151 913 2199 de
947 2151 1080 2200 facto
1112 2167 1222 2199 cum
1256 2149 1318 2198 de
1353 2148 1461 2198 iure
1499 2166 1600 2197 non
1632 2149 1850 2198 debeant
1883 2166 2046 2213 neque
2084 2149 2258 2214 poffint

192 2246 243 2293 in
270 2245 418 2294 terris
444 2252 493 2294 et
516 2244 801 2292 hominibus
826 2243 1168 2309 religiosorum
1195 2241 1466 2291 eorundem
1492 2240 1747 2305 capientes
1773 2241 1920 2289 feoda
1953 2241 2175 2290 indebite
2209 2251 2258 2291 et

191 2335 372 2385 iniuste
424 2337 478 2385 in
532 2335 767 2384 lesionem
821 2336 985 2384 sanfflae
1031 2334 1290 2401 religionis
1337 2341 1387 2383 et
1435 2333 1761 2383 ecclesiastice
1816 2334 2062 2384 libertatis
2109 2352 2257 2400 quam

192 2423 426 2479 tenemur
467 2428 586 2477 totis
622 2427 801 2477 nostris
843 2428 1030 2477 viribus
1069 2433 1394 2476 manutenere
1440 2463 1452 2475 .
1498 2463 1510 2474 .
1555 2463 1567 2475 .
1612 2426 1904 2475 mandamus
1943 2426 2082 2475 vobis
2130 2464 2141 2476 .
2187 2465 2198 2476 .
2243 2466 2255 2477 .

194 2527 437 2585 quatenus
465 2519 632 2567 nullus
658 2518 873 2567 vestrum
898 2519 960 2567 de
986 2525 1156 2568 cetero
1189 2518 1492 2568 intromittat
1514 2519 1561 2567 se
1586 2519 1648 2567 de
1673 2519 1820 2568 terris
1856 2526 1942 2568 aut
1975 2519 2258 2569 hominibus

192 2612 535 2677 religiosorum
562 2612 832 2660 eorundem
860 2618 1037 2660 contra
1058 2611 1341 2660 libertatem
1367 2628 1538 2660 eorum
1567 2611 1792 2676 superius
1822 2612 2130 2662 nominatam
2163 2630 2257 2662 nec

195 2704 343 2752 feoda
366 2692 659 2768 quecunque
684 2701 863 2751 iniuste
899 2710 949 2752 et
982 2703 1204 2752 indebite
1229 2703 1396 2769 capiat
1430 2704 1513 2753 uel
1547 2705 1779 2768 exposcat
1802 2681 2035 2768 quoniam
2063 2706 2256 2754 eosdem

196 2793 451 2858 religiosos
488 2831 500 2843 .
542 2832 554 2844 .
594 2832 606 2843 .
642 2795 715 2844 ita
736 2795 921 2844 liberos
959 2833 970 2844 .
1010 2832 1022 2843 .
1062 2832 1073 2843 .
1112 2794 1206 2846 effe
1228 2797 1456 2846 volumus
1479 2795 1603 2846 ficut
1628 2796 1784 2860 aliqui
1809 2795 1893 2844 alii
1917 2796 1969 2845 in
1994 2797 2255 2862 regalitate

196 2876 439 2934 infeodati
465 2885 598 2933 infra
620 2903 829 2950 regnum
861 2887 1084 2936 nostrum
1122 2925 1134 2937 .
1173 2926 1185 2938 .
1225 2926 1237 2938 .
1275 2888 1484 2938 existere
1519 2888 1843 2938 dinoscuntur
1877 2917 1887 2927 -
1924 2887 1986 2937 In
2011 2889 2151 2938 cuius
2181 2890 2255 2937 rei

198 2976 533 3027 testimonium
567 2978 818 3041 presentes
853 2978 1024 3028 literas
1050 2981 1190 3030 vobis
1214 2980 1543 3030 ostendendas
1567 2988 1616 3029 et
1646 2997 1758 3029 cum
1794 2980 1977 3029 eisdem
2013 2987 2253 3044 perpetuo

198 3069 508 3118 remansuras
543 3068 711 3118 nostro
747 3087 930 3135 magno
967 3069 1125 3136 sigillo
1161 3072 1479 3138 precepimus
1514 3071 1794 3137 consignari
1833 3072 1886 3120 in
1927 3071 2252 3136 parliamento

199 3162 366 3210 nostro
391 3168 530 3210 tento
555 3161 688 3226 apud
714 3159 928 3212 Sconam
950 3163 1022 3212 iii⁰
1045 3164 1126 3212 die
1153 3164 1384 3215 OEtobris
1408 3181 1540 3214 anno
1563 3164 1708 3229 regni
1731 3163 1885 3213 nostri
1910 3163 2171 3213 tricefimo'.
