2762 3834
412 1911 499 1953 ‘231

555 404 651 448 202
999 390 1423 445 REGISTRUM
1458 387 1554 437 DE
1590 382 2149 434 ABERBROTHOC.

556 531 760 580 decimis
787 568 797 578 .
827 568 837 578 .
867 567 877 577 .
903 536 1113 593 quatuor
1136 525 1290 574 bollas
1314 521 1480 570 mundi
1508 519 1620 583 puri
1645 525 1695 566 et
1719 516 1832 565 ficei
1857 516 2092 565 frumenti
2119 532 2230 564 cum
2250 533 2429 564 nouem
2455 517 2599 564 bollis

558 623 681 671 ordii
707 629 755 670 et
778 637 956 669 nouem
993 618 1135 667 bollis
1171 614 1356 663 farrine
1391 611 1615 659 mensure
1651 609 1870 673 predifflffl
1895 609 1959 657 ad
1984 608 2219 657 terminos
2247 609 2477 658 visstualia
2512 609 2598 657 sol-

558 713 706 762 uendi
745 710 998 760 consuetos
1035 738 1044 748 ·
1086 707 1148 755 Et
1172 706 1289 770 quia
1326 703 1507 751 di&um
1543 701 1845 749 Duncanum
1885 700 2136 748 nobiscum
2173 701 2226 748 in
2259 701 2398 749 curia
2432 701 2598 748 nostra

558 814 607 853 et
630 804 751 852 alias
776 801 1095 866 equitandum
1121 807 1169 847 et
1193 795 1520 845 laborandum
1556 792 1860 841 intendimus
1891 808 2100 840 onerare
2134 792 2401 856 sumptibus
2422 774 2598 840 nostris

557 896 710 959 ipsum
735 894 796 942 ab
820 891 1043 939 omnibus
1066 888 1431 937 huibandorum
1458 884 1689 933 oneribus
1726 884 2004 932 relaxamus
2037 883 2171 932 saluo
2196 883 2303 931 iure
2328 883 2600 947 regalitatis

557 985 719 1033 nostre
744 1013 754 1023 ·
792 983 902 1031 Nec
925 981 1094 1030 licebit
1116 979 1340 1044 predi&o
1367 1016 1378 1026 .
1408 1015 1418 1026 .
1447 1015 1456 1026 .
1485 977 1639 1025 distas
1663 985 1821 1025 terras
1848 994 1958 1025 cum
1985 976 2188 1025 decimis
2214 977 2490 1041 cuicunque
2517 1017 2525 1024 .
2553 1016 2561 1024 .
2591 1016 2599 1024 .

558 1076 771 1125 affedare
797 1074 894 1123 fine
920 1072 1087 1121 nostra
1109 1070 1321 1120 licencia
1355 1108 1366 1118 .
1403 1107 1413 1117 .
1448 1107 1458 1117 .
1491 1069 1692 1117 cotariis
1718 1069 1959 1118 duntaxat
1985 1069 2204 1133 exceptis
2239 1095 2249 1106 ·
2287 1068 2351 1117 Et
2375 1078 2602 1133 preterea

560 1170 589 1216 fi
624 1167 738 1215 diui
781 1203 790 1213 .
833 1203 844 1213 .
888 1203 897 1213 .
934 1164 1060 1213 male
1096 1162 1434 1228 persoluentes
1472 1169 1557 1209 aut
1598 1160 1741 1208 nobis
1777 1200 1786 1209 .
1828 1198 1838 1207 .
1864 1199 1883 1219 .·
1920 1160 2140 1208 iniuriosi
2182 1200 2190 1208 .
2237 1198 2247 1208 .
2295 1198 2304 1208 .
2346 1161 2601 1209 extiterint

558 1258 724 1307 licebit
756 1257 896 1305 nobis
936 1294 946 1304 .
986 1294 996 1304 .
1038 1294 1048 1304 .
1086 1256 1146 1303 de
1187 1293 1196 1302 .
1237 1292 1248 1301 .
1286 1292 1295 1302 .
1336 1253 1482 1302 terris
1516 1254 1579 1301 ad
1606 1290 1616 1301 .
1647 1290 1656 1301 .
1685 1293 1694 1301 .
1721 1253 1914 1302 libitum
1942 1293 1951 1301 .
1981 1291 1992 1301 .
2020 1292 2028 1301 .
2056 1253 2314 1318 disponere
2339 1292 2349 1302 .
2377 1294 2385 1302 .
2416 1291 2426 1301 .
2451 1255 2602 1318 Apud

560 1350 826 1414 capit-ulum
850 1347 1065 1396 nostrum
1095 1386 1105 1395 .
1136 1385 1146 1395 .
1176 1385 1186 1395 .
1213 1346 1351 1395 xviii⁰
1376 1346 1455 1394 die
1479 1345 1656 1394 mensis
1682 1345 1983 1394 Nouembris
2009 1362 2140 1393 anno
2166 1344 2371 1395 Domini
2396 1351 2463 1394 m⁰
2487 1363 2602 1394 cccc

559 1445 671 1491 lxxx
697 1442 862 1491 tercio.

563 1695 845 1766 Affedacio
869 1723 1002 1763 terre
1026 1712 1189 1761 nostre
1214 1712 1275 1760 de
1303 1710 1575 1761 Carntoun.

563 1877 840 1948 Uniuerfis
863 1904 1030 1961 pateat
1062 1936 1071 1944 .
1112 1936 1121 1944 .
1163 1935 1172 1944 .
1214 1913 1301 1944 nos
1327 1894 1633 1943 Willelmum
1674 1932 1682 1941 .
1717 1932 1727 1942 .
1764 1931 1774 1940 .
1813 1893 2040 1942 abbatem
2067 1931 2076 1941 .
2105 1932 2113 1940 .
2143 1931 2152 1940 .
2179 1894 2240 1941 de
2266 1893 2600 1942 Abirbrothoc

606 2026 616 2036 .
654 2026 664 2036 .
697 1986 920 2036 affedafl'e
955 2027 963 2035 .
1000 2027 1008 2035 .
1045 2025 1055 2035 .
1092 1987 1296 2035 Andree
1314 1985 1736 2035 Smert-Mariote
1758 1985 1897 2034 vxori
1919 1986 2001 2033 sue
2027 1985 2264 2033 moderno
2284 2014 2294 2024 ·
2316 1985 2603 2034 Alexandro

565 2080 726 2130 Smert
752 2090 800 2129 et
827 2079 1049 2128 Henrico
1089 2078 1251 2128 Smert
1289 2079 1401 2127 filiis
1426 2078 1521 2127 suis
1564 2116 1575 2126 .
1621 2116 1631 2126 .
1677 2118 1686 2126 .
1729 2077 1920 2141 suisque
1946 2077 2315 2126 coadiutoribus
2340 2078 2603 2125 dummodo

562 2214 570 2220 .
598 2214 605 2221 .
637 2211 646 2220 .
674 2174 734 2220 de
760 2173 992 2220 consensu
1017 2171 1182 2219 nostro
1208 2171 1513 2236 recipiantur
1544 2210 1552 2219 .
1589 2208 1599 2218 .
1637 2208 1647 2218 .
1675 2170 1842 2219 villam
1868 2171 2083 2218 nostram
2109 2170 2171 2217 de
2199 2169 2466 2219 Carntown
2495 2187 2603 2217 cum

562 2265 762 2313 decimis
786 2264 1066 2328 garbalibus
1108 2304 1116 2312 .
1156 2304 1163 2312 .
1204 2302 1214 2312 .
1251 2281 1342 2328 pro
1368 2272 1472 2312 toto
1496 2273 1719 2327 tempore
1746 2262 1845 2311 vite
1880 2300 1890 2309 .
1929 2300 1939 2310 .
1978 2301 1987 2310 .
2023 2263 2236 2311 termino
2260 2261 2492 2323 introitus
2518 2300 2528 2309 .
2558 2302 2566 2308 .
2595 2301 2602 2307 .

562 2357 826 2421 incipiente
862 2357 913 2403 in
945 2356 1066 2405 festo
1108 2354 1456 2404 Penthecostes
1495 2356 1661 2403 datam
1702 2354 2009 2419 presencium
2051 2353 2336 2402 immediate
2373 2355 2605 2418 sequente

567 2486 576 2495 .
617 2435 632 2495 .“
668 2486 677 2495 .
714 2447 961 2496 Soluendo
1002 2488 1010 2495 .
1048 2487 1056 2496 .
1096 2486 1106 2495 .
1143 2465 1233 2512 pro
1257 2448 1400 2496 firma
1424 2456 1472 2496 et
1495 2447 1688 2496 decima
1724 2486 1733 2494 .
1772 2486 1781 2495 .
1819 2485 1828 2494 .
1869 2463 2013 2494 vnam
2039 2446 2257 2494 celdram
2283 2446 2394 2509 puri
2420 2453 2468 2493 et
2494 2447 2604 2494 iicci

566 2540 797 2587 frumenti
823 2541 928 2587 oGto
947 2539 1101 2587 bollas
1125 2539 1310 2587 farrine
1336 2540 1592 2588 auenatice
1612 2547 1661 2588 et
1680 2539 2012 2604 quadraginta
2027 2546 2239 2602 quatuor
2254 2538 2409 2586 bollas
2434 2540 2604 2586 mundi
2642 2602 2648 2609 ι

568 2638 617 2677 et
642 2629 752 2677 ficci
778 2630 904 2677 ordii
929 2630 1151 2677 mensure
1187 2630 1281 2678 fori
1314 2631 1558 2679 currentis
1584 2649 1693 2681 cum
1719 2650 1899 2682 nouem
1925 2632 2195 2697 caponibus
2220 2640 2269 2680 et
2292 2631 2401 2679 aliis
2426 2649 2604 2680 nouem

568 2721 713 2785 pullis
738 2720 916 2768 adultis
941 2737 1050 2768 cum
1075 2729 1301 2785 rynmart
1325 2729 1373 2769 et
1394 2722 1581 2786 wethyr
1605 2740 1663 2772 ac
1687 2724 1796 2772 aliis
1829 2724 2060 2772 oneribus
2092 2722 2454 2771 husbandorum
2494 2762 2503 2771 .
2545 2763 2553 2771 .
2595 2764 2603 2772 .

570 2812 634 2860 Et
658 2811 692 2859 fi
718 2811 847 2859 dicta
871 2810 1088 2859 Mai-iota
1124 2851 1132 2858 .
1169 2850 1178 2859 .
1214 2850 1222 2859 .
1259 2811 1367 2875 post
1390 2813 1576 2861 obitum
1596 2814 1743 2879 ipfius
1768 2817 1971 2869 Andree
1996 2816 2211 2879 aliquem
2236 2816 2530 2864 conduxerit
2553 2817 2604 2863 in

570 2904 797 2952 maritum
824 2903 1097 2951 remouebit
1122 2903 1182 2951 de
1208 2903 1336 2951 dieta
1358 2904 1525 2952 nostra
1550 2907 1667 2954 villa
1685 2916 1734 2956 et
1753 2908 1957 2956 decimis
1983 2944 1993 2956 .
2023 2945 2033 2955 .
2064 2945 2074 2955 .
2101 2907 2170 2955 ita
2194 2908 2326 2971 quod
2352 2910 2604 2955 contra&o

569 3014 658 3061 per
682 3013 786 3044 eam
825 2995 1136 3043 matrimonio
1162 2995 1275 3043 dieti
1302 2996 1587 3045 Alexander
1613 3006 1662 3047 et
1687 2998 1939 3047 Henricus
1973 2999 2128 3048 libere
2162 3000 2412 3064 gaudeant
2448 2999 2604 3047 huius-

570 3088 700 3136 modi
729 3086 845 3135 villa
877 3104 986 3135 cum
1021 3086 1223 3135 decimis
1257 3103 1348 3151 pro
1380 3095 1483 3136 toto
1518 3096 1737 3153 tempore
1777 3091 1875 3138 vite
1911 3091 1993 3139 sue
2035 3128 2045 3139 .
2090 3129 2101 3139 .
2148 3129 2159 3139 .
2206 3091 2270 3139 Et
2306 3091 2422 3155 quia
2446 3092 2603 3140 dietus

571 3180 797 3227 Andreas
822 3178 962 3226 nobis
986 3195 1075 3242 pro
1103 3178 1146 3226 se
1175 3195 1323 3227 vxore
1349 3187 1396 3227 et
1420 3179 1533 3227 filiis
1555 3180 1649 3228 suis
1675 3190 1832 3230 certas
1859 3184 1974 3231 fecit
2005 3183 2243 3232 financias
2267 3200 2358 3247 pro
2383 3184 2604 3246 redemp-
