2586 3834
58 2159 163 2232 4547

657 370 1085 422 REGISTRUM
1117 371 1215 420 DE
1252 372 1813 426 ABERBROTHOC.
2170 386 2267 430 425

217 503 498 553 monasterii
535 503 802 552 consistunt
841 505 1075 569 (excepto
1103 502 1458 555 Sanfflziandree
1483 508 1853 574 archiepiscopo
1879 510 1962 558 suo
1988 510 2263 576 ordinario)

214 612 272 644 ae
297 595 522 644 omnibus
548 612 759 660 quorum
782 595 989 644 interest
1011 595 1204 644 litteras
1228 596 1307 646 Pii
1331 615 1457 664 pape
1481 599 1682 648 secundi
1716 601 1994 667 preuilegia
2028 603 2268 669 nonnulla

215 688 525 737 continentes
548 705 606 737 ac
631 688 929 737 monasterio
967 689 1214 737 concessas
1248 706 1444 740 necnon
1482 692 1840 741 executoriales
1871 692 2075 742 Andree
2109 695 2266 743 archi-

214 780 428 845 episcopi
457 779 813 830 Sant‘itiandree
850 780 1092 828 diffluum
1123 775 1400 831 litterarum
1440 785 1717 833 executoris
1753 785 1961 850 desuper
1997 794 2228 835 executos
2256 816 2266 826 ·

212 872 420 939 ipsisque
457 874 697 939 episcopis
737 874 1059 937 omnibusque
1097 873 1207 922 aliis
1241 874 1565 924 inhibendum
1603 877 1688 925 sub
1720 877 1863 942 penis
1894 877 1947 926 in
1982 879 2265 927 memoratis

212 965 390 1014 litteris
416 983 474 1014 ac
501 965 916 1015 executorialibus
954 967 1201 1015 contentis
1225 983 1288 1014 ne
1313 966 1539 1015 abbatem
1565 975 1614 1016 et
1639 976 1938 1026 conuentum
1975 977 2060 1018 aut
2093 986 2263 1018 eorum

211 1057 566 1122 perr‘ochianos
592 1058 918 1106 decimatores
938 1058 1182 1106 firmarios
1208 1058 1408 1106 colonos
1431 1058 1584 1107 laicos
1610 1077 1667 1108 ac
1692 1061 1995 1109 decimarum
2017 1061 2263 1110 debitores

213 1148 467 1198 occafione
508 1149 821 1198 ecclefiarum
859 1157 945 1198 aut
979 1150 1418 1214 sequestrationum
1458 1152 1725 1199 earundem
1765 1152 1846 1200 seu
1883 1153 2027 1201 etiam
2070 1154 2263 1202 ratione

212 1241 492 1291 obedientie
517 1241 777 1290 molestare
803 1248 889 1290 aut
914 1242 1231 1291 ecclesiarum
1256 1242 1443 1290 fructus
1466 1242 1770 1306 sequestrare
1796 1251 1880 1292 aut
1903 1245 2147 1308 predictos
2170 1262 2262 1309 pro

213 1333 517 1382 decimarum
551 1332 794 1381 solutione
831 1334 1261 1383 excommunicare
1297 1336 1581 1399 presumant
1622 1363 1631 1372 ·
1672 1337 2088 1402 subdelegandum
2128 1338 2264 1386 uices

214 1425 492 1475 executoris
534 1415 968 1474 subexecutoribus
1016 1427 1161 1490 super
1197 1426 1423 1476 ulteriori
1463 1428 1752 1477 executione
1788 1428 2065 1477 litterarum
2103 1430 2262 1494 prefa-

213 1518 382 1582 tosque
407 1518 786 1567 subexecutores
810 1519 1166 1582 requirendum
1192 1518 1423 1583 quatinus
1453 1519 1778 1583 personaliter
1802 1520 1955 1568 di&as
1979 1520 2168 1569 litteras
2205 1538 2263 1569 ac

212 1611 472 1660 memorat-i
514 1611 793 1660 executoris
843 1611 1090 1676 procefl'us
1137 1610 1427 1676 supradictis
1469 1610 1707 1675 episcopis
1749 1628 1806 1659 ac
1844 1611 1952 1659 aliis
1989 1611 2217 1660 intiment
2254 1638 2263 1648 ·

214 1703 408 1767 copiam
444 1703 527 1751 seu
564 1703 732 1767 copias
769 1703 1011 1752 dictarum
1043 1704 1323 1754 litterarum
1357 1703 1541 1752 habere
1578 1703 1869 1753 debentibus
1903 1710 1952 1752 et
1984 1704 2263 1767 petentibus

212 1795 484 1860 sumptibus
509 1795 786 1860 petentium
811 1796 1031 1845 dandum
1056 1824 1066 1835 ·
1093 1804 1142 1846 et
1162 1795 1334 1845 omnia*
1346 1795 1629 1845 faciendum
1647 1795 1699 1843 in
1717 1794 1955 1860 premiffis
1972 1794 2263 1845 necessaria·

215 1890 245 1934 5
273 1886 465 1951 Aprilis
493 1891 636 1936 1518.

214 2146 449 2219 «Iacobus
485 2170 934 2219 commendatarius
959 2171 1021 2218 de
1046 2169 1269 2218 Arbroth
1295 2176 1344 2218 et
1369 2176 1642 2218 conuentus
1679 2169 1982 2225 constituunt
2007 2168 2264 2234 magistros

217 2262 475 2311 Andream
514 2261 686 2312 Sibald
720 2262 1079 2311 thesaurarium
1111 2261 1464 2327 Glasguensem
1499 2288 1510 2300 ·
1548 2260 1909 2309 Archibaldum
1944 2260 2122 2325 Layng
2157 2276 2264 2322 pre-

217 2352 424 2417 positum
443 2354 504 2402 de
527 2353 731 2419 Simpile
756 2382 766 2393 ·
792 2353 829 2403 J
830 2355 1038 2403 acobum
1062 2352 1272 2420 Symson
1293 2356 1532 2402 rectorem
1560 2353 1620 2400 de
1639 2351 1972 2417 Kyrkforthir¹
1987 2378 1997 2389 ·
2019 2351 2055 2399 J
2058 2351 2264 2398 acobum

219 2445 452 2512 Lyndsay
475 2448 719 2496 ream-em
744 2446 807 2495 de
830 2446 1055 2512 Forglyn
1085 2474 1096 2484 ·
1129 2446 1349 2495 Alanum
1374 2445 1562 2494 Baxtar
1591 2470 1602 2482 ·
1630 2444 1836 2493 clericos
1862 2471 1873 2482 ·
1899 2450 1948 2490 et
1973 2441 2262 2490 Uillelmum

219 2538 437 2587 Rolland
471 2539 532 2586 de
568 2538 904 2604 Edynburght
940 2546 990 2587 et
1024 2537 1270 2604 Abyrden
1299 2536 1590 2602 burgensem
1628 2562 1638 2572 ·
1679 2535 1788 2583 suos
1822 2542 2168 2598 procuratores
2200 2534 2264 2582 ad

221 2630 606 2694 comparendum
648 2646 815 2678 coram
857 2630 1059 2678 domino
1098 2628 1293 2677 officiali
1340 2626 1671 2677 Abirdonenfi
1719 2626 1884 2675 eiusue
1932 2623 2264 2673 commiffariis

219 2721 271 2769 in
313 2721 517 2770 ecclefia
562 2721 832 2771 cathedrali
875 2720 1242 2770 Habirdonenfi
1289 2720 1399 2769 loco
1447 2718 1765 2768 confistoriali
1812 2717 2025 2766 eiusdem
2073 2717 2153 2765 die
2199 2721 2262 2764 28

220 2812 394 2861 menfis
431 2812 643 2878 Augusti
682 2812 907 2878 proxime
947 2812 1118 2860 futura.
1156 2811 1209 2858 in
1252 2810 1396 2859 causa
1434 2827 1525 2874 per
1566 2809 1838 2873 Georgium
1878 2806 2047 2856 Biffait
2094 2814 2265 2856 contra

215 2911 521 2953 conuentum
542 2910 678 2953 mota
700 2919 897 2953 necnon
922 2918 1089 2952 coram
1114 2901 1486 2966 quibuscunque
1504 2900 1621 2950 ‘aliis
1645 2900 1892 2949 iudicibus
1915 2899 1968 2948 in
1993 2899 2262 2948 actionibus

223 3002 521 3045 conuentum
561 2995 880 3061 tangentibus
916 3001 966 3044 et
1001 2992 1169 3044 omnia
1203 2993 1451 3058 agendum
1490 2993 1544 3043 in
1579 2989 1818 3067 premissis
1855 2989 2120 3040 necessaria
2154 3016 2163 3026 ·
2198 2989 2261 3038 26

224 3086 436 3152 Augusti
463 3092 609 3136 1518.

1212 3265 1303 3308 33
