2762 3834
444 2053 671 2103 406..

453 3052 548 3105 407

588 377 686 423 328
1038 365 1462 421 REGISTRUM
1495 363 1593 414 DE
1627 360 2188 414 ABERBROTHOC.

591 522 702 554 cum
737 504 1021 553 molendino
1057 540 1067 551 .
1104 540 1115 551 .
1153 539 1163 550 .
1201 497 1546 564 expellendum
1581 494 1760 559 eosque
1790 494 2143 560 corrigendum
2165 494 2219 544 in
2244 495 2397 544 caufis
2420 496 2635 560 propriis

588 595 919 645 iurisdictione
943 592 1215 658 regalitatis
1238 588 1402 637 nostre
1427 594 1476 636 et
1500 585 1652 635 curiis
1687 624 1698 636 .
1735 624 1745 636 .
1781 624 1792 635 .
1829 586 2021 652 semper
2043 586 2191 636 saluis
2226 614 2239 626 ·
2275 586 2513 637 Pretcrea
2532 603 2633 636 non

590 687 758 735 licebit
804 685 931 733 dieto
972 720 983 732 .
1025 722 1034 731 .
1078 721 1088 731 .
1130 690 1288 730 terras
1335 695 1447 728 cum
1493 677 1780 727 molendino
1826 685 1877 728 et
1922 678 2127 728 decimis
2168 717 2178 727 .
2215 717 2225 728 .
2263 717 2273 728 .
2315 679 2465 727 alicui
2508 718 2517 727 .
2566 715 2577 727 .
2622 717 2633 727 .

590 776 789 825 maioris
835 774 986 823 status
1031 780 1199 838 preter
1244 770 1410 835 proles
1456 768 1683 817 carnales
1727 769 1957 834 proprias
2001 769 2257 818 masculini
2309 770 2449 819 sexus
2497 806 2509 818 .
2560 807 2571 817 .
2623 807 2634 818 .

591 867 804 917 affedare
846 903 856 914 .
896 904 906 914 .
946 903 956 913 .
999 864 1098 913 fine
1141 862 1309 911 nostra
1350 859 1550 925 speciali
1592 859 1807 909 licencia
1855 896 1866 908 .
1912 897 1925 908 .
1970 897 1983 909 .
2030 859 2295 910 husbandis
2342 868 2391 910 et
2437 861 2638 911 cotariis

645 996 655 1007 .
701 996 712 1006 .
756 957 976 1022 exceptis
1010 985 1022 996 ·
1060 955 1269 1019 Insuper
1291 953 1327 1001 fi
1352 938 1511 1001 dictus
1552 989 1563 1000 .
1603 991 1613 1002 .
1653 990 1664 1002 .
1705 959 1755 1001 et
1776 951 1850 1002 sui
1873 951 2101 1018 affignati
2140 990 2152 1001 .
2195 990 2207 1001 .
2246 990 2258 1002 .
2294 953 2482 1002 fuerint
2509 972 2526 1001 ·.
2573 990 2585 1001 .
2624 991 2634 1002 .

589 1049 807 1099 iniuriofi
857 1086 867 1097 .
918 1085 930 1096 .
981 1084 992 1095 .
1039 1045 1211 1096 licebit
1258 1045 1401 1094 nobis
1445 1082 1457 1093 .
1502 1081 1514 1093 .
1558 1082 1569 1093 .
1610 1043 1673 1092 de
1716 1079 1727 1092 .
1770 1079 1782 1093 .
1820 1081 1831 1092 .
1873 1043 2022 1093 terris
2071 1080 2083 1092 .
2134 1080 2146 1092 .
2196 1080 2208 1093 .
2256 1044 2542 1093 molendino
2589 1053 2638 1094 et

591 1141 793 1191 decimis
833 1178 843 1189 .
882 1177 892 1189 .
934 1177 945 1188 .
984 1140 1048 1188 ad
1088 1176 1098 1187 .
1140 1177 1150 1187 .
1194 1176 1204 1187 .
1245 1137 1443 1186 libitum
1484 1174 1495 1185 .
1536 1175 1548 1186 .
1590 1171 1603 1185 .
1645 1135 1905 1200 disponere
1944 1172 1957 1184 .
2002 1172 2014 1184 .
2059 1172 2071 1184 .
2112 1135 2266 1201 Apud
2289 1136 2638 1187 monasterium

592 1273 602 1283 .
649 1273 660 1283 .
706 1272 716 1282 .
761 1234 842 1281 die
866 1232 1127 1281 vndecimo
1150 1230 1328 1279 menfis
1357 1229 1483 1280 Maii
1519 1244 1651 1278 anno
1685 1226 1894 1276 Domini
1927 1227 2183 1277 millefimo
2217 1228 2606 1294 quingentesimo
2629 1257 2640 1268 ·

590 1326 812 1375 Vlterius
839 1325 1062 1374 volumus
1087 1324 1220 1389 quod
1264 1360 1276 1372 .
1320 1360 1332 1372 .
1378 1359 1391 1372 .
1435 1322 1727 1372 Alexander
1750 1337 1851 1370 non
1878 1320 2031 1370 faciat
2074 1358 2086 1370 .
2131 1358 2143 1370 .
2187 1358 2199 1369 .
2242 1320 2504 1385 affignatos
2538 1320 2639 1370 fine

589 1418 756 1467 nostra
779 1416 992 1466 licencia
1033 1453 1045 1465 .
1090 1453 1102 1464 .
1147 1452 1158 1464 .
1200 1421 1371 1480 preter
1392 1414 1522 1463 filios
1544 1415 1775 1480 proprios
1797 1413 2041 1480 legittime
2063 1420 2350 1479 procreatos
2374 1414 2640 1463 dummodo

588 1510 705 1559 dieti
729 1509 817 1558 filii
839 1509 921 1557 seu
945 1524 1116 1557 eorum
1141 1507 1319 1572 aliquis
1365 1545 1376 1555 .
1419 1544 1431 1555 .
1477 1543 1488 1555 .
1528 1506 1671 1557 nobis
1705 1505 2018 1572 presentetur
2051 1505 2229 1571 quibus
2262 1506 2553 1572 presentatis
2589 1507 2639 1556 in

589 1601 848 1667 affignatos
873 1600 1203 1650 admittemus.

590 1850 849 1938 Dunbolg
870 1872 1180 1937 presentatur
1202 1872 1437 1939 magister
1459 1871 1496 1922 J
1499 1871 1717 1922 ohannes
1741 1872 2046 1922 Androsone.

725 2091 735 2101 .
780 2053 816 2102 J
819 2054 971 2103 acobo
1025 2092 1036 2103 .
1090 2092 1101 2103 .
1149 2091 1161 2103 .
1215 2054 1585 2120 archiepiscopo
1625 2052 1980 2105 Sanaiandree
2031 2092 2042 2105 .
2095 2092 2107 2105 .
2160 2092 2174 2105 .
2225 2054 2400 2107 Scocie
2438 2056 2639 2121 primati

591 2144 810 2208 sedisque
836 2146 1100 2211 apostolice
1123 2146 1289 2212 legato
1312 2154 1431 2196 nato
1455 2164 1514 2196 ac
1538 2146 1655 2196 duci
1678 2145 1840 2196 Roffie
1864 2152 1955 2196 etc.
1998 2184 2009 2195 .
2050 2183 2062 2195 .
2101 2183 2113 2195 .
2151 2146 2323 2197 Dauid
2354 2187 2364 2196 .
2399 2187 2410 2197 .
2444 2186 2453 2197 .
2488 2148 2638 2197 abbas

720 2276 729 2286 .
784 2238 845 2286 de
870 2238 1210 2289 Abirbrothoc
1262 2279 1272 2289 .
1324 2276 1336 2288 .
1386 2279 1396 2289 .
1448 2239 1766 2289 reuerencias
1807 2276 1819 2287 .
1860 2275 1871 2287 .
1916 2275 1928 2288 .
1975 2239 2063 2289 Ad
2086 2239 2323 2289 vicariam
2346 2246 2636 2305 perpetuam

592 2327 792 2378 ecclefie
811 2329 1136 2394 parrochialis
1154 2330 1216 2379 de
1233 2329 1475 2396 Dunbolg
1509 2368 1520 2380 .
1557 2369 1568 2380 .
1604 2368 1616 2380 .
1647 2337 1906 2381 vacantem
1925 2347 2016 2396 per
2033 2337 2243 2380 mortem
2278 2369 2289 2380 .
2324 2368 2336 2381 .
2374 2370 2384 2380 .
2418 2330 2639 2396 magistri

594 2419 833 2469 Willelmi
857 2421 1090 2471 Allerdes
1131 2460 1142 2471 .
1178 2461 1189 2471 .
1226 2460 1237 2471 .
1278 2423 1567 2489 magistrum
1592 2422 1629 2472 J
1631 2422 1876 2473 ohannem
1900 2423 2108 2472 Andree
2132 2423 2294 2472 vestre
2327 2461 2339 2473 .
2381 2462 2390 2472 .
2430 2462 2440 2471 .
2475 2431 2636 2488 pater-

597 2511 743 2559 nitati
784 2550 794 2560 .
835 2550 844 2560 .
883 2551 892 2560 .
934 2514 1270 2577 presentamus
1303 2553 1313 2563 .
1351 2553 1361 2563 .
1395 2553 1405 2564 .
1444 2514 1598 2580 Apud
1635 2552 1647 2564 .
1682 2551 1694 2563 .
1731 2552 1742 2563 .
1776 2513 2127 2564 monasterium
2150 2514 2232 2563 die
2266 2553 2277 2564 .
2315 2553 2324 2563 .
2362 2553 2372 2563 .
2410 2513 2637 2565 vicesimo

598 2602 810 2650 secundo
833 2603 1007 2652 menfis
1032 2603 1157 2654 Maii
1181 2622 1313 2654 anno
1336 2605 1545 2655 Domini
1568 2606 1824 2656 millefimo
1849 2606 2250 2671 quingentesimo.

599 2849 849 2936 Baldovy
874 2869 1114 2921 affedatur
1138 2870 1308 2921 Dauid
1330 2872 1492 2939 Irnys.

605 3090 615 3102 .
656 3091 667 3101 .
710 3091 720 3102 .
757 3051 932 3102 Pateat
967 3089 979 3102 .
1020 3091 1031 3103 .
1071 3090 1083 3102 .
1118 3070 1209 3102 nos
1248 3053 1418 3104 Dauid
1459 3093 1470 3104 .
1513 3094 1522 3104 .
1565 3095 1575 3104 .
1617 3057 1846 3107 abbatem
1888 3093 1900 3105 .
1939 3095 1949 3106 .
1987 3095 1998 3107 .
2036 3057 2100 3107 de
2139 3056 2479 3107 Abirbrothoc
2516 3094 2529 3107 .
2571 3094 2580 3104 .
2623 3091 2635 3104 .

603 3142 827 3194 affedaffe
877 3183 888 3194 .
947 3183 957 3194 .
1011 3182 1022 3194 .
1072 3144 1243 3194 Dauid
1290 3144 1438 3210 Irnys
1486 3154 1536 3194 et
1585 3146 1772 3213 Agneti
1814 3148 1986 3213 sponse
2031 3149 2114 3198 sue
2159 3186 2171 3198 .
2214 3186 2225 3198 .
2273 3187 2283 3198 .
2332 3157 2383 3198 et
2417 3147 2519 3196 filio
2552 3147 2636 3196 suo
