2762 3834
418 812 513 856 342

431 2634 528 2678 343

563 406 659 451 282
1010 400 1432 452 REGISTRUM
1466 398 1563 447 DE
1599 397 2157 449 ABERBROTHOC.

565 611 847 683 Affedacio
873 624 1073 673 dimidie
1098 623 1252 687 partis
1280 621 1391 669 ville
1418 621 1479 669 de
1504 620 1785 670 Burntoun.

567 783 842 856 Uniuerfis
866 807 1032 865 pateat
1075 836 1086 847 .
1132 836 1143 847 .
1189 837 1199 847 .
1244 816 1333 847 nos
1365 798 1536 847 Dauid
1581 836 1592 847 .
1635 837 1646 847 .
1693 837 1704 847 .
1748 799 1975 849 abbatem
2018 838 2029 848 .
2079 838 2090 848 .
2131 839 2140 848 .
2184 800 2245 848 ‹le
2270 800 2608 850 Abirbrothoc

679 932 689 942 .
734 891 957 942 affedafl'e
999 931 1007 941 .
1052 931 1061 940 .
1104 931 1113 940 .
1158 890 1409 940 Willelmo
1434 890 1696 940 Dwrward
1734 898 1783 940 et
1818 891 2007 956 Agneti
2046 891 2216 956 sponse
2251 892 2334 940 sue
2377 932 2386 941 .
2422 931 2431 941 .
2468 932 2478 941 .
2521 909 2610 956 pro

565 994 666 1035 toto
692 993 910 1048 tempore
937 983 1035 1032 vite
1071 1022 1080 1030 .
1119 1022 1127 1030 .
1166 1022 1175 1031 .
1213 982 1468 1031 dimidiam
1491 990 1686 1047 partem
1722 991 1970 1032 terrarum
2003 982 2118 1032 ville
2150 983 2315 1031 nostre
2352 983 2414 1032 de
2451 983 2608 1032 Burn-

565 1086 682 1126 toun
732 1091 941 1123 vnacum
994 1073 1198 1122 decimis
1248 1073 1534 1137 garbalibus
1576 1114 1585 1124 .
1630 1114 1639 1123 .
1689 1114 1698 1123 .
1745 1073 1997 1124 Soluendo
2040 1113 2049 1123 .
2087 1114 2095 1123 .
2134 1114 2144 1123 .
2186 1092 2278 1139 pro
2321 1075 2464 1123 firma
2505 1115 2514 1124 .
2552 1115 2561 1124 .
2601 1115 2610 1123 .

566 1170 684 1218 duas
726 1167 916 1216 celdras
958 1165 1095 1214 ordei
1138 1182 1248 1214 cum
1296 1166 1501 1230 antiqua
1542 1166 1769 1214 mensura
1816 1173 1866 1214 et
1914 1182 2060 1214 vnam
2109 1165 2327 1215 celdram
2375 1167 2609 1215 frumenti

566 1261 777 1309 eiusdem
808 1259 1032 1307 mensure
1069 1259 1132 1306 ad
1167 1257 1404 1306 terminos
1438 1257 1716 1306 huiusmodi
1754 1256 1986 1306 vi&ualia
2015 1257 2237 1307 soluendi
2274 1257 2528 1308 consuetos
2564 1265 2611 1306 et

566 1371 655 1419 pro
684 1352 888 1402 dimidia
921 1359 1062 1417 parte
1097 1351 1400 1399 decimarum
1433 1389 1442 1399 .
1476 1390 1485 1400 .
1524 1390 1533 1399 .
1571 1349 1947 1415 quatuordecim
1983 1349 2141 1398 bollas
2176 1350 2304 1398 ordii
2340 1358 2388 1400 et
2423 1351 2611 1400 sarrine

566 1447 789 1496 mensure
812 1445 907 1494 fori
933 1444 1177 1493 currentis
1202 1451 1251 1493 et
1275 1444 1396 1493 duas
1419 1437 1577 1492 bollas
1600 1440 1837 1490 frumenti
1871 1440 2087 1490 eiusdem
2111 1441 2335 1490 mensure
2360 1442 2423 1490 ad
2447 1443 2611 1491 termi-

567 1556 655 1587 nos
680 1538 933 1588 consuetos
959 1554 1071 1586 cum
1094 1537 1175 1585 sex
1201 1536 1470 1601 caponibus
1492 1543 1719 1602 rynmart
1744 1543 1793 1584 et
1817 1534 2005 1583 weddir
2030 1541 2078 1583 et
2102 1533 2211 1583 aliis
2245 1534 2612 1584 husbandorum

568 1631 798 1680 oneribus
836 1670 845 1679 .
884 1669 893 1678 .
930 1667 942 1679 .
981 1628 1218 1678 Preterea
1241 1626 1275 1674 fi
1313 1668 1321 1676 .
1360 1668 1369 1676 .
1407 1667 1416 1677 .
1455 1628 1581 1676 male
1605 1627 1939 1693 persoluentes
1964 1634 2049 1677 aut
2072 1627 2215 1676 nobis
2251 1666 2260 1676 .
2298 1667 2307 1676 .
2345 1667 2355 1676 .
2391 1626 2611 1676 iniuriosi

676 1762 685 1770 .
729 1721 982 1770 extiterint
1023 1720 1193 1769 licebit
1227 1721 1369 1769 nobis
1412 1760 1421 1768 .
1466 1760 1474 1768 .
1518 1760 1527 1769 .
1570 1720 1631 1768 de
1674 1759 1683 1768 .
1722 1758 1731 1768 .
1770 1759 1779 1768 .
1823 1718 1969 1768 terris
2008 1736 2119 1768 cum
2162 1719 2394 1768 decima.
2431 1759 2440 1768 .
2475 1758 2484 1769 .
2522 1721 2612 1768 dis-

569 1830 753 1878 ponere
790 1852 799 1861 .
837 1853 846 1862 .
883 1853 893 1861 .
931 1812 1041 1861 Nec
1064 1812 1232 1861 licebit
1257 1813 1327 1861 eis
1368 1850 1379 1861 .
1424 1850 1435 1860 .
1483 1850 1493 1860 .
1535 1812 1713 1861 dictam
1755 1850 1765 1860 .
1806 1849 1816 1860 .
1857 1850 1868 1860 .
1902 1819 2094 1877 partem
2121 1829 2231 1861 cum
2258 1812 2459 1861 decimis
2498 1850 2509 1861 .
2549 1850 2559 1861 .
2601 1850 2612 1861 .

572 1905 715 1954 alteri
758 1903 972 1953 affedare
1019 1905 1117 1953 fine
1164 1904 1331 1953 nostra
1375 1905 1588 1954 licencia
1629 1945 1637 1954 .
1681 1945 1691 1954 .
1735 1945 1744 1954 .
1788 1905 2010 1955 cottariis
2054 1945 2064 1955 .
2111 1944 2122 1954 .
2168 1943 2180 1954 .
2225 1906 2443 1971 exceptis
2487 1944 2499 1954 .
2545 1944 2556 1954 .
2602 1944 2612 1954 .

573 1998 724 2062 Apud
747 1997 1080 2047 Abirbrothoc
1104 1997 1295 2047 decimo
1321 1998 1454 2047 sexto
1480 1998 1559 2046 die
1584 1997 1760 2047 menfis
1783 1997 1819 2047 J
1822 1997 1926 2046 unii
1951 2015 2081 2047 anno
2116 1997 2323 2047 Domini
2360 1998 2613 2048 millesimo

575 2096 708 2138 cccc⁰
732 2090 1044 2155 nonogesimo
1070 2090 1237 2140 tercio.

574 2338 787 2409 Littera
811 2358 1029 2407 officialis
1057 2357 1408 2407 Sanaiandree
1432 2375 1524 2423 pro
1550 2359 1709 2407 officio
1735 2358 1993 2407 cellerarie
2017 2359 2079 2407 de
2104 2358 2441 2408 Abirbrothoc
2465 2375 2616 2423 penes

578 2450 826 2499 ecclefiam
852 2450 912 2498 de
938 2449 1169 2499 Garwok.

582 2608 838 2682 Officialis
875 2627 1223 2677 Sanaiandree
1260 2636 1431 2678 curato
1466 2627 1667 2677 ecclefie
1702 2627 2002 2692 parochialis
2040 2627 2101 2676 de
2141 2626 2359 2676 Garwok
2396 2628 2478 2676 seu
2517 2628 2616 2675 cui-

582 2737 775 2785 cunque
799 2719 942 2768 alteri
967 2719 1222 2783 capellano
1248 2726 1419 2768 curato
1439 2719 1517 2768 vel
1539 2737 1640 2768 non
1666 2726 1838 2768 curato
1861 2719 1994 2768 infra
2016 2717 2246 2768 diocesim
2266 2717 2616 2768 Sanffiandree

582 2813 754 2862 diuina
777 2810 1046 2860 celebranti
1069 2810 1272 2858 salutem
1297 2838 1308 2848 ·
1335 2809 1467 2868 Quia
1503 2848 1514 2858 .
1554 2848 1565 2859 .
1606 2848 1617 2859 .
1655 2811 1855 2860 abbates
1893 2847 1905 2859 .
1944 2847 1956 2858 .
1995 2847 2007 2859 .
2044 2809 2106 2858 de
2129 2810 2462 2859 Abirbrothoc
2502 2848 2513 2858 .
2554 2847 2564 2857 .
2605 2847 2617 2858 .

582 2903 798 2953 decimas
815 2901 1185 2967 garbalesdiae
1210 2900 1410 2950 ecclesie
1432 2901 1688 2950 cellerario
1724 2941 1733 2951 .
1771 2941 1780 2951 .
1819 2941 1827 2951 .
1866 2899 2148 2949 monasterii
2172 2917 2264 2965 pro
2289 2900 2453 2966 aliqua
2476 2908 2617 2965 parte

583 2995 951 3046 sustentacionis
992 3031 1003 3043 .
1049 3030 1060 3041 .
1104 3032 1112 3042 .
1156 3001 1426 3042 conuentus
1463 2992 1701 3059 affignare
1738 2993 2100 3042 consueuerunt
2137 3030 2149 3040 .
2188 3030 2198 3040 .
2237 3030 2249 3041 .
2287 3000 2336 3042 et
2372 2999 2426 3041 ut
2461 2993 2617 3041 fertur

582 3086 809 3137 nonnulli
834 3085 1019 3135 domini
1044 3093 1093 3134 et
1117 3085 1212 3133 viri
1237 3091 1338 3133 tam
1360 3084 1649 3149 parochiani
1689 3125 1698 3134 .
1738 3125 1747 3134 .
1790 3124 1801 3134 .
1835 3103 1981 3151 quam
2021 3124 2032 3134 .
2066 3123 2077 3134 .
2112 3123 2122 3133 .
2163 3092 2303 3134 extra
2338 3123 2348 3132 .
2384 3122 2394 3132 .
2429 3123 2439 3134 .
2476 3101 2617 3149 paro-

584 3180 741 3229 chiam
781 3195 890 3228 cum
915 3176 1117 3226 decimis
1148 3177 1276 3225 diae
1312 3175 1514 3225 ecclefie
1549 3176 1881 3226 intromittere
1920 3214 1930 3225 .
1970 3214 1981 3225 .
2021 3214 2031 3225 .
2069 3176 2296 3225 nituntur
2333 3215 2342 3223 .
2380 3215 2389 3223 .
2428 3212 2438 3223 .
2477 3175 2618 3239 super
