2586 3834
285 595 377 638 581

282 1891 378 1934 583

434 371 530 417 438
880 361 1306 414 REGISTRUM
1340 359 1437 410 DE
1474 356 2030 409 ABERBROTHOC.

435 570 915 644 commendatarius
974 586 1157 636 assedat
1215 583 1476 634 Elizabeth
1532 583 1768 634 comitisse
1816 585 1878 634 de
1927 584 2120 634 Huntle
2168 586 2479 652 eiusdemque

434 682 669 748 affignato
706 680 788 729 vni
828 696 927 727 non
970 678 1170 726 maioris
1206 678 1357 725 status
1393 693 1542 740 quam
1577 677 1682 742 ipsa
1711 693 1804 742 pro
1836 680 2054 742 quinque
2091 678 2233 727 annis
2269 680 2484 728 decimas

432 774 657 839 garbales
682 771 882 821 ecclesie
907 771 967 819 de
995 770 1250 820 Glammes
1292 800 1302 811 ·
1345 767 1598 819 Soluendo
1624 776 1822 818 centum
1846 769 1998 819 libras
2018 776 2231 819 ‘monete
2259 769 2432 820 Scocie
2472 795 2481 804 ·

436 870 490 913 11
520 864 645 913 Julii
675 867 820 912 1524.

432 1122 582 1193 Idem
608 1150 843 1192 exonerat
869 1142 1117 1192 dominam
1143 1142 1405 1191 Elizabeth
1431 1142 1572 1209 Gray
1598 1142 1884 1193 comitissam
1910 1144 1971 1192 de
1997 1142 2191 1192 Huntle
2216 1144 2277 1191 de
2301 1142 2485 1191 summa

431 1235 791 1301 quinquaginta
824 1235 1063 1284 librarum
1100 1242 1296 1285 monete
1337 1234 1511 1285 Scocie
1546 1253 1638 1300 pro
1674 1236 1878 1285 decimis
1914 1236 2116 1285 ecclesie
2141 1236 2203 1284 de
2228 1234 2485 1300 Glammys

431 1330 490 1377 de
516 1329 725 1377 termino
754 1328 919 1379 Sancti
941 1328 1080 1377 Petri
1105 1328 1375 1378 aduincula
1398 1329 1449 1377 in
1477 1346 1608 1377 anno
1636 1332 1766 1377 1523
1807 1355 1818 1367 ·
1861 1335 1910 1378 et
1935 1329 1996 1377 de
2022 1328 2249 1377 omnibus
2285 1327 2483 1376 summis

431 1423 749 1471 terminorum
799 1423 1017 1487 quinque
1071 1438 1314 1471 annorum
1376 1429 1725 1471 contentorum
1771 1421 1824 1470 in
1869 1421 2174 1471 assedacione
2234 1421 2483 1485 quondam

431 1514 735 1563 Allexandro
772 1514 941 1563 comiti
977 1515 1038 1563 de
1075 1513 1269 1563 Huntle
1294 1521 1343 1562 et
1368 1513 1529 1562 eidem
1566 1513 1836 1563 Elezabeth
1863 1515 1980 1563 data
2004 1515 2067 1568 27
2098 1513 2327 1563 Octobris
2356 1516 2483 1562 1518

431 1614 482 1654 ut
506 1613 642 1671 patet
664 1623 754 1671 per
780 1606 1115 1670 acquitancias
1141 1605 1492 1655 officiariorum
1518 1606 1710 1656 abbatis
1736 1634 1748 1646 ·
1773 1610 1839 1655 20
1861 1604 2074 1672 Augusti
2101 1610 2247 1654 1524.

432 1860 620 1931 Dauid
657 1881 806 1930 abbas
843 1881 905 1929 de
942 1879 1202 1946 Arbroyth
1241 1879 1501 1929 confirmat
1540 1887 1728 1946 cartam
1768 1879 1821 1928 in
1862 1880 1956 1929 hec
1992 1881 2144 1930 verba
2179 1908 2190 1920 ·
2225 1879 2482 1930 Vniuersis

434 1972 616 2022 Christi
639 1972 864 2021 fidelibus
887 1972 1016 2021 hanc
1042 1980 1227 2021 cartam
1247 1971 1423 2021 uisuris
1439 1972 1519 2021 vel
1544 1973 1787 2022 audituris
1812 1972 2061 2022 Robertus
2089 1971 2206 2022 Scot
2229 1972 2482 2037 burgensis

431 2065 492 2112 de
517 2064 738 2113 Arbroth
762 2064 963 2113 salutem
987 2064 1038 2113 in
1064 2064 1286 2113 Domino
1312 2063 1657 2128 sempiternam
1692 2092 1703 2104 ·
1741 2065 1875 2125 Quia
1897 2082 1988 2131 per
2011 2065 2119 2130 pias
2152 2065 2409 2114 oraciones
2433 2072 2482 2113 et

432 2156 727 2204 dcuociones
752 2174 809 2205 ac
833 2154 1080 2205 missarum
1105 2156 1189 2205 vbi
1215 2155 1442 2206 Christus
1476 2156 1578 2207 Dei
1613 2157 1770 2207 Filius
1794 2174 1886 2223 pro
1910 2158 2127 2223 peccatis
2152 2156 2329 2205 nostris
2351 2156 2482 2222 patri

432 2248 635 2297 offertur
671 2248 1036 2298 celebraciones
1070 2248 1328 2313 presertim
1369 2250 1631 2299 continuas
1665 2250 1748 2315 pie
1790 2250 2013 2299 creditur
2049 2256 2257 2314 peccata
2297 2249 2481 2299 dimitti

430 2341 705 2405 purgatorii
728 2358 882 2405 penas
906 2341 1132 2390 demoliri
1156 2348 1207 2390 et
1231 2341 1293 2389 ab
1318 2341 1499 2390 eisdem
1525 2341 1871 2390 defun&orum
1907 2341 2096 2390 animas
2119 2340 2323 2390 liberari
2346 2357 2404 2389 ac
2428 2341 2481 2389 in

430 2432 641 2495 paradisi
664 2433 898 2498 gaudium
924 2433 1159 2483 collocari
1197 2463 1207 2473 ·
1242 2433 1361 2482 hinc
1397 2435 1469 2483 est
1503 2434 1637 2498 quod
1661 2450 1754 2498 ego
1779 2433 2028 2482 Robertus
2055 2432 2174 2483 Scot
2205 2432 2481 2482 antedi&us

431 2522 511 2585 pie
536 2524 821 2573 deuocionis
852 2526 1029 2574 affefiim
1064 2525 1115 2575 in
1151 2526 1340 2576 honore
1367 2524 1545 2576 San&e
1570 2533 1620 2574 et
1643 2524 1910 2574 Indiuidue
1937 2524 2201 2575 Trinitatis
2234 2524 2397 2573 Patris
2433 2532 2482 2573 et

434 2613 550 2662 Filii
586 2623 635 2663 et
672 2615 885 2681 Spiritus
923 2616 1086 2667 Sancti
1124 2618 1459 2684 gloriosiffime
1496 2617 1704 2683 virginis
1735 2616 1899 2666 Marie
1935 2623 1984 2665 et
2023 2614 2190 2666 saneti
2226 2615 2481 2680 Dupthaci

435 2706 631 2768 patroni
676 2708 893 2756 omnium
940 2709 1214 2758 sanctorum
1256 2718 1306 2760 et
1347 2711 1621 2760 sanEtarum
1668 2708 1769 2757 Dei
1811 2725 1958 2757 vnam
2005 2707 2330 2772 capellaniam
2372 2724 2480 2772 per-

436 2803 636 2859 petuam
674 2814 785 2845 eum
822 2798 1034 2847 eiusdem
1073 2801 1328 2865 capellano
1369 2803 1423 2851 in
1462 2802 1654 2867 capella
1693 2802 1755 2850 de
1796 2800 2058 2867 Arbroyth
2090 2817 2245 2865 prope
2280 2807 2479 2864 pontem

437 2887 650 2936 eiusdem
681 2889 797 2937 ville
833 2890 894 2938 de
928 2907 1061 2939 nouo
1095 2891 1351 2941 fundatam
1385 2894 1588 2943 fauente
1623 2893 1843 2942 Domino
1881 2892 2091 2957 disposui
2127 2899 2177 2941 et
2213 2891 2440 2941 ordinaui
2467 2920 2477 2932 ·
2560 2875 2572 2915 j.

438 2978 688 3028 Nouerint
710 2979 863 3045 igitur
881 2980 1094 3030 vniuersi
1119 2990 1168 3032 et
1192 2983 1366 3049 singuli
1390 3001 1469 3034 me
1494 2985 1664 3034 diuine
1689 2983 2129 3049 contemplacionis
2152 2983 2336 3033 intuitu
2360 2984 2478 3033 dare

438 3077 487 3119 et
522 3071 795 3121 concedere
819 3079 870 3121 et
890 3072 986 3121 hac
1008 3075 1222 3138 presenti
1259 3084 1396 3126 carta
1429 3094 1541 3126 mea
1574 3077 1637 3126 ad
1671 3083 1915 3125 mortuam
1951 3093 2153 3125 manum
2189 3076 2478 3124 confirmare

438 3160 550 3211 Deo
591 3170 641 3211 et
680 3161 1011 3226 gloriosissime
1050 3165 1231 3231 virgini
1269 3165 1431 3217 Marie
1469 3175 1519 3217 et
1559 3167 1725 3219 Sanffl
1766 3167 2023 3233 Dupthaci
2064 3167 2193 3215 dieto
2234 3166 2380 3215 altari
2420 3182 2477 3215 ac
