2762 3834
442 782 534 824 411

447 2235 541 2278 412

589 374 690 420 332
1030 363 1455 419 REGISTRUM
1489 363 1588 413 DE
1624 360 2183 413 ABERBROTHOO.

591 572 899 660 Cunynghil
923 592 1167 640 afl'edatur
1189 589 1224 637 J
1227 587 1411 636 ohanni
1436 582 1682 635 Aldstone
1702 591 1753 633 et
1774 584 1811 633 J
1813 592 1959 634 onete
1982 584 2099 634 Scot
2122 586 2288 650 sponse
2313 586 2539 636 eiusdem.

593 812 604 822 .
644 812 655 822 .
699 810 709 820 .
745 773 920 821 Pateat
962 807 973 818 .
1013 805 1024 818 .
1066 807 1076 817 .
1120 785 1209 816 nos
1252 767 1421 815 Dauid
1459 805 1469 815 .
1509 804 1520 815 .
1560 804 1571 815 .
1609 767 1834 816 abbatem
1874 803 1885 815 .
1931 804 1942 815 .
1982 804 1993 815 .
2032 767 2095 815 de
2132 767 2473 817 Abirbrothoc
2514 806 2523 816 .
2565 807 2574 817 .
2621 807 2629 815 .

591 862 813 913 afl'edafl'e
849 901 858 910 .
898 899 908 910 .
944 899 954 908 .
996 861 1032 909 J
1035 859 1218 908 ohanni
1257 857 1500 906 Aldstone
1538 866 1587 907 et
1619 857 1803 907 Jonete
1843 856 1961 908 Scot
1995 858 2166 923 sponse
2205 857 2286 907 sue
2333 896 2344 906 .
2387 897 2397 908 .
2443 896 2454 907 .
2497 859 2632 908 illam

589 955 779 1020 peciam
816 961 947 1002 terre
978 950 1142 1000 nostre
1178 951 1239 999 de
1278 949 1568 1015 Cunynghil
1602 950 1849 999 iacentem
1882 950 2014 999 inter
2047 950 2285 999 Wardam
2320 950 2535 1000 nostram
2572 952 2631 1000 de

591 1045 925 1095 Abirbrothoc
967 1052 1016 1093 et
1057 1058 1368 1092 communem
1409 1042 1539 1091 viam
1574 1042 1761 1107 regiam
1799 1059 1900 1106 qua
1934 1042 2034 1091 itur
2070 1042 2134 1090 ad
2169 1041 2471 1099 Nor-thterre
2509 1082 2518 1091 .
2563 1081 2574 1090 .
2621 1079 2631 1090 .

589 1156 679 1204 pro
715 1145 818 1186 toto
854 1145 1075 1200 tempore
1112 1134 1212 1184 vite
1251 1173 1260 1183 .
1298 1171 1308 1182 .
1343 1172 1353 1182 .
1391 1134 1766 1198 quibusquidem
1803 1134 1948 1182 terris
1983 1134 2231 1199 gaudebat
2254 1133 2352 1199 ipse
2376 1134 2412 1183 J
2415 1134 2633 1182 ohannes

590 1229 811 1294 pluribus
836 1227 977 1276 annis
1018 1264 1029 1274 .
1072 1263 1083 1274 .
1125 1263 1135 1274 .
1174 1224 1435 1274 retroactis
1460 1254 1470 1264 ·
1495 1225 1708 1274 termino
1728 1241 1848 1273 vero
1864 1225 2100 1274 introitus
2141 1263 2151 1273 .
2192 1263 2203 1274 .
2243 1266 2253 1276 .
2295 1226 2564 1291 incipiente
2583 1227 2633 1274 in
2736 1234 2740 1239 '

590 1321 710 1370 festo
751 1317 1101 1368 Penthecostes
1143 1317 1307 1365 datam
1354 1316 1663 1381 presencium
1709 1317 1998 1366 immediate
2040 1316 2273 1381 sequente
2321 1346 2332 1357 ·
2385 1316 2635 1367 Soluendo

593 1451 604 1461 .
643 1450 654 1461 .
689 1450 700 1461 .
737 1413 908 1460 decem
931 1410 1088 1459 bollas
1114 1409 1244 1458 ordii
1266 1409 1330 1458 ad
1354 1409 1592 1469 terminos
1632 1446 1643 1457 .
1684 1446 1695 1456 .
1736 1446 1746 1456 .
1783 1409 2045 1458 consuetos
2077 1446 2088 1457 .
2131 1447 2142 1457 .
2181 1446 2192 1457 .
2228 1409 2296 1458 'Et
2321 1409 2354 1457 fi
2379 1410 2635 1475 contingat

591 1506 718 1570 ipsos
758 1502 1014 1552 iniuriosos
1059 1501 1152 1552 effe
1195 1539 1205 1549 .
1249 1540 1258 1550 .
1303 1539 1314 1550 .
1358 1501 1441 1551 seu
1481 1501 1610 1550 male
1649 1499 1986 1565 persoluentes
2026 1499 2198 1549 licebit
2236 1500 2381 1549 nobis
2422 1538 2432 1549 .
2470 1539 2479 1549 .
2518 1538 2530 1548 .
2574 1501 2635 1548 de

594 1636 605 1647 .
634 1635 644 1646 .
704 1633 715 1644 .
757 1596 900 1660 pecia
922 1603 1055 1644 terre
1076 1594 1335 1659 disponere
1372 1629 1383 1642 .
1423 1631 1435 1641 .
1475 1630 1485 1641 .
1522 1592 1677 1656 Apud
1717 1630 1728 1640 .
1772 1629 1783 1640 .
1826 1629 1838 1640 .
1876 1591 2226 1640 monasterium
2264 1629 2275 1640 .
2315 1629 2326 1639 .
2360 1629 2372 1640 .
2409 1591 2635 1643 vicefimo

594 1693 766 1740 mazano
791 1688 870 1738 die
895 1687 1070 1755 meniis
1093 1686 1130 1736 J
1132 1686 1221 1735 ulii
1245 1702 1377 1735 anno
1402 1681 1611 1734 Domini
1632 1683 1894 1747 millesimo
1914 1683 2315 1748 quingentesimo.

603 1933 955 2024 [Constitucio
1001 1960 1348 2011 officim-iorum
1395 1958 1530 2007 infra
1572 1957 1884 2023 regalitatem
1933 1958 1994 2007 de
2042 1958 2382 2008 Abirbrothoc
2425 1966 2475 2007 et
2519 1959 2636 2009 Eth-

596 2052 829 2118 carmur.]

597 2217 1003 2290 Memorandum
1029 2237 1162 2301 quod
1186 2254 1316 2287 anno
1343 2236 1550 2286 Domini
1581 2236 1837 2285 millesimo
1872 2236 2261 2300 quingentefimo
2297 2236 2641 2285 constituimus

596 2331 851 2380 dominum.
883 2329 918 2378 J
921 2329 1166 2379 ohannem
1191 2328 1308 2394 Hay
1334 2329 1589 2378 dominum
1613 2329 1674 2376 de
1702 2327 1867 2376 Yestir
1890 2354 1901 2363 ·
1924 2327 1960 2376 J
1963 2327 2208 2377 ohannem
2234 2328 2351 2394 Hay
2376 2329 2437 2377 de
2465 2327 2637 2378 Swade

595 2421 801 2471 militem
839 2449 849 2460 ·
881 2421 915 2470 J
918 2421 1164 2469 ohannem
1192 2420 1379 2486 Ogilvy
1402 2421 1466 2470 de
1485 2420 1719 2485 Fyngass:
1742 2419 1958 2468 militem.
1988 2448 1998 2457 ·
2033 2419 2067 2468 J
2072 2419 2316 2481 ohannem
2341 2419 2551 2485 Murray
2577 2421 2641 2468 de

599 2513 927 2562 Blakbarrani
974 2540 983 2549 ·
1035 2512 1227 2562 Adame
1263 2512 1515 2562 Mailvene
1564 2542 1574 2552 -
1621 2512 1904 2561 «Iohannem
1942 2511 2195 2574 Kokburn
2236 2541 2246 2551 ·
2296 2519 2354 2561 et·
2382 2510 2635 2561 Matheum

600 2603 820 2669 Brysone
856 2632 867 2643 ·
904 2613 954 2654 et
977 2621 1145 2653 eorum
1173 2604 1440 2667 quemlibet
1475 2632 1486 2643 ·
1521 2604 1715 2652 nostros
1736 2603 1946 2653 bal-linos
1971 2603 2319 2653 commifl'arios
2342 2603 2640 2652 iusticiar-ioe

602 2703 650 2743 ct
674 2696 970 2744 camerarios
1006 2696 1301 2744 coniunfflm
1327 2704 1378 2745 et
1400 2696 1594 2745 diuifim
1627 2696 1762 2745 infra
1794 2696 2108 2762 regalitatem
2139 2695 2357 2744 nostram
2391 2696 2453 2744 de
2490 2695 2637 2744 Asbin-

601 2786 821 2835 brothoc
842 2793 891 2834 et
927 2786 1224 2849 Ethcarmur
1259 2788 1500 2836 durando
1524 2804 1615 2851 pro
1657 2787 1815 2837 tribus
1850 2787 1998 2836 annisv
2030 2795 2097 2847 et·
2120 2787 2255 2848 vltra
2284 2787 2521 2836 durando*
2544 2803 2638 2851 prq

603 2877 769 2925 nostra
792 2876 1045 2925 voluntate
1078 2905 1088 2916 ·
1120 2877 1308 2926 Datum
1334 2879 1414 2926 die
1439 2879 1572 2927 xxix⁰
1595 2877 2254 2944 menii328eptembms.anno
2279 2886 2374 2927 etc.
2399 2878 2639 2943 quingen„

604 2967 773 3017 tefimo
798 2997 807 3006 ·
837 2976 888 3017 vt
911 2968 1122 3017 habetur
1145 2969 1196 3016 in
1222 2984 1353 3016 nouo
1377 2970 1585 3034 registro
1609 2969 1728 3018 folio
1754 2970 2014 3019 centefimo
2039 2969 2282 3018 tricefimo
2308 2968 2532 3018 secundo.
