2762 3834
527 378 621 424 112
972 364 1399 420 REGISTRUM
1432 362 1529 412 DE
1564 356 2129 410 ABERBROTHOC.

525 508 759 558 heredem
799 504 1012 554 eiusdem
1051 498 1265 551 Walteri
1304 495 1527 562 partibus
1569 494 1631 543 ab
1671 492 1830 541 altera
1868 507 2023 553 penes
2066 498 2226 540 terras
2267 491 2475 540 dominii
2518 491 2582 539 de

529 597 742 648 Tulloch
769 635 780 646 .
811 635 821 645 .
847 633 857 645 .
884 594 1083 644 tandem
1120 629 1131 640 .
1165 630 1174 640 .
1203 628 1214 638 .
1249 587 1407 638 omnis
1442 624 1453 635 .
1490 622 1502 634 .
1539 623 1550 634 .
1584 585 1832 634 discordia
1853 584 1948 633 suit
1972 583 2133 650 sopita
2156 593 2206 633 et
2227 584 2292 633 ad
2316 584 2581 633 sedandam

530 729 541 739 .
570 728 580 739 .
609 728 620 739 .
647 685 1030 739 controuersiam
1058 722 1068 732 .
1098 719 1110 731 .
1137 719 1148 731 .
1172 680 1395 747 prefatus
1419 677 1658 727 Valterus
1693 715 1704 725 .
1740 715 1751 726 .
1786 713 1797 726 .
1831 676 2079 742 predifibas
2104 683 2263 726 terras
2287 676 2494 725 dominii
2519 677 2582 725 de

528 781 741 832 Tulloch
782 818 793 829 .
834 817 844 828 .
881 817 891 827 .
927 778 981 826 in
1016 774 1242 824 manibus
1278 771 1461 838 prefati
1497 769 1689 820 abbatis
1724 768 1994 835 refignauit
2033 806 2045 818 .
2086 807 2098 818 .
2140 806 2152 818 .
2194 768 2421 818 Tandem
2464 807 2474 818 .
2518 807 2529 818 .
2571 807 2581 817 .

525 874 673 923 abbas
715 879 765 921 et
807 875 1081 920 conuentus
1118 865 1485 915 considerantes
1522 861 1855 911 humilitatem
1881 898 1892 910 .
1922 898 1934 909 .
1962 898 1974 910 .
1995 860 2211 911 Walteri
2247 878 2306 910 ac
2341 861 2585 911 beneficia

577 1005 588 1014 .
627 1003 638 1014 .
672 963 1025 1015 antecessorum
1050 960 1266 1010 eiusdem
1304 995 1316 1007 .
1357 996 1368 1007 .
1409 995 1420 1006 .
1460 953 1840 1005 consencierunt
1865 960 1914 1002 et
1937 953 2140 1019 presens
2166 954 2433 1003 conventio
2457 954 2584 1004 fa&a

524 1058 617 1106 fuit
644 1095 655 1104 .
684 1094 695 1104 .
727 1092 737 1103 .
761 1053 994 1103 videlicet
1020 1081 1031 1091 ·
1058 1051 1209 1110 Quod
1246 1087 1257 1099 .
1298 1087 1310 1098 .
1343 1087 1360 1098 ,
1399 1048 1551 1098 abbas
1583 1053 1633 1095 et
1658 1052 1935 1095 conuentus
1973 1082 1984 1094 .
2025 1082 2036 1094 .
2075 1083 2088 1094 .
2126 1044 2466 1096 concefl'erunt
2494 1084 2506 1095 .
2532 1085 2544 1095 .
2573 1083 2585 1095 .

526 1151 684 1198 eidem
711 1147 904 1196 Thome
939 1184 950 1195 .
979 1183 990 1194 .
1020 1183 1031 1194 .
1065 1153 1250 1194 terram
1292 1143 1424 1191 suam
1465 1141 1526 1190 de
1563 1139 1781 1189 Tulloch
1820 1147 1869 1188 et
1904 1140 1966 1189 de
2008 1139 2249 1207 Craquhy
2282 1159 2342 1190 ex
2382 1141 2584 1190 australi

525 1249 666 1306 parte
702 1256 827 1303 aque
860 1241 920 1286 de
945 1237 1131 1303 Vueny
1154 1236 1404 1285 iacentem
1443 1271 1454 1282 .
1495 1271 1506 1282 .
1546 1270 1557 1282 .
1596 1232 1817 1297 exceptis
1851 1232 2140 1282 molendino
2177 1234 2238 1282 de
2274 1233 2511 1300 Craquhy
2537 1242 2586 1283 et

528 1333 672 1382 terris
698 1332 760 1381 ad
784 1331 915 1379 idem
941 1328 1282 1378 molendinum
1306 1325 1643 1392 spectantibus
1667 1352 1678 1363 ·
1705 1319 1997 1374 Tenendam
2026 1363 2037 1374 .
2073 1363 2084 1374 .
2115 1363 2127 1374 .
2155 1325 2349 1375 Thome
2375 1333 2424 1375 et
2447 1326 2588 1375 here-

529 1426 671 1474 dibus
697 1423 791 1472 suis
819 1423 971 1471 libere
1010 1459 1021 1469 .
1062 1459 1072 1469 .
1113 1459 1124 1470 .
1162 1419 1440 1469 Reddendo
1481 1456 1493 1468 .
1533 1455 1544 1467 .
1586 1456 1596 1467 .
1630 1419 1694 1467 ad
1724 1417 1848 1466 festa
1879 1416 2046 1467 Sanai
2074 1417 2280 1468 Andree
2307 1419 2515 1484 apostoli
2539 1428 2587 1468 et

528 1515 895 1566 Purificationis
917 1514 1071 1563 Beate
1102 1511 1265 1561 Marie
1300 1511 1354 1561 in
1385 1509 1676 1577 granarium
1711 1509 1934 1558 nostrum
1959 1510 2093 1575 apud
2123 1510 2463 1560 Abirbrothoc
2490 1549 2500 1560 .
2531 1549 2542 1559 .
2573 1549 2583 1559 .

529 1610 746 1673 quinque
781 1607 972 1656 celdras
1006 1604 1246 1670 pacabilis
1281 1603 1469 1653 farrine
1502 1619 1775 1652 auenarum
1802 1609 1851 1651 et
1873 1602 2093 1667 quinque
2124 1603 2317 1652 eeldras
2341 1604 2515 1653 mundi
2540 1612 2589 1653 et

527 1702 639 1767 puri
678 1700 816 1749 ordei
853 1716 962 1747 cum
999 1699 1228 1747 mensura
1259 1697 1355 1745 fori
1391 1713 1526 1745 nunc
1563 1694 1810 1744 currentis
1836 1723 1846 1734 ·
1873 1702 1923 1744 et
1954 1695 2190 1744 soluendo
2224 1696 2288 1745 ad
2322 1696 2589 1747 multuram

531 1794 716 1841 sextum
743 1791 986 1840 decimum
1013 1807 1098 1839 vas
1131 1790 1192 1838 de
1233 1788 1369 1838 omni
1407 1805 1592 1854 genere
1627 1787 1764 1836 bladi
1801 1787 1935 1852 quod
1960 1787 2176 1836 creuerit
2206 1788 2259 1836 in
2294 1789 2425 1839 dieta
2457 1797 2591 1838 terra

534 1892 699 1949 preter
723 1884 885 1932 semen
911 1883 1046 1931 suum
1072 1882 1331 1947 proprium
1364 1888 1414 1930 et
1445 1880 1700 1929 hominum
1725 1880 1925 1928 suorum
1950 1886 2144 1929 tantum
2177 1881 2311 1945 quod
2340 1881 2392 1929 in
2418 1882 2590 1930 eadem

536 1986 669 2025 terra
708 1975 945 2024 seminare
985 1974 1233 2023 voluerint
1275 1982 1324 2023 et
1365 1981 1535 2039 preter
1575 1972 1771 2021 firmam
1812 1973 1948 2021 suam
1987 1980 2228 2037 quantum
2270 1973 2488 2038 pertinet
2529 1974 2593 2022 ad

539 2070 740 2117 ordeum
766 2095 776 2105 ·
801 2067 1038 2132 Idemque
1065 2067 1286 2116 Thomas
1325 2074 1375 2115 et
1411 2066 1620 2114 heredes
1659 2065 1730 2114 sui
1763 2065 1968 2130 prestito
1999 2066 2253 2115 fidelitatis
2287 2068 2593 2116 sacramento

541 2161 888 2225 obligabuntur
927 2160 991 2208 ad
1037 2159 1247 2224 speciale
1293 2158 1550 2208 confilium
1590 2158 1811 2207 laborem
1860 2166 1909 2207 et
1950 2159 2282 2208 defenfionem
2330 2160 2496 2209 abbati
2544 2169 2592 2208 et

543 2253 808 2301 conuentui
836 2291 846 2301 .
875 2289 885 2300 .
916 2290 926 2300 .
952 2252 1341 2317 impendendum
1366 2280 1376 2290 ·
1403 2251 1470 2300 Et
1493 2250 1704 2299 heredes
1732 2288 1743 2299 .
1773 2288 1784 2299 .
1814 2288 1824 2299 .
1853 2250 2047 2300 Thome
2070 2251 2123 2300 in
2154 2252 2363 2301 introitu
2388 2252 2471 2300 suo
2497 2289 2509 2300 .
2539 2289 2550 2299 .
2580 2290 2590 2299 .

543 2346 728 2393 dabunt
751 2345 942 2409 prefato
968 2343 1233 2392 conventui
1269 2343 1322 2391 in
1358 2343 1620 2391 refe&orio
1647 2359 1797 2391 vnum
1822 2343 2007 2391 discum
2044 2351 2335 2408 argenteum
2360 2345 2594 2409 ponderis

546 2438 751 2488 duarum
778 2453 1054 2484 marcarum
1078 2435 1427 2500 sterlingorum
1450 2453 1542 2499 pro
1568 2435 1901 2500 duplicatione
1925 2435 2066 2484 firme
2090 2435 2173 2483 sue
2198 2464 2208 2475 ·
2235 2436 2475 2485 Preterea
2503 2473 2513 2484 .
2542 2475 2552 2484 .
2582 2475 2592 2484 .

548 2527 765 2574 Thomas
802 2535 850 2574 et
881 2526 1090 2574 heredes
1122 2526 1192 2574 sui
1221 2526 1356 2575 licite
1389 2526 1708 2576 introducent
1740 2535 1841 2576 tam
1876 2527 2023 2593 ligios
2050 2527 2277 2576 homines
2302 2545 2447 2592 quam
2473 2528 2595 2577 alios

550 2617 865 2681 simpliciores
889 2618 934 2665 se
964 2618 1027 2665 ad
1059 2617 1320 2666 colendum
1357 2626 1406 2667 et
1441 2619 1820 2670 inhabitandum
1856 2620 2037 2669 dictam
2067 2628 2248 2669 terram
2284 2621 2368 2668 sub
2398 2621 2510 2685 ipfis
2535 2622 2595 2668 dc

552 2726 759 2772 quorum
792 2709 975 2757 actibus
1012 2710 1309 2757 tenebuntur
1342 2711 1640 2776 respondere
1675 2711 1761 2776 qui
1795 2711 1903 2775 ligii
1937 2711 2163 2760 homines
2195 2712 2259 2760 ad
2292 2712 2595 2761 voluntatem

554 2800 742 2848 abbatis
782 2835 793 2846 .
840 2837 850 2847 .
897 2837 907 2847 .
950 2817 1040 2864 pro
1066 2800 1174 2848 aliis
1200 2802 1345 2849 terris
1371 2803 1467 2850 suis
1498 2803 1718 2852 colendis
1744 2811 1793 2852 et
1816 2803 2153 2853 inhabitandis
2179 2804 2211 2852 fi
2236 2804 2425 2853 necesse
2449 2805 2598 2853 fuerit

659 2929 669 2939 .
713 2891 1080 2940 reuocabuntur
1115 2919 1125 2930 ·
1164 2891 1342 2940 Dictus
1383 2894 1540 2942 eciam
1583 2894 1804 2943 Thomas
1845 2902 1896 2944 et
1931 2895 2140 2944 heredes
2181 2895 2253 2943 sui
2295 2896 2495 2944 venient
2535 2896 2598 2943 ad

559 2985 746 3032 curiam
772 2982 960 3031 abbatis
996 2990 1071 3029 ter
1100 2982 1151 3029 in
1176 2999 1306 3029 anno
1333 2991 1381 3031 et
1406 2983 1564 3048 sepius
1590 2984 1625 3032 fi
1648 2984 1838 3035 necess'e
1873 2985 2024 3035 fuerit
2057 2986 2107 3034 in
2141 3003 2239 3050 qua
2274 2986 2307 3033 fi
2344 2986 2599 3035 amerciati

558 3075 744 3125 suerint
783 3074 1218 3122 amerciamentum
1260 3089 1360 3120 non
1402 3075 1606 3123 excedet
1647 3076 1866 3140 quinque
1909 3076 2087 3125 solidos
2128 3076 2346 3141 exceptis
2388 3077 2600 3140 querelis

557 3166 884 3232 spe&antibus
919 3165 982 3213 ad
1014 3163 1321 3229 regalitatem
1356 3194 1366 3204 -
1401 3164 1480 3213 Ac
1510 3164 1733 3215 homines
1768 3167 1821 3215 in
1859 3168 1989 3217 dicta
2030 3176 2163 3217 terra
2200 3176 2454 3217 manentes
2491 3185 2598 3215 cum
