2742 3848
420 597 517 646 750

568 370 664 415 502
1017 362 1444 414 REGISTRUM
1479 361 1575 409 DE
1612 360 2172 412 ABERBROTHOC.

571 569 723 640 Idem
757 590 1008 638 constituit
1046 588 1302 652 magistros
1339 586 1615 634 Martinum
1652 586 1870 635 Balfowr
1896 588 2138 636 vicarium
2176 589 2237 636 de
2273 588 2617 656 Monymeyll.

572 682 817 730 Thomam
844 681 1063 728 Annand
1100 708 1110 717 ·
1149 678 1403 726 dominum
1428 677 1686 725 Andream
1727 677 1845 727 Scot
1881 687 1930 727 et
1967 680 2222 728 dominum
2259 681 2619 731 Allexandrum

571 774 711 823 Dure
746 772 1012 820 monachos
1053 800 1063 810 ·
1103 778 1152 819 et
1191 770 1314 818 alios
1354 797 1364 807 ·
1402 771 1511 817 suos
1544 778 1893 833 procuratores
1929 771 1993 819 ad
2029 773 2417 836 comparendum
2455 791 2620 822 coram

507 879 511 883 ’
571 866 786 928 Georgio
827 864 1001 911 abbate
1037 863 1099 910 de
1136 860 1493 926 Dunfermling
1529 862 1879 912 conseruatore
1914 863 2302 929 preuilegiorum
2339 866 2621 914 monasterii

569 968 617 1005 et
651 957 745 1003 suis
770 955 1009 1016 delegatis
1034 954 1267 1018 magistro
1298 953 1514 1019 Hugone
1543 952 1702 1019 Spens
1726 955 1862 1003 sacre
1888 954 2136 1021 theologie
2161 956 2427 1021 professore
2452 958 2622 1007 decre·

569 1062 728 1097 torum
771 1048 969 1096 doaore
1008 1056 1056 1095 et
1095 1047 1344 1111 preposito
1390 1046 1594 1096 ecclesie
1643 1046 1903 1112 collegiate
1953 1046 2120 1096 Sancti
2170 1047 2444 1098 Saluatoris
2491 1050 2621 1098 infra

568 1142 816 1189 ciuitatem
840 1138 1194 1189 Sanffiandree
1219 1156 1417 1188 necnon
1442 1139 1675 1205 magistro
1701 1138 1735 1187 J
1739 1138 1935 1188 ohanne
1961 1139 2178 1190 Veddell
2202 1141 2254 1189 in
2281 1149 2489 1206 vtroque
2512 1143 2619 1191 iure

566 1233 829 1281 licenciato
854 1234 1047 1280 rectore
1073 1232 1134 1280 de
1159 1231 1292 1280 Flisk
1318 1231 1613 1296 officialique
1642 1231 1999 1281 Sanffiandree
2023 1233 2290 1298 principali
2314 1235 2447 1284 infra
2470 1236 2621 1284 claus-

470 1361 473 1364 -
567 1338 696 1374 trum
721 1325 901 1390 prefati
928 1325 1126 1390 collegii
1151 1325 1344 1374 decimo
1369 1324 1449 1374 die
1475 1323 1651 1374 mensis
1667 1323 1970 1373 Nouembris
1993 1325 2218 1389 proxime
2236 1327 2402 1375 futuro
2427 1345 2485 1376 ac
2512 1328 2621 1376 aliis

415 2070 505 2119 751

566 1418 738 1466 diebus
763 1425 811 1466 et
835 1417 956 1466 locis
983 1418 1045 1466 ad
1081 1417 1329 1482 agendum
1355 1417 1407 1464 in
1432 1416 1658 1465 omnibus
1694 1416 1850 1465 caufis
1886 1426 2060 1466 contra
2097 1418 2461 1467 Allexandrum
2498 1421 2621 1483 epis-

567 1528 742 1576 copum
769 1510 1134 1559 Morauiensem
1160 1509 1434 1558 Robertum
1462 1509 1688 1558 abbatem
1726 1511 1788 1559 de
1825 1509 2020 1576 Kynlos
2057 1511 2186 1559 dicte
2211 1511 2337 1559 sedis
2363 1512 2619 1561 officialem

567 1614 615 1653 et
638 1602 925 1668 magistrum
961 1603 995 1651 J
999 1603 1245 1651 ohannem
1272 1601 1390 1668 Hay
1416 1601 1544 1651 diete
1580 1602 1706 1650 sedis
1739 1602 2118 1651 commissarium
2155 1613 2204 1653 et
2241 1604 2361 1652 alios
2393 1605 2620 1655 interefl‘e

567 1698 802 1746 habentes
827 1704 876 1745 et
901 1697 951 1744 in
978 1696 1206 1744 omnibus
1230 1695 1340 1744 aliis
1366 1695 1519 1744 caufis
1543 1711 1634 1760 per
1659 1695 1884 1744 abbatem
1917 1696 2063 1744 motis
2088 1704 2137 1744 et
2161 1697 2224 1745 ad
2249 1697 2415 1746 omnia
2438 1698 2620 1747 facien-

568 1792 682 1837 dum
706 1790 758 1837 in
783 1788 1021 1853 premiffis
1047 1788 1315 1838 neceffaria
1350 1817 1359 1826 ·
1397 1793 1428 1837 5
1453 1787 1756 1837 Nouembris
1782 1791 1927 1836 1530.

565 2050 715 2120 Idem
765 2070 994 2118 concedit
1042 2069 1264 2116 Niniano
1301 2068 1447 2134 Lyell
1483 2067 1711 2133 burgenfi
1749 2069 1810 2116 de
1846 2068 2104 2132 Arbroyth
2142 2069 2406 2117 heredibus
2438 2071 2533 2118 suis
2570 2082 2618 2118 et

566 2162 811 2226 assignatis
837 2162 972 2210 illam
997 2169 1130 2210 terre
1167 2160 1462 2226 particulam
1489 2160 1571 2209 seu
1595 2161 1770 2209 rudam
1797 2160 2049 2224 wlgariter
2075 2160 2441 2226 Haghousched
2465 2165 2619 2212 nomi-

565 2264 728 2304 natam
756 2256 999 2303 iacentem
1032 2254 1082 2301 in
1117 2262 1252 2302 terra
1288 2252 1617 2325 elimofinarie
1644 2270 1703 2302 ex
1728 2261 1871 2317 parte
1908 2252 2139 2302 orientali
2171 2253 2300 2303 inter
2321 2263 2478 2303 terras
2504 2256 2619 2303 dieti

566 2348 616 2395 N
620 2348 774 2395 iniani
801 2364 859 2395 ac
882 2345 1121 2395 heredum
1159 2346 1406 2409 quondam
1431 2344 1467 2393 J
1470 2345 1679 2394 ohannis
1705 2344 1982 2410 Colbrayth
2020 2350 2081 2395 ad
2117 2347 2359 2396 orientem
2385 2356 2434 2397 et
2459 2358 2616 2397 terras

566 2439 773 2487 Roberti
794 2438 1001 2503 Dunlop
1018 2438 1079 2486 ad
1098 2436 1314 2486 austrum
1332 2447 1380 2486 et
1399 2445 1558 2486 terras
1577 2438 1905 2488 elimofinarie
1921 2439 1983 2488 ad
2004 2440 2311 2489 occidentem
2326 2449 2376 2490 et
2388 2443 2586 2490 boream
2606 2472 2616 2481 ·

566 2531 840 2579 Reddendo
875 2530 1119 2578 monacho
1156 2517 1485 2579 elimofinario
1507 2532 1587 2579 sex
1614 2530 1792 2579 solidos
1817 2538 2015 2578 monete
2053 2529 2228 2581 Scocie
2253 2550 2363 2581 cum
2389 2533 2498 2581 aliis
2522 2535 2618 2582 ser-

568 2622 707 2670 uiciis
746 2651 754 2659 ·
797 2626 858 2669 10
883 2621 1145 2669 Februarii
1176 2625 1314 2669 1530.

422 2904 516 2951 752
568 2874 893 2958 Preeeptum
916 2893 1067 2942 sasme
1092 2894 1332 2943 dictarum
1364 2904 1610 2944 terrarum
1634 2896 1875 2946 directum
1902 2897 2101 2947 Thome
2131 2898 2352 2950 Baufour
2376 2903 2426 2950 in
2455 2900 2613 2950 Terre

572 2998 621 3036 et
646 2985 788 3035 alteri
813 2984 1009 3032 balliuis
1034 2985 1223 3034 abbatis
1247 2985 1300 3033 in
1327 2985 1418 3034 hac
1443 2996 1583 3050 parte
1607 3014 1617 3025 ·
1646 2992 1706 3036 12
1731 2989 1991 3040 Februarii
2019 2995 2164 3040 1530.
