2762 3834
14 1107 119 1198 ῚΙ246

615 372 1041 425 REGISTRUM
1074 372 1172 421 DE
1207 371 1762 424 ABERBROTHOC.
2110 385 2206 428 213

171 509 249 558 vel
272 508 404 556 infra
428 506 712 571 quindecim
736 507 841 554 dies
883 544 893 554 .
936 545 945 555 .
989 542 1000 553 .
1044 505 1283 554 defecerit
1305 505 1476 554 licebit
1500 506 1640 554 nobis
1680 543 1691 554 .
1737 543 1747 554 .
1794 544 1804 555 .
1847 508 1908 555 de
1931 507 2205 560 huiusmodi

170 598 372 649 decimis
411 598 474 646 ad
516 635 528 646 .
575 635 586 646 .
631 635 642 646 .
686 597 882 646 libitum
925 634 937 645 .
981 634 993 645 .
1039 633 1050 645 .
1094 597 1353 662 disponere
1398 635 1409 646 .
1455 635 1465 646 .
1511 635 1521 646 .
1570 598 1719 662 Apud
1769 637 1778 647 .
1825 637 1835 647 .
1881 637 1890 647 .
1941 601 2206 665 capitulum

172 710 199 740 v
225 691 304 739 die
327 689 503 739 menfis
528 689 788 738 Februarii
814 706 944 737 anno
970 688 1176 736 Domini
1199 693 1345 738 1484.

171 939 454 1011 Affedaeio
480 958 680 1007 eoeleste
707 959 768 1007 de
792 957 1156 1007 Abbirkerdor.

169 1123 447 1195 Vniuerfis
487 1152 656 1209 pateat
700 1182 709 1193 .
757 1183 767 1193 .
813 1182 824 1193 .
858 1161 948 1193 nos
984 1142 1155 1192 Dauid
1192 1142 1490 1207 postulatum
1523 1151 1572 1193 et
1605 1146 1942 1195 confirmatum
1989 1186 1999 1196 .
2044 1187 2053 1196 .
2101 1187 2110 1196 .
2154 1149 2214 1197 de

134 1235 507 1285 'Abirbrothoc
555 1276 565 1285 .
611 1274 622 1285 .
666 1275 676 1285 .
726 1236 951 1286 affedafl'e
995 1274 1007 1286 .
1054 1273 1064 1284 .
1113 1273 1123 1283 .
1165 1234 1358 1284 Jacobo
1395 1234 1546 1284 Innes
1583 1237 1643 1285 de
1680 1239 1849 1286 eodem
1884 1268 1894 1278 ·
1929 1239 2216 1289 Alexandro

168 1327 317 1377 Innes
341 1328 444 1376 filio
469 1328 553 1377 suo
580 1357 591 1367 ·
616 1328 699 1377 seu
725 1329 1003 1393 cuicunque
1029 1327 1174 1377 alteri
1196 1327 1299 1375 filio
1323 1327 1407 1376 suo
1434 1345 1580 1392 quem
1605 1329 1707 1394 ipse
1733 1330 1944 1380 voluerit
1979 1331 2216 1398 affignare
2264 1350 2266 1352 ’

167 1459 176 1468 .
214 1459 223 1468 .
265 1459 274 1468 .
311 1420 528 1468 decimas
552 1420 781 1486 garbales
807 1419 1009 1470 ecclesie
1034 1419 1200 1468 nostre
1226 1419 1287 1468 de
1313 1420 1694 1470 Abbirkerdour
1733 1459 1743 1470 .
1780 1460 1792 1473 .
1829 1462 1838 1471 .
1880 1440 1970 1487 pro
1996 1424 2217 1474 terminis

168 1513 335 1561 decem
363 1520 412 1561 et
436 1513 586 1561 trium
611 1530 856 1562 annorum
899 1553 908 1562 .
949 1553 958 1562 .
1002 1550 1012 1561 .
1057 1512 1269 1562 termino
1292 1511 1525 1561 introitus
1569 1549 1580 1561 .
1620 1553 1630 1562 .
1673 1552 1684 1563 .
1727 1514 1994 1579 incipiente
2018 1515 2070 1564 in
2095 1516 2217 1565 festo

172 1603 337 1654 Sancti
363 1605 501 1654 Petri
525 1607 692 1654 datam
715 1605 1023 1670 presencium
1046 1605 1332 1654 immediate
1355 1606 1588 1669 sequente
1631 1646 1640 1655 .
1685 1645 1697 1657 .
1742 1643 1752 1654 .
1802 1606 2050 1656 Soluendo
2093 1648 2103 1657 .
2148 1646 2159 1656 .
2205 1646 2217 1657 .

167 1698 399 1745 summam
450 1698 783 1763 quadraginta
825 1699 907 1747 sex
949 1698 1191 1747 librarum
1236 1698 1552 1747 triumdecim
1598 1699 1863 1747 solidorum
1912 1707 1960 1748 et
2007 1707 2219 1764 quatuor

168 1791 483 1840 denariorum
526 1799 725 1841 monete
765 1790 939 1841 Scocie
975 1791 1039 1841 ad
1078 1831 1087 1840 .
1131 1828 1143 1840 .
1185 1829 1195 1839 .
1236 1790 1359 1839 festa
1403 1828 1414 1839 .
1460 1829 1471 1839 .
1518 1829 1528 1839 .
1571 1790 1755 1840 Pasche
1793 1799 1842 1839 et
1880 1790 2048 1841 Santffi
2082 1792 2220 1840 Petri

169 1883 435 1931 aduincula
476 1923 485 1932 .
527 1924 536 1933 .
577 1924 586 1932 .
630 1884 696 1933 Et
722 1882 754 1932 fi
799 1922 810 1932 .
858 1922 868 1932 .
893 1922 925 1934 ,.
969 1884 1189 1933 Jacobus
1214 1883 1503 1932 Alexander
1528 1884 1608 1932 vel
1632 1883 1756 1932 alius
1781 1884 1892 1932 suus
1926 1883 2054 1932 filius
2095 1922 2105 1932 .
2150 1922 2161 1932 .
2207 1922 2217 1932 .

169 1974 220 2022 in
245 1974 494 2024 solucione
537 2013 547 2023 .
588 2016 597 2024 .
640 2015 649 2024 .
690 1976 753 2024 ad
778 1978 1016 2025 terminos
1057 2014 1068 2024 .
1113 2014 1123 2025 .
1164 2014 1174 2024 .
1212 1975 1293 2025 vel
1314 1976 1448 2025 infra
1471 1975 1677 2040 triginta
1700 1975 1804 2024 dies
1840 2012 1850 2023 .
1897 2013 1908 2023 .
1948 2014 1958 2024 .
2000 1975 2221 2024 deficerit

170 2104 181 2114 .
222 2103 234 2115 .
280 2102 291 2113 .
333 2066 504 2116 licebit
539 2068 681 2117 nobis
726 2106 736 2116 .
783 2106 794 2117 .
839 2107 847 2116 .
892 2068 954 2117 de
999 2105 1009 2115 .
1053 2105 1064 2116 .
1104 2107 1113 2116 .
1157 2068 1363 2119 ecclesia
1401 2087 1512 2118 cum
1551 2069 1753 2134 decimis
1798 2106 1808 2117 .
1854 2106 1864 2117 .
1910 2106 1921 2116 .
1964 2068 2218 2133 disponere

170 2198 180 2208 .
220 2197 230 2208 .
274 2197 285 2208 .
327 2160 478 2226 Apud
518 2201 530 2212 .
571 2201 580 2210 .
624 2202 633 2210 .
681 2162 952 2226 capitulum
995 2162 1169 2226 quinto
1213 2162 1293 2211 die
1335 2162 1510 2211 mensis
1546 2161 1804 2212 Februarii
1846 2179 1974 2212 anno
2013 2161 2215 2210 Domini

175 2254 346 2300 1484ω.

171 2504 453 2577 Affedacio
479 2526 679 2576 ecclefie
705 2526 766 2574 de
792 2526 1052 2575 Innernes.

162 2674 446 2747 ·Vniuerfis
492 2705 660 2761 pateat
708 2738 717 2746 .
769 2735 780 2746 .
830 2737 839 2746 .
888 2715 978 2746 nos
1025 2697 1196 2746 Dauid
1241 2698 1538 2763 postulatum
1581 2697 1922 2746 confirmatum
1970 2733 1982 2744 .
2035 2733 2045 2743 .
2098 2732 2108 2744 .
2156 2697 2215 2743 de

170 2787 502 2839 Abirbrothoc
546 2828 557 2839 .
603 2828 615 2839 .
662 2827 673 2838 .
717 2788 941 2839 affedafl'e
982 2827 994 2838 .
1037 2828 1048 2838 .
1090 2827 1102 2838 .
1140 2790 1375 2856 magistro
1394 2789 1681 2838 Alexandro
1707 2788 2007 2839 Swthirland
2031 2788 2214 2835 vicario

171 2880 230 2928 de
267 2880 510 2930 Innernes
560 2919 571 2930 .
624 2919 635 2929 .
686 2919 697 2930 .
747 2882 964 2931 decimas
1001 2881 1228 2948 garbales
1270 2881 1471 2931 ecclesie
1516 2918 1527 2929 .
1571 2918 1583 2929 .
1629 2917 1641 2930 .
1685 2882 1746 2929 de
1790 2880 2031 2928 Innernes
2081 2918 2091 2927 .
2141 2916 2152 2927 .
2202 2913 2212 2924 .

169 2987 257 3035 pro
279 2973 503 3021 terminis
527 2974 846 3022 triumdecim
872 2990 1117 3022 annorum
1154 3010 1166 3022 .
1206 3011 1218 3022 .
1254 3009 1266 3021 .
1299 2973 1511 3023 termino
1535 2973 1768 3022 introitus
1807 3010 1817 3020 .
1855 3009 1866 3020 .
1899 3009 1910 3020 .
1947 2972 2213 3036 incipiente

169 3061 221 3110 in
253 3063 382 3112 festo
415 3063 583 3114 Sancti
619 3064 758 3113 Petri
795 3064 1064 3113 aduincula
1096 3081 1227 3113 anno
1252 3064 1460 3112 Domini
1483 3063 1737 3112 millefimo
1767 3063 1903 3111 iiii⁰¹¹¹⁰
1928 3063 2212 3128 o&ogefimo

169 3153 300 3213 sexto
350 3192 361 3203 .
411 3192 423 3203 .
476 3193 487 3205 .
540 3154 790 3205 Soluendo
841 3192 852 3203 .
901 3192 913 3204 .
964 3191 977 3203 .
1024 3155 1271 3204 summam.
1306 3162 1504 3205 centum
1545 3171 1822 3203 marcarum
1864 3191 1875 3203 .
1916 3190 1928 3201 .
1966 3191 1976 3201 .
2019 3161 2211 3201 monete
