2762 3834
44 2153 126 2241 3¹34

610 381 1035 436 REGISTRUM
1071 380 1167 434 DE
1203 380 1756 439 ABERBROTHOO.
2100 397 2194 442 345

162 518 397 570 terminos
432 520 664 570 victualia
700 519 920 567 soluendi
960 557 970 566 .
1011 553 1020 565 .
1063 556 1073 566 .
1110 518 1176 568 Et
1212 514 1328 584 quia
1361 522 1606 585 predi&o's
1641 521 1936 570 Du'ncanum
1961 550 1970 559 ·
1995 521 2196 571 Dauid-

164 622 212 663 et
250 612 527 661 lValterum
569 651 577 659 .
619 649 630 660 .
670 648 681 659 .
720 608 969 659 nobiscum
1013 610 1235 674 equitare
1270 612 1321 660 in
1358 613 1494 661 curia
1529 614 1694 662 'nostra
1729 614 1805 662 vel
1841 613 1960 662 alias
1996 631 2199 663 onerare

164 704 467 754 intendimus
519 741 529 752 .
582 741 592 750 .
644 742 652 751 .
703 702 755 768 ly
802 702 993 752 bovche
1041 702 1102 750 de
1151 703 1289 752 curia
1334 704 1621 769 accipiendo
1671 742 1682 752 .
1733 743 1742 752 .
1795 742 1806 753 .
1854 705 2149 753 Duncanum
2190 734 2199 743 ·

169 796 459 846 Marioriam
499 824 509 833 -
547 795 718 844 Dauid
759 823 768 833 ·
813 802 862 843 et
897 794 1176 843 Walterum
1218 797 1279 845 ab
1320 797 1542 845 omnibus
1580 798 1807 847 oneribus
1843 797 2203 846 husbandorum

167 907 256 955 pro
281 897 503 953 tempore
527 887 764 937 Duncani
788 887 1066 935 relaxamus
1105 914 1116 926 ·
1154 905 1250 952 quo
1296 928 1305 936 .
1351 928 1360 937 .
1406 928 1415 937 .
1460 890 1520 938 ab
1547 889 1640 938 hac
1663 890 1773 938 luce
1798 890 2038 943 subtracto
2085 929 2094 938 .

172 982 412 1031 Marioria
438 1011 448 1021 -
475 981 646 1030 Dauid
669 1008 680 1019 ·
705 987 754 1029 et
778 979 1032 1029 Walterus
1057 979 1240 1029 facient
1277 980 1493 1045 cariagia
1517 982 1579 1029 ad
1603 981 1791 1046 tegulas
1816 989 1864 1030 et
1888 981 2049 1030 fenum
2092 1021 2100 1029 .
2142 1019 2153 1028 .

175 1091 283 1123 cum
312 1073 489 1123 ceteris
514 1072 692 1121 nostris
716 1071 981 1120 husbandis
1017 1071 1283 1135 equitando
1319 1072 1473 1121 eciam
1510 1073 1758 1121 nobiscum
1794 1112 1804 1121 .
1844 1111 1853 1120 .
1893 1111 1902 1120 .
1938 1061 2027 1136 pro
2053 1072 2204 1119 omni-

171 1167 260 1215 bus
286 1165 395 1215 aliis
418 1165 786 1213 husbandorum
810 1163 1043 1212 oneribus
1084 1201 1094 1211 .
1141 1201 1151 1211 .
1197 1201 1208 1211 .
1252 1163 1383 1212 saluo
1407 1164 1513 1212 iure
1538 1163 1807 1228 regalitatis
1841 1163 2002 1210 nostre
2043 1191 2053 1201 ·
2098 1162 2206 1211 Nec

170 1258 339 1307 licebit
363 1256 595 1322 predictis
634 1296 644 1305 .
679 1295 688 1305 .
723 1296 732 1304 .
772 1258 931 1305 terras
950 1263 999 1304 et
1017 1254 1258 1304 brafinam
1286 1272 1395 1304 cum
1421 1255 1623 1304 decimis
1648 1256 1912 1303 earundem
1934 1255 2206 1318 cuicunque

173 1388 183 1398 .
283 1389 293 1398 .
341 1348 554 1399 affedare
578 1348 680 1397 fine
705 1348 874 1396 nostra
896 1347 1110 1397 licencia
1149 1387 1156 1395 .
1199 1387 1207 1395 .
1246 1386 1256 1395 .
1300 1347 1520 1395 cottariis
1557 1385 1567 1394 .
1604 1385 1614 1395 .
1651 1384 1662 1395 .
1699 1346 1913 1410 exceptis
1938 1374 1948 1385 ·
1975 1346 2208 1394 Preterea

173 1432 206 1490 fi
243 1442 360 1491 dieti
398 1479 407 1489 .
449 1479 459 1488 .
500 1432 675 1489 {male
711 1439 1047 1505 persoluentes
1082 1440 1165 1487 seu
1200 1438 1340 1486 nobis
1382 1476 1392 1486 .
1435 1476 1446 1486 .
1487 1476 1498 1487 .
1539 1439 1757 1487 iniuriofi
1798 1476 1809 1486 .
1851 1476 1859 1485 .
1907 1476 1917 1486 .
1960 1438 2210 1487 extiterint

174 1575 182 1583 .
224 1574 233 1583 .
274 1574 283 1583 .
327 1533 498 1583 licebit
531 1533 673 1581 nobis
711 1570 721 1581 .
761 1570 772 1580 .
813 1570 823 1580 .
862 1532 923 1580 de
965 1570 975 1580 .
1021 1570 1031 1580 .
1075 1570 1085 1580 .
1124 1530 1270 1580 terris
1305 1530 1496 1579 brafina
1536 1535 1584 1578 et
1622 1530 1823 1578 decimis
1947 1570 1955 1578 .
1989 1530 2052 1578 ad
2093 1569 2102 1578 .
2145 1567 2155 1577 .
2199 1568 2208 1576 .

173 1625 366 1674 libitum
408 1664 418 1674 .
464 1661 475 1672 .
518 1662 529 1672 .
573 1623 834 1688 disponere
879 1660 890 1670 .
933 1660 944 1670 .
987 1659 999 1670 .
1043 1622 1198 1686 Apud
1233 1622 1502 1687 capitulum
1538 1661 1547 1670 .
1585 1661 1595 1670 .
1632 1661 1642 1671 .
1679 1621 1889 1670 secundo
1925 1621 2003 1669 die
2039 1619 2212 1669 menfis

176 1717 476 1766 Nouembris
500 1733 631 1766 anno
655 1715 863 1764 Domini
888 1713 1142 1763 millefimo
1168 1714 1551 1779 quingentesimo
1575 1713 1801 1762 secundo.

178 1972 342 2058 Athy
369 2009 459 2057 pro
486 1995 660 2041 ofiaau‘a
682 1998 823 2056 parte
850 1988 1092 2039 affedatur
1115 1988 1150 2037 J
1153 1986 1337 2036 ohanni
1361 1984 1397 2034 J
1398 1984 1638 2034 amesone.

179 2153 310 2227 Nos
355 2174 527 2223 Dauid
572 2212 581 2222 .
633 2210 644 2221 .
697 2210 708 2221 .
758 2172 914 2221 abbas
959 2208 970 2218 .
1018 2207 1028 2218 .
1078 2207 1089 2217 .
1137 2169 1198 2217 de
1246 2166 1578 2216 Abirbrothoc
1622 2202 1633 2213 .
1679 2202 1689 2212 .
1735 2201 1744 2211 .
1789 2164 2051 2212 affedamus
2093 2199 2103 2209 .
2150 2198 2160 2208 .
2205 2198 2215 2208 .

186 2267 433 2318 Cristiane
454 2296 464 2306 ·
485 2265 520 2314 J
523 2264 707 2314 ohanni
732 2263 767 2313 J
769 2264 994 2313 amesone
1014 2289 1024 2299 ·
1044 2269 1093 2310 et
1110 2261 1145 2310 J
1148 2268 1292 2309 onete
1308 2260 1412 2307 eius
1431 2257 1598 2322 sponse
1614 2257 1822 2304 durante
1839 2255 1939 2303 vita
1953 2253 2218 2302 eorundem

187 2361 408 2408 octauam
443 2365 636 2422 partem
673 2357 735 2405 de
770 2356 819 2420 ly
847 2354 1030 2420 Manys
1065 2354 1127 2402 de
1161 2352 1298 2417 Athy
1325 2368 1470 2416 quam
1513 2389 1522 2397 .
1567 2387 1577 2397 .
1620 2386 1631 2397 .
1674 2355 1915 2411 occupant
1956 2375 1966 2385 ·
2010 2344 2216 2393 termino

189 2470 305 2501 vero
342 2450 573 2499 introitus
618 2487 629 2497 .
674 2487 685 2497 .
731 2488 742 2498 .
786 2448 1057 2513 incipiente
1092 2446 1145 2494 in
1181 2443 1302 2493 festo
1338 2440 1685 2492 Penthecostes
1721 2440 1883 2488 datam
1918 2436 2219 2502 presencium

189 2542 471 2592 immediate
504 2541 803 2606 precedente
840 2568 850 2578 -
892 2537 1142 2588 Soluendo
1187 2573 1198 2584 .
1244 2573 1254 2583 .
1297 2572 1307 2582 .
1349 2549 1528 2582 nouem
1562 2531 1717 2579 bollas
1752 2538 1800 2578 et
1839 2545 1976 2576 vnam
2013 2526 2220 2574 firlotam

191 2652 301 2684 cum
327 2632 533 2682 dimidia
568 2632 738 2681 mundi
765 2631 878 2680 ficei
906 2638 955 2679 et
978 2629 1089 2695 puri
1121 2626 1356 2675 frumenti
1386 2633 1434 2673 et
1469 2631 1568 2672 tres
1601 2621 1785 2670 firlotas
1817 2618 1924 2669 albe
1959 2618 2141 2666 farrine
2177 2624 2225 2664 et

191 2727 360 2776 decem
384 2724 564 2773 solidos
601 2762 612 2773 .
650 2762 661 2773 .
703 2762 713 2772 .
753 2731 950 2772 monete
992 2759 1002 2770 .
1045 2758 1056 2768 .
1099 2758 1110 2768 .
1152 2718 1322 2767 Scocie
1347 2717 1411 2765 ad
1434 2714 1668 2764 terminos
1707 2749 1718 2761 .
1761 2750 1770 2759 .
1813 2749 1824 2759 .
1865 2709 2082 2758 soluendi
2117 2747 2126 2756 .
2163 2746 2171 2755 .
2214 2745 2223 2753 .

183 2830 303 2869 cum·
345 2818 500 2867 tribus
543 2816 813 2882 caponibus
857 2823 904 2864 et
948 2813 1151 2863 totidem
1199 2808 1347 2874 pullis
1394 2806 1571 2855 adultis
1613 2812 1661 2852 et
1702 2819 1812 2851 cum
1854 2800 2075 2848 omnibus
2119 2798 2224 2846 aliis

192 2912 553 2962 husbandorum
581 2908 812 2958 oneribus
847 2944 858 2954 .
894 2943 904 2954 .
941 2943 951 2953 .
990 2905 1056 2953 Et
1079 2903 1112 2951 fi
1136 2901 1391 2965 coutingat
1426 2935 1437 2946 .
1474 2935 1484 2946 .
1526 2934 1536 2945 .
1573 2894 1866 2945 Cristianam
1888 2919 1898 2929 ·
1920 2891 2225 2940 Johannem.

195 3012 254 3054 xic
277 3004 509 3054 Jonetam
552 3040 563 3051 .
604 3039 614 3049 .
657 3038 667 3048 .
707 3000 813 3047 fore
854 3036 865 3046 .
910 3035 921 3046 .
966 3035 976 3045 .
1015 2995 1144 3043 male
1167 2991 1501 3058 persoluentes
1540 3024 1550 3034 .
1587 3024 1597 3034 .
1635 3022 1645 3033 .
1681 2991 1765 3033 aut
1789 2981 2041 3030 iniuriosos
2064 2979 2228 3027 licebit

195 3096 345 3145 nobis
375 3134 384 3144 .
417 3134 426 3144 .
464 3134 473 3143 .
511 3095 572 3143 de
613 3132 623 3141 .
662 3131 670 3140 .
710 3131 718 3139 .
762 3091 935 3138 octaua
978 3093 1120 3151 parte
1167 3084 1229 3132 ad
1269 3118 1280 3130 .
1327 3119 1338 3129 .
1384 3118 1395 3128 .
1437 3079 1630 3127 libitum
1673 3112 1683 3122 .
1725 3112 1736 3123 .
1778 3111 1790 3122 .
1829 3072 2081 3135 disponere
2118 3107 2126 3116 .
2166 3106 2176 3116 .
2215 3105 2225 3115 .

200 3186 310 3236 N'ec
348 3185 518 3235 licebit
557 3182 791 3250 predictis
831 3217 842 3228 .
885 3216 896 3228 .
938 3216 948 3227 .
989 3178 1213 3226 octauam
1253 3179 1445 3238 partem
1487 3168 1634 3219 alicui
1681 3204 1704 3215 .,
1738 3203 1750 3214 .
1798 3202 1809 3212 .
1853 3158 2063 3212 affedare
2106 3197 2116 3208 .
2157 3197 2168 3207 .
2215 3196 2224 3205 .

1176 3271 1206 3314 2
1231 3281 1265 3313 x
