2762 3834
456 1998 519 2048 92

578 388 605 443 7
613 393 641 437 8
1020 376 1447 435 REGISTRUM
1480 374 1579 427 DE
1616 372 2180 425 ABERBROTHOO.

579 524 686 571 octo
710 520 928 570 denariis
954 519 1129 569 vsualis
1151 522 1347 565 monete
1366 512 1510 578 regni
1538 508 1712 560 Scocie
1734 509 1982 557 soluendis
2023 541 2034 557 .
2081 543 2094 557 .
2139 540 2150 557 .
2186 508 2251 557 ad
2273 508 2397 558 festa
2419 508 2632 558 Penthe-

579 614 734 664 costes
771 620 820 662 et
855 611 1020 660 Sancti
1060 607 1268 659 Martini
1300 606 1353 654 in
1387 605 1566 670 hyeme
1606 632 1618 650 ι
1657 638 1669 649 .
1707 636 1719 649 .
1757 608 1806 649 et
1829 599 2062 665 promifit‘
2078 600 2211 649 idem
2247 600 2478 650 Andreas
2503 601 2632 650 dicto

577 704 841 771 Nycholao
875 703 1008 767 quod
1037 702 1223 749 faceret
1264 736 1275 746 .
1313 735 1324 746 .
1361 735 1372 746 .
1413 704 1600 745 terram
1638 693 1731 742 effe
1774 693 2153 760 distringibilem
2199 731 2212 743 .
2256 731 2268 743 .
2315 732 2326 743 .
2368 712 2459 758 pro
2503 732 2514 743 .
2561 733 2573 744 .
2620 732 2630 742 .

576 813 739 845 annuo
763 794 963 843 redditu
998 793 1131 857 quod
1168 790 1202 839 fi
1236 790 1364 838 forte
1402 805 1502 837 non
1535 787 1724 835 faceret
1767 824 1779 835 .
1825 823 1837 835 .
1883 823 1895 836 .
1935 787 2229 853 Nycholaus
2252 787 2461 836 heredes
2486 788 2558 836 sui
2584 795 2633 836 et

574 886 796 951 affignati
838 878 1079 933 haberent
1125 882 1377 930 recursum
1421 880 1484 928 ad
1522 915 1534 930 .
1580 916 1591 927 .
1637 915 1649 927 .
1689 886 1877 928 terram
1918 915 1930 928 .
1979 916 1991 929 .
2041 918 2053 930 .
2096 880 2242 945 super
2290 880 2468 945 quibus
2509 915 2522 928 .
2567 915 2580 927 .
2620 917 2630 926 .

575 977 862 1043 Nycholaus
901 1013 912 1024 .
953 1012 963 1024 .
1004 1012 1015 1023 .
1049 974 1200 1040 peciit
1238 1011 1249 1021 .
1290 1010 1301 1021 .
1342 1010 1353 1021 .
1389 971 1719 1020 instrumenta
1753 998 1763 1008 ·
1800 973 1933 1020 Acta
1961 972 2164 1022 fuerunt
2195 972 2289 1021 hec
2312 972 2364 1020 in
2386 972 2546 1037 burgo
2571 972 2633 1020 de

571 1062 864 1132 Edinburgh
901 1067 955 1115 in
988 1066 1134 1131 dom9
1172 1063 1504 1113 habitacionis
1544 1063 1740 1113 Mathei
1776 1065 1839 1113 de
1879 1063 2096 1114 Camera
2125 1063 2301 1113 balliui
2335 1064 2455 1113 dieti
2487 1063 2633 1128 burgi
2701 1118 2707 1124 ,

570 1161 693 1209 hora
724 1157 856 1224 quasi
887 1158 1050 1224 prima
1080 1156 1189 1222 post
1219 1155 1493 1205 merediem
1530 1193 1541 1205 .
1581 1194 1593 1205 .
1633 1193 1646 1206 .
1678 1157 1989 1223 presentibus
2022 1156 2209 1206 ibidem
2232 1157 2361 1205 dicto
2396 1156 2583 1206 balliuo
2620 1184 2629 1193 ·

569 1254 775 1302 Andrea
797 1246 1096 1300 Robensoun
1130 1278 1140 1290 ·
1177 1246 1348 1299 Dauid
1373 1248 1509 1298 Smal
1533 1250 1595 1300 de
1619 1248 1882 1300 Jedworth
1915 1279 1926 1290 ·
1960 1258 2011 1300 et
2035 1249 2255 1299 Roberto
2281 1248 2545 1299 Michaelis
2569 1249 2631 1297 de

572 1341 1013 1414 Hyrdmonstoune
1048 1373 1058 1385 ·
1093 1356 1204 1393 cum
1230 1344 1399 1393 multis
1424 1338 1535 1393 aliis
1568 1376 1578 1393 .
1619 1381 1630 1393 .
1672 1382 1682 1393 .

700 1438 766 1488 Et
802 1456 894 1504 ego
933 1438 1103 1487 Dauid
1145 1437 1286 1486 Rede
1314 1475 1324 1485 .
1366 1475 1376 1485 .
1417 1474 1428 1486 .
1461 1437 1686 1486 notarius
1721 1435 1962 1502 premiflis
2001 1475 2011 1485 .
2053 1474 2064 1485 .
2104 1474 2116 1485 .
2152 1435 2358 1485 interfui
2382 1449 2540 1500 eaque
2566 1434 2630 1483 fic

568 1532 674 1582 fieri
700 1522 793 1581 etc.

571 1782 828 1857 Custodia
850 1804 1098 1870 prioratus
1124 1805 1184 1853 de
1209 1804 1366 1871 way
1392 1803 1615 1854 concessa
1639 1803 1725 1853 sub
1750 1803 1908 1870 figillo
1934 1803 2201 1853 communi.

572 1967 645 2041 In
671 1989 868 2038 nomine
893 1988 1100 2038 Domini
1126 2005 1269 2036 amen
1303 2025 1314 2036 .
1347 1987 1446 2036 Per
1470 1987 1566 2036 hoc
1601 2025 1611 2035 .
1652 2025 1663 2035 .
1705 2025 1716 2035 .
1750 1986 2133 2036 instrumentum
2168 2024 2179 2035 .
2218 2023 2230 2035 .
2271 2024 2282 2035 .
2315 1992 2485 2052 pateat
2515 2023 2526 2034 .
2567 2023 2577 2033 .
2619 2023 2629 2032 .

574 2082 705 2146 quod
736 2098 866 2130 anno
902 2080 1277 2148 incarnacionis
1301 2079 1548 2128 dominice
1584 2079 1840 2128 millesimo
1866 2079 2352 2145 quadringentesimo
2391 2078 2631 2143 quinqua-

572 2173 752 2239 gesimo
788 2172 947 2238 primo
979 2171 1155 2220 menfis
1181 2190 1298 2221 vero
1330 2172 1544 2238 Augusti
1570 2172 1650 2220 die
1672 2171 1901 2220 vicefimo
1927 2171 2060 2220 sexto
2097 2199 2107 2209 ·
2141 2171 2411 2220 indictione
2437 2171 2632 2220 decima

574 2273 749 2329 quarta
781 2292 791 2302 ·
826 2265 1142 2330 pontificatus
1181 2303 1192 2314 .
1233 2302 1244 2313 .
1285 2303 1296 2314 .
1335 2264 1608 2331 Nycholaii
1646 2301 1657 2312 .
1698 2301 1708 2312 .
1748 2300 1760 2312 .
1797 2280 1926 2329 pape
1960 2263 2122 2329 quinti
2155 2281 2287 2313 anno
2318 2263 2491 2329 quinto
2528 2291 2539 2303 ·
2575 2263 2629 2312 in

572 2359 668 2407 mei
713 2397 723 2406 .
765 2396 775 2406 .
816 2396 826 2406 .
878 2367 926 2406 et
976 2395 986 2405 .
1027 2396 1037 2406 .
1077 2395 1087 2404 .
1132 2358 1516 2423 subscriptorum
1556 2395 1566 2406 .
1607 2395 1617 2405 .
1659 2395 1669 2406 .
1707 2357 1965 2423 presencia
2001 2395 2013 2406 .
2053 2396 2064 2407 .
2106 2396 2117 2407 .
2155 2358 2310 2407 frater
2351 2358 2630 2407 Malcomus

574 2451 730 2516 Bridy
765 2450 1036 2498 monachus
1074 2450 1308 2514 professus
1340 2491 1349 2500 .
1388 2484 1397 2501 -.
1435 2491 1444 2501 .
1483 2453 1544 2500 de
1583 2450 1926 2499 Abirbrothoc
1957 2489 1966 2499 .
2005 2489 2014 2499 .
2053 2490 2062 2500 .
2100 2467 2159 2499 ac
2199 2450 2340 2515 prior
2381 2451 2442 2499 de
2485 2449 2632 2516 Fyvy

575 2543 819 2605 quandam
843 2542 1062 2590 litteram
1097 2580 1107 2591 .
1145 2582 1154 2591 .
1192 2582 1201 2591 .
1241 2543 1384 2607 super
1420 2542 1728 2593 conceffione
1751 2543 1870 2593 dicti
1901 2543 1972 2592 sui
1995 2543 2245 2608 prioratus
2271 2545 2332 2592 (16
2356 2542 2514 2610 way
2539 2560 2629 2608 per

577 2634 801 2682 abbatem
837 2671 846 2682 .
884 2673 892 2681 .
930 2664 940 2682 2
979 2633 1039 2681 de
1077 2633 1415 2684 Abirbrothoc
1455 2636 1633 2685 factam
1670 2676 1679 2686 .
1718 2677 1727 2686 .
1765 2676 1775 2687 .
1812 2636 1936 2685 mihi
1972 2676 1981 2686 .
2020 2677 2029 2686 .
2067 2676 2077 2686 .
2118 2636 2326 2687 tradidit
2368 2636 2627 2702 perlegen-

577 2726 723 2773 dam.
762 2763 770 2773 .
808 2763 817 2773 .
852 2725 935 2773 sub
961 2725 1050 2773 hac
1075 2724 1234 2773 forma
1270 2755 1280 2764 ·
1315 2707 1607 2778 Vniuerfis.
1645 2769 1655 2778 .
1694 2770 1703 2779 .
1731 2730 1933 2779 ecclesie
1956 2731 2076 2779 filiis
2104 2769 2113 2780 .
2151 2769 2161 2780 .
2199 2770 2209 2780 .
2237 2730 2484 2779 Ricardus
2520 2770 2529 2779 .
2569 2770 2577 2778 .
2616 2770 2623 2779 .

575 2818 725 2865 abbas
760 2857 769 2865 .
807 2856 816 2865 .
855 2853 864 2865 .
901 2818 962 2864 (16
1000 2817 1338 2866 Abirbrothoc
1362 2858 1372 2867 .
1410 2858 1420 2867 .
1458 2818 1698 2870 ,salutem
1736 2852 1747 2863 ·
1786 2822 2003 2872 Nouerit
2029 2823 2319 2872 vniuerfitas
2344 2823 2508 2873 vestra
2531 2840 2623 2872 nos

622 2951 632 2959 .
670 2949 679 2959 .
718 2908 989 2959 conceffiss‘e
1026 2949 1034 2958 .
1073 2949 1082 2958 .
1119 2949 1127 2958 .
1166 2910 1380 2974 dompno
1413 2911 1663 2962 Malcomo
1696 2912 1855 2981 Bridy
1881 2915 2235 2964 commonacho
2265 2916 2432 2965 nostro
2466 2916 2626 2981 capel-

573 3003 672 3052 lam
697 3003 758 3051 de
783 3001 935 3067 way
962 2996 1328 3050 Aberdonenfis
1353 3003 1555 3054 diocefis
1579 3021 1714 3056 nunc
1738 3005 2021 3059 destitutam
2055 3027 2146 3075 per
2171 3009 2494 3059 dimiffionem
2519 3050 2529 3059 .
2567 3050 2576 3059 .
2615 3050 2623 3058 .

575 3093 915 3144 commonachi
940 3092 1093 3140 nostri
1118 3093 1320 3157 dompni
1344 3093 1380 3142 J
1383 3094 1590 3145 ohannis
1616 3099 1677 3147 de
1711 3099 2080 3151 Sanctoandrea
2113 3141 2123 3152 .
2161 3142 2171 3152 .
2210 3141 2220 3152 .
2261 3120 2373 3152 cum
2398 3102 2625 3152 omnibus

573 3186 847 3235 redditibus
873 3225 881 3234 .
908 3225 917 3234 .
944 3223 953 3234 .
980 3197 1070 3249 pro
1096 3192 1316 3250 tempore
1339 3203 1436 3251 quo
1452 3188 1697 3242 advixerit
1713 3189 1870 3244 diceus
1889 3196 2118 3246 dominus
2140 3195 2419 3246 Malcomus
2442 3196 2495 3246 in
2514 3198 2623 3246 vsus
