2762 3834
12 0 23 300 l

27 615 31 664 ἰ

29 697 32 736 l

30 738 35 888 ἱ

33 892 36 920 Ι

35 997 38 1020 l

35 1035 39 1054 1

35 1055 319 1161 999.

615 323 1043 375 REGISTRUM
1076 325 1173 374 DE
1210 326 1765 382 ABERBROTHOC.
2104 345 2198 393 319

172 468 353 510 terram
402 497 411 505 .
460 497 468 506 .
520 496 529 506 .
573 457 794 506 alienare
835 496 845 506 .
907 495 917 505 .
968 494 979 505 .
1021 457 1121 506 fine
1167 459 1333 509 nostra
1371 461 1570 525 speciali
1613 463 1822 512 licencia
1871 502 1882 513 .
1935 503 1946 513 .
1999 504 2010 515 .
2053 468 2203 531 Apud

298 588 309 598 .
359 547 630 614 capitulum
654 548 750 610 :die
782 548 975 597 decimo
1011 548 1144 597 sexto
1179 552 1351 600 menfis
1385 553 1510 601 Julii
1546 572 1675 603 anno
1716 555 1920 605 Domini
1956 558 2203 608 millefimo

173 640 654 709 quadringentefimo
677 640 994 705 nonogesimo
1020 643 1210 690 oaauo.

174 875 365 956 Peblis
390 893 857 971 affedatur‘Thome
882 892 1170 951 Quhitsone.

370 1061 546 1110 Pateat
582 1100 591 1110 .
630 1100 639 1109 .
676 1098 686 1109 .
724 1076 815 1108 nos
839 1059 1009 1108 Dauid
1045 1099 1055 1108 .
1097 1099 1105 1107 .
1147 1099 1155 1107 .
1196 1060 1420 1108 abbatem
1468 1101 1476 1109 .
1526 1102 1534 1109 .
1586 1102 1595 1110 .
1639 1065 1699 1112 de
1723 1065 2053 1116 Abirbrothoc
2096 1108 2104 1116 .
2146 1109 2153 1116 .
2199 1109 2207 1117 .

178 1152 401 1204 affedaffe
443 1193 452 1202 .
489 1193 499 1202 .
537 1192 547 1201 .
597 1152 790 1201 Thome
818 1151 1091 1210 Quhitsone
1128 1159 1177 1200 et
1212 1151 1500 1201 Alexandro
1537 1154 1807 1212 Quhitsone
1841 1158 1942 1206 filio
1974 1159 2057 1207 suo
2099 1200 2107 1208 .
2151 1200 2160 1208 .

178 1254 334 1295 terras
358 1245 549 1293 nostras
573 1245 634 1292 de
658 1244 705 1292 le
729 1244 896 1292 Peblis
922 1261 1033 1292 cum
1059 1243 1261 1292 decimis
1285 1244 1566 1308 garbalibus
1606 1286 1614 1294 .
1655 1287 1664 1295 .
1705 1287 1713 1295 .
1750 1265 1840 1312 pro
1865 1256 1968 1298 toto
1992 1258 2211 1315 tempore

183 1337 280 1386 vite
313 1376 322 1385 .
356 1376 365 1385 .
407 1376 415 1384 .
458 1336 671 1384 termino
697 1353 815 1384 vero
840 1335 1074 1384 introitus
1114 1375 1122 1383 .
1154 1375 1163 1383 .
1198 1375 1206 1383 .
1238 1334 1506 1399 incipiente
1533 1337 1612 1386 die
1634 1338 1746 1387 date
1770 1341 2071 1403 presencium
2106 1383 2114 1391 .
2160 1384 2167 1391 .
2203 1384 2211 1391 .

187 1428 434 1478 Soluendo
459 1428 575 1476 inde
601 1428 857 1476 annuatim
894 1466 902 1475 .
942 1466 950 1476 .
994 1467 1004 1476 .
1047 1444 1139 1491 pro
1162 1427 1305 1476 firma
1340 1468 1348 1477 .
1384 1468 1393 1477 .
1433 1469 1441 1477 .
1478 1426 1655 1493 >viginti
1679 1431 1834 1479 bollas
1857 1432 2014 1482 farine
2040 1451 2214 1483 auena-

186 1521 280 1570 tice
306 1529 355 1569 et
390 1521 562 1569 decem
588 1520 743 1568 bollas
779 1519 919 1568 ordei
945 1520 1116 1567 mundi
1143 1527 1191 1568 et
1216 1520 1328 1584 puri
1360 1538 1470 1569 cum
1501 1521 1727 1570 mensura
1748 1522 1842 1570 fori
1868 1526 2108 1573 currentis
2134 1557 2143 1566 ·
2170 1537 2218 1574 et

186 1629 275 1678 pro
299 1611 503 1660 decimis
543 1651 551 1660 .
591 1652 600 1660 .
645 1651 654 1660 .
692 1612 814 1660 duas
835 1611 992 1660 bollas
1019 1612 1154 1659 ordei
1184 1619 1232 1660 et
1257 1612 1427 1660 decem
1449 1613 1606 1661 bollas
1634 1613 1817 1663 farrine
1853 1631 1963 1662 cum
1997 1617 2222 1665 mensura

187 1705 405 1770 predicta
427 1705 491 1753 ad
515 1704 754 1753 terminos
801 1743 810 1753 .
859 1744 869 1753 .
921 1743 930 1752 .
972 1703 1196 1752 soluendi
1222 1705 1477 1752 consuetos
1502 1733 1512 1743 ·
1540 1722 1651 1752 cum
1674 1705 1754 1752 sex
1780 1705 2046 1769 caponibus
2071 1716 2119 1757 et
2144 1708 2222 1755 sex

187 1797 382 1863 gallinis
407 1805 634 1862 rynmart
659 1803 709 1846 et
732 1797 921 1845 weddir
957 1804 1006 1845 et
1039 1797 1264 1845 omnibus
1298 1797 1408 1845 aliis
1440 1796 1801 1846 husbandorum
1833 1799 2061 1847 oneribus
2106 1840 2115 1848 .
2164 1841 2172 1848 .
2216 1840 2224 1848 .

191 1889 299 1938 Nec
335 1890 506 1939 licebit
543 1889 778 1954 predictis
818 1928 828 1938 .
872 1928 881 1937 .
925 1928 934 1937 .
977 1888 1247 1953 predictam
1291 1888 1459 1936 villam
1506 1926 1517 1936 .
1563 1926 1573 1936 .
1611 1928 1619 1936 .
1664 1888 1811 1937 alicui
1853 1927 1863 1937 .
1909 1926 1919 1936 .
1958 1926 1970 1937 .
2015 1889 2226 1939 affedare

196 2018 206 2029 .
244 2019 254 2028 .
300 2019 310 2030 .
349 1982 448 2030 fine
485 1981 654 2030 nostra
682 1981 894 2029 licencia
928 2017 939 2029 .
979 2018 991 2028 .
1034 2017 1045 2028 .
1083 1979 1283 2028 cotariis
1323 2017 1333 2027 .
1382 2017 1393 2027 .
1434 2019 1443 2028 .
1485 1980 1702 2044 exceptis
1732 2010 1742 2019 ·
1778 1980 2010 2030 Preterea
2033 1982 2065 2029 fi
2107 2019 2119 2030 .
2164 2021 2175 2029 .
2217 2022 2225 2029 .

192 2075 318 2124 male
341 2075 677 2140 persoluentes
702 2092 761 2124 ac
811 2111 822 2123 .
873 2111 884 2122 .
926 2111 938 2122 .
981 2073 1201 2121 iniuriosi
1246 2112 1254 2120 .
1299 2111 1308 2120 .
1358 2111 1367 2120 .
1417 2072 1670 2120 extiterint
1694 2072 1862 2121 licebit
1892 2074 2031 2121 nobis
2056 2081 2104 2121 et
2128 2075 2229 2122 suc-

196 2167 453 2216 cefforibus
477 2165 655 2215 nostris
691 2168 752 2215 de
794 2203 805 2215 .
848 2206 857 2215 .
903 2204 914 2214 .
957 2166 1075 2214 villa
1100 2182 1211 2213 cum
1236 2163 1438 2212 decimis
1478 2203 1486 2212 .
1527 2201 1536 2211 .
1575 2200 1585 2210 .
1628 2164 1690 2211 ad
1733 2201 1741 2210 .
1787 2200 1797 2210 .
1836 2197 1847 2207 .
1890 2163 2081 2211 libitum
2120 2201 2130 2211 .
2170 2202 2180 2211 .
2217 2204 2226 2212 .

195 2258 450 2323 disponere
487 2296 497 2307 .
540 2298 550 2307 .
591 2297 600 2307 .
641 2258 793 2323 Apud
815 2257 1165 2306 monasterium
1190 2295 1199 2304 .
1245 2294 1256 2304 .
1286 2294 1297 2304 .
1324 2254 1549 2305 vicefimo
1575 2255 1654 2302 die
1678 2253 1848 2303 mensis
1871 2254 2078 2319 Augusti
2098 2273 2225 2303 anno

194 2349 399 2399 Domini
423 2349 677 2399 millefimo
703 2349 1185 2415 quadringentesimo
1210 2347 1522 2413 nonogesimo
1549 2349 1731 2394 octauo.

201 2560 432 2633 Tulloch
459 2613 469 2623 ·
497 2583 652 2633 Carta
675 2582 869 2631 dimidii
893 2582 1101 2631 dominii
1126 2583 1187 2630 de
1213 2582 1400 2630 eodem.

261 2789 270 2798 .
320 2789 328 2798 .
376 2750 552 2799 Pateat
588 2787 600 2798 .
638 2790 648 2799 .
686 2790 695 2798 .
732 2767 822 2798 nos
858 2749 1029 2799 Dauid
1067 2786 1078 2797 .
1118 2786 1129 2796 .
1169 2786 1193 2796 ..
1218 2748 1446 2796 abbatem
1490 2783 1500 2793 .
1543 2782 1554 2793 .
1594 2781 1605 2792 .
1644 2745 1704 2792 de
1729 2740 2064 2791 Abirbrothoc
2107 2778 2115 2786 .
2166 2775 2177 2785 .
2223 2775 2231 2783 .

206 2840 476 2891 conceffiffe
521 2879 533 2890 .
573 2881 582 2890 .
625 2881 636 2891 .
679 2840 1043 2907 consanguineo
1068 2839 1234 2888 nostro
1258 2837 1491 2903 magistro
1515 2835 1685 2884 Dauid
1709 2833 1898 2884 Gardin
1923 2833 1983 2880 de
2008 2830 2233 2880 Connan-

208 2933 297 2982 fith
320 2941 370 2982 et
392 2933 658 2982 heredibus
682 2933 780 2982 suis
818 2969 830 2981 .
872 2969 884 2980 .
930 2969 940 2979 .
985 2931 1342 2980 dimidietatem
1367 2936 1612 2977 terrarum
1647 2924 1922 2974 nostrarum
1948 2920 2150 2970 dominii
2174 2920 2233 2967 de

210 3024 422 3074 Tulloch
443 3034 497 3083 ⁴et
521 3026 582 3075 de
610 3025 849 3089 Craquhy
874 3041 933 3072 ex
957 3029 1099 3087 parte
1132 3020 1333 3070 australi
1366 3018 1601 3083 aque-dev
1621 3016 1803 3080 Ouany
1837 3014 2076 3062 iacentem
2119 3047 2130 3058 .
2173 3047 2183 3056 .
2224 3047 2233 3055 .

211 3117 427 3181 exceptis
466 3117 751 3165 molendino
794 3116 855 3163 de
899 3113 1138 3178 Craquhy
1178 3121 1229 3161 et
1268 3111 1416 3161 terris
1456 3110 1519 3158 ad
1556 3109 1686 3156 idem
1727 3133 1735 3154 1.
1777 3143 1788 3152 .
1831 3143 1840 3153 .
1881 3102 2233 3168 spectantibus·
