2586 3834
234 607 330 660 574

238 1252 333 1304 575

374 384 472 434 436
823 379 1246 433 REGISTRUM
1281 377 1376 428 DE
1412 373 1974 426 ABERBROTHOC.

382 586 536 659 Idem
561 605 786 656 concedit
810 621 900 668 pro
918 611 1140 667 tempore
1159 602 1259 650 vite
1279 599 1480 649 domino
1499 598 1671 648 Dauid
1689 598 1872 648 Brown
1890 598 2162 664 presbitero
2185 599 2424 663 capellam

386 698 554 749 Sanffl
578 697 630 747 Ν
631 696 787 746 iniani
811 695 938 759 apud
967 693 1145 743 vallem
1167 693 1229 741 de
1251 691 1471 758 Seytoun
1498 690 1723 741 situatam
1748 699 1798 741 et
1821 699 2082 741 vacantem
2106 707 2195 756 per
2219 699 2427 740 mortem

383 787 602 854 magistri
655 785 860 835 Ricardi
910 784 1075 834 Grant
1123 814 1133 824 -
1183 783 1484 848 Capellanus
1529 782 1734 832 honeste
1780 783 2061 848 reparando
2108 790 2158 832 et
2205 782 2429 830 ornando

384 879 621 944 capellam
639 878 691 926 in
711 876 952 926 consuetis
972 876 1156 924 diuinis
1180 876 1400 925 seruiciis
1420 883 1470 925 et
1488 873 1767 925 necessariis
1785 875 1932 924 modo
1953 892 2051 940 quo
2069 873 2431 940 predecessores

383 973 602 1021 fecerant
627 1000 637 1010 ·
664 974 730 1019 23
752 969 1015 1018 Februarii
1043 973 1188 1017 1521.

385 1227 536 1299 Idem
573 1247 752 1297 affedat
785 1265 877 1313 pro
914 1247 1133 1313 quinque
1170 1247 1314 1296 annis
1350 1247 1551 1297 domino
1586 1249 1779 1299 Jacobo
1817 1248 2117 1314 Lekprewik
2152 1248 2340 1298 vicario
2374 1250 2435 1297 de

385 1341 612 1390 Arbirlot
637 1349 686 1390 et
710 1340 806 1389 suis
831 1339 1080 1406 assignatis
1115 1357 1216 1389 non
1252 1334 1453 1391 maioris
1489 1340 1641 1390 status
1675 1359 1767 1407 pro
1803 1341 1887 1390 suo
1921 1341 2131 1408 seruicio
2168 1348 2217 1390 et
2252 1340 2436 1389 summa

386 1434 595 1498 pecunie
630 1433 847 1483 decimas
883 1432 1110 1498 garbales
1138 1433 1256 1482 ville
1293 1435 1355 1483 de
1391 1433 1607 1483 Newton
1631 1440 1681 1482 et
1705 1434 1766 1482 de
1794 1432 2004 1483 Crowde
2028 1432 2081 1481 in
2105 1432 2344 1497 parochia
2375 1433 2436 1481 de

387 1524 615 1573 Arbirlot
647 1554 657 1564 ·
694 1524 943 1574 Soluendo
968 1524 1020 1573 in
1045 1524 1156 1573 loco
1182 1525 1244 1574 de
1268 1524 1531 1592 Arbroyth
1554 1543 1647 1591 pro
1672 1525 1876 1574 decimis
1900 1526 1961 1574 de
1987 1524 2202 1574 Newton
2226 1533 2438 1589 quatuor

387 1617 542 1665 bollas
565 1616 800 1666 frumenti
829 1642 840 1653 ·
870 1633 1018 1665 vnam
1043 1615 1262 1665 celdram
1289 1617 1429 1666 ordei
1461 1646 1472 1657 ·
1507 1634 1653 1666 vnam
1679 1618 1897 1667 celdram
1924 1624 1973 1667 et
1996 1617 2258 1666 duodecim
2281 1616 2438 1665 bollas

387 1708 546 1757 farine
569 1707 795 1757 mensure
819 1708 915 1756 fori
941 1708 1189 1758 currentis
1220 1737 1231 1747 ·
1264 1716 1314 1758 et
1337 1726 1429 1774 pro
1454 1709 1658 1759 decimis
1683 1710 1745 1758 de
1772 1708 1983 1760 Crowde
2006 1708 2230 1758 fimiliter
2265 1736 2275 1748 ·
2310 1725 2438 1758 com-

387 1801 723 1850 mendatarius
746 1802 798 1849 in
825 1801 937 1850 casu
961 1818 1059 1865 quo
1085 1802 1344 1868 contingat
1369 1801 1623 1851 dimidiam
1656 1809 1850 1867 partem
1874 1802 1991 1851 ville
2017 1803 2078 1851 de
2105 1801 2315 1852 Crowde
2349 1819 2439 1866 per

391 1901 615 1942 tenentes
640 1911 739 1941 non
763 1894 1048 1943 seminatam
1073 1901 1159 1943 aut
1184 1902 1478 1960 occupatam
1510 1894 1616 1943 fore
1653 1894 1969 1943 exonerando
2004 1894 2257 1943 dominum
2293 1893 2328 1942 J
2330 1911 2439 1942 aco-

392 1986 507 2034 bum
551 1992 600 2033 et
641 1983 900 2050 assignatos
943 2003 972 2034 a
1011 1985 1262 2035 solucione
1307 1986 1613 2035 decimarum
1656 1986 1719 2035 ad
1762 1985 2014 2035 racionem
2062 1985 2191 2033 dicte
2239 1984 2441 2033 dimidie

392 2076 546 2141 partis
572 2104 583 2116 ·
609 2076 671 2129 27
702 2075 1003 2141 Septembris
1031 2081 1159 2126 1523
1189 2075 1384 2143 [1522].

394 2334 547 2406 Idem
570 2356 819 2420 presentat
843 2356 1130 2422 magistrum
1155 2356 1430 2406 Robertum
1460 2356 1703 2406 Schawnd
1731 2355 2116 2421 prebendarium
2141 2354 2202 2403 de
2227 2354 2442 2403 Arnald-

396 2446 503 2495 ston
527 2448 658 2495 infra
682 2448 935 2497 ecclefiam
960 2448 1274 2514 collegiatam
1299 2449 1360 2498 de
1389 2448 1646 2514 Crychton
1675 2446 2030 2497 Sanfflandree
2065 2445 2269 2495 diocesis
2302 2447 2444 2495 causa

398 2539 781 2602 permutacionis
803 2540 866 2588 ad
890 2539 1128 2589 uicariam
1153 2548 1445 2606 perpetuam
1467 2539 1668 2589 ecclefie
1692 2537 1991 2603 parochialis
2016 2537 2077 2586 de
2105 2536 2273 2587 Cowle
2297 2536 2444 2586 Abir-

401 2629 622 2677 denensis
641 2630 859 2695 dyocesis
879 2648 989 2679 cum
1011 2649 1187 2681 vacare
1207 2632 1475 2698 contigerit
1492 2648 1582 2697 per
1600 2630 1988 2696 refignacionem
2007 2629 2226 2695 magistri
2246 2629 2447 2678 Ricardi

403 2719 694 2768 Richartson
719 2748 729 2757 ·
755 2725 819 2769 23
843 2721 1103 2771 Februarii
1133 2727 1274 2773 1522.

406 2973 714 3046 Conuentus
750 2999 998 3061 presentat
1037 2999 1455 3049 commendatario
1501 3019 1636 3051 nunc
1677 3001 2033 3052 Sanaiandree
2080 2999 2447 3064 archiepiscopo

406 3086 691 3153 magistrum
716 3086 751 3136 J
753 3088 961 3136 acobum
988 3087 1223 3154 Symsone
1246 3092 1572 3155 presbiterum
1588 3093 1652 3141 ad
1670 3092 1909 3141 vicariam
1931 3097 2219 3156 perpetuam
2246 3089 2445 3138 ecclesie

406 3177 702 3243 parochialis
737 3178 798 3226 de
833 3177 1043 3227 erros
1076 3178 1425 3232 Sanffiandree
1461 3183 1680 3249 dyocesis
1705 3192 1964 3234 vacantem
1999 3200 2088 3248 per
2124 3180 2445 3231 dimissionem

408 3269 565 3319 vltimi
590 3269 763 3319 vicarii
790 3300 799 3310 ·
825 3269 856 3319 6
880 3269 914 3319 J
918 3270 1005 3318 ulii
1031 3275 1173 3320 1523.
