2586 3834
625 347 1051 398 REGISTRUM
1084 347 1182 396 DE
1217 348 1772 401 ABERBROTHOC.
2118 361 2212 412 407

180 479 281 541 dyn
318 508 328 517 ·
362 494 457 540 que
495 514 506 525 .
544 516 554 526 .
596 515 607 526 .
645 479 847 526 fuerunt
884 515 895 526 .
932 515 943 525 .
979 515 991 527 .
1028 479 1145 527 dieti
1171 478 1375 543 Georgii
1401 480 1699 531 hereditarie
1725 492 1774 532 et
1798 501 1917 548 quas
1940 485 2071 534 idem
2107 525 2116 534 .
2158 524 2167 532 .
2206 527 2216 535 .

178 570 230 616 in
272 569 497 617 manibus
536 568 716 617 nostris
754 570 886 633 apud
926 569 1197 634 capitulum
1239 607 1249 617 .
1291 608 1300 618 .
1337 607 1348 618 .
1393 573 1453 620 de
1492 573 1714 622 Arbroth
1758 610 1768 622 .
1808 613 1817 623 .
1847 596 1868 623 ·.
1906 575 2172 641 refignauit
2209 606 2217 614 ·

182 659 447 708 Tenendas
482 696 493 707 .
535 697 545 708 .
584 697 595 708 .
632 660 837 724 prefatis
878 696 889 708 .
926 697 936 708 .
976 697 988 708 .
1022 668 1071 708 et
1095 661 1358 710 heredibus
1380 663 1513 711 inter
1536 664 1662 728 ipsos
1686 665 1924 730 legittime
1948 669 2218 731 procreatis

178 791 187 799 .
227 791 235 799 .
275 791 284 799 .
323 751 498 815 quibus
545 752 677 800 forte·
720 752 1061 800 deficientibus
1108 752 1370 801 heredibus
1417 754 1852 819 propinquioribus
1891 795 1901 805 .
1952 795 1963 805 .
2015 795 2025 806 .
2073 758 2219 823 ipfius

184 841 394 906 Georgii
428 879 438 890 .
477 879 488 890 .
529 879 540 890 .
573 843 874 892 ficut·di&us
908 880 919 891 .
956 880 967 891 .
1005 880 1016 890 .
1043 850 1128 891 aut
1152 843 1223 891 sui
1245 844 1610 906 predeoeffores
1634 846 1910 896 huiusmodi
1933 855 2090 897 terras
2127 887 2138 897 .
2168 887 2178 897 .
2209 887 2219 897 .

179 933 482 997 temporibus
530 933 703 997 elapsis
741 971 752 982 .
892 941 1159 983 tenuerunt
1202 971 1214 982 .
1266 973 1276 982 .
1328 973 1339 983 .
1389 936 1663 987 Reddendo
1707 975 1719 988 .
1765 976 1775 987 .
1822 977 1833 988 .
1875 942 1984 989 oE’co
2030 958 2220 990 marcas

181 1062 190 1071 .
232 1062 244 1073 .
284 1063 294 1073 .
331 1031 528 1073 monete
565 1063 575 1072 .
614 1063 624 1073 .
665 1063 676 1073 .
724 1023 897 1074 Scocie
922 1026 987 1073 ad
1029 1063 1038 1073 .
1075 1063 1085 1073 .
1121 1062 1131 1073 .
1173 1025 1297 1074 festa
1338 1065 1349 1075 .
1386 1065 1397 1075 .
1437 1065 1448 1075 .
1484 1017 1799 1079 Pentecostes
1824 1039 1873 1080 et
1900 1031 2064 1082 Sanffl
2087 1033 2220 1082 Mar—

183 1115 276 1163 tini
313 1151 323 1163 .
351 1153 361 1163 .
389 1152 400 1163 .
431 1115 635 1164 nomine
660 1115 932 1165 feodifirme
949 1145 960 1156 ·
977 1133 1034 1165 ac
1054 1116 1283 1166 faciendo
1307 1119 1590 1185 homagium
1612 1128 1662 1169 et
1678 1122 1938 1171 seruicium
1956 1124 2221 1173 seeundum

182 1214 404 1255 tenorem
449 1243 459 1254 .
502 1244 513 1255 .
558 1244 568 1254 .
609 1217 743 1256 carte
782 1209 983 1271 antique
1020 1245 1030 1255 .
1067 1246 1076 1256 .
1117 1245 1129 1257 .
1161 1217 1354 1258 tantum
1404 1247 1414 1258 .
1465 1248 1476 1258 .
1526 1249 1536 1259 .
1584 1212 1735 1276 Apud
1783 1250 1794 1259 .
1839 1250 1850 1260 .
1896 1251 1906 1261 .
1953 1216 2223 1279 capitulum

183 1304 359 1361 quarto
395 1297 476 1346 die
510 1297 637 1347 Julii
673 1316 803 1347 anno
839 1299 1047 1348 Domini
1081 1305 1149 1348 m⁰
1184 1301 1572 1366 quingentesimo
1599 1304 1855 1352 vndecimo
1891 1312 1940 1353 et
1975 1307 2222 1355 consecra-

185 1388 332 1437 tionis
357 1388 521 1437 nostre
545 1405 677 1438 anno
701 1389 878 1454 primo.

187 1638 362 1711 Carta
389 1661 599 1726 Georgii
623 1661 872 1711 Meldrum
899 1670 1143 1712 terrarum
1168 1664 1229 1712 de
1255 1664 1560 1730 Banquhory
1583 1665 1793 1731 Dewny.

45 1839 137 1894 517
193 1818 455 1891 Omnibus
493 1878 504 1889 .
545 1878 555 1889 .
594 1878 605 1889 .
644 1841 891 1906 Georgius
929 1880 940 1890 .
1082 1842 1337 1907 episcopus
1377 1842 1664 1894 Sodorenfis
1701 1853 1751 1894 et
1788 1846 2231 1894 commendatarius

192 1940 459 1996 perpetuus
498 1933 559 1981 de
601 1932 825 1982 Arbroth
865 1941 914 1983 et
958 1932 1177 1984 Comkill
1222 1971 1234 1982 .
1284 1972 1295 1983 .
1347 1972 1358 1983 .
1407 1936 1612 1985 salutem
1649 1964 1659 1978 -
1698 1935 1954 1985 Noueritis
1996 1954 2084 1984 nos
2122 1974 2131 1984 .
2171 1977 2178 1984 .
2220 1975 2228 1983 .

195 2022 468 2072 oonceffiss'e
511 2064 519 2073 .
563 2064 572 2073 .
615 2064 625 2073 .
669 2024 888 2089 Georgio
914 2024 1166 2075 Meldrum
1188 2026 1249 2074 de
1273 2024 1315 2074 F
1315 2043 1413 2091 yue
1439 2034 1487 2076 et
1510 2026 1760 2077 Elisabeth
1776 2026 1934 2076 Innes
1959 2027 2127 2091 sponse
2152 2027 2231 2074 sue

249 2153 260 2162 .
300 2151 311 2163 .
356 2124 525 2165 terras
556 2116 618 2165 de
658 2115 927 2183 Banchory
962 2117 1128 2183 Dwny
1169 2157 1179 2166 .
1220 2156 1229 2166 .
1269 2156 1278 2166 .
1321 2118 1542 2168 iacentes
1578 2118 1631 2166 in
1672 2118 1933 2182 regalitate
1970 2119 2136 2170 nostra
2173 2119 2232 2165 de

196 2206 418 2255 Arbroth
452 2206 1001 2258 infravvioecomitatum
1038 2210 1099 2257 de
1135 2208 1491 2273 Abbyrdene'·
1533 2208 1829 2272 quequidem
1874 2247 1884 2257 .
1931 2248 1941 2257 .
1965 2230 1992 2256 ·.
2034 2209 2232 2256 fuerunt

200 2337 208 2345 .
249 2337 258 2345 .
302 2337 312 2346 .
353 2298 470 2346 diai
496 2298 705 2364 Georgii
728 2299 1025 2350 hereditarie
1061 2308 1111 2349 et
1142 2317 1262 2363 quas
1296 2300 1428 2349 idem
1470 2338 1479 2347 .
1518 2338 1526 2347 .
1564 2338 1573 2347 .
1611 2298 1877 2363 refignauit
1915 2328 1925 2343 ·.
1966 2298 2230 2346 Tenendas

201 2428 210 2436 .
251 2428 259 2437 .
297 2428 306 2438 .
344 2389 549 2453 prefatis
581 2429 590 2439 .
624 2430 634 2439 .
670 2429 679 2439 .
710 2398 760 2439 et
782 2391 1046 2440 heredibus
1070 2391 1199 2441 inter
1222 2391 1350 2455 ipsos
1374 2390 1612 2454 legittime
1636 2389 1908 2453 procreatis
1936 2428 1946 2437 .
1976 2426 1985 2437 .
2017 2426 2028 2437 .
2058 2389 2232 2451 quibus

202 2480 329 2528 forte
355 2480 696 2530 deficientibus
720 2481 983 2530 heredibus
1006 2481 1440 2546 propinquioribus
1471 2520 1479 2528 .
1511 2520 1520 2529 .
1556 2520 1564 2529 .
1599 2480 1805 2544 Georgii
1836 2517 1845 2528 .
1878 2518 1887 2528 .
1924 2517 1935 2527 .
1968 2479 2232 2528 secundum

203 2578 423 2619 tenorem
448 2573 528 2620 sue
552 2572 753 2636 antique
779 2580 914 2621 carte
957 2611 967 2622 .
1007 2612 1017 2622 .
1054 2612 1063 2621 .
1102 2573 1352 2621 Faciendo
1387 2611 1396 2620 .
1441 2610 1450 2620 .
1493 2610 1502 2619 .
1540 2570 1797 2619 seruicium
1832 2571 1892 2619 de
1929 2570 2068 2619 dietis
2088 2570 2234 2618 terris

205 2662 425 2711 debitum
462 2670 510 2712 et
549 2663 832 2713 consuetum
874 2681 932 2712 ae
972 2664 1206 2712 soluendo
1254 2701 1263 2711 .
1309 2702 1318 2710 .
1369 2702 1378 2709 .
1429 2662 1533 2726 regi
1581 2701 1589 2710 .
1634 2700 1643 2710 .
1686 2701 1695 2710 .
1736 2678 1953 2710 annuum
1990 2661 2234 2709 redditum

200 2753 423 2817 >quinque
461 2754 698 2803 librarum
740 2762 789 2805 et
829 2755 972 2804 nobis
1018 2794 1027 2804 .
1076 2795 1085 2804 .
1135 2794 1155 2805 ..
1194 2753 1524 2818 quadraginta
1562 2752 1826 2804 solidorum
1861 2790 1870 2800 .
1913 2791 1923 2800 .
1967 2791 1976 2800 .
2019 2752 2082 2800 ad
2119 2790 2127 2799 .
2172 2790 2180 2798 .
2225 2790 2233 2797 .

206 2845 441 2893 terminos
488 2884 497 2894 .
546 2884 555 2893 .
606 2883 616 2893 .
663 2845 979 2895 Pentecostes
1021 2853 1070 2894 et
1113 2844 1279 2894 San&
1317 2843 1525 2892 Martini
1562 2882 1570 2891 .
1610 2868 1680 2893 2
1714 2843 1914 2893 nomine
1952 2842 2234 2891 feodefirme

207 2942 398 2982 tantum
434 2974 444 2983 .
482 2974 491 2984 .
526 2975 536 2984 .
573 2935 728 3000 Apud
765 2974 775 2985 .
815 2975 824 2984 .
867 2974 877 2984 .
913 2935 1262 2983 monasterium
1294 2935 1355 2983 de
1393 2933 1616 2982 Arbroth
1651 2940 1826 2997 quarto
1850 2932 1928 2981 die
1952 2932 2075 2980 Julii
2106 2948 2234 2979 anno

207 3024 413 3074 Domini
449 3025 699 3075 millefimo
727 3024 1121 3089 quingentefimo
1146 3026 1403 3074 vndeeimo
1435 3032 1484 3074 et
1521 3024 1897 3075 consecrationis
1918 3023 2082 3074 nostre
2107 3038 2234 3070 anno

208 3130 382 3177 pr1m0.
