<?xml version="1.0" encoding="UTF-8"?>
<!DOCTYPE html PUBLIC "-//W3C//DTD XHTML 1.0 Transitional//EN"
    "http://www.w3.org/TR/xhtml1/DTD/xhtml1-transitional.dtd">
<html xmlns="http://www.w3.org/1999/xhtml" xml:lang="en" lang="en">
 <head>
  <title>
</title>
<meta http-equiv="Content-Type" content="text/html;charset=utf-8" />
  <meta name='ocr-system' content='tesseract 3.04.00' />
  <meta name='ocr-capabilities' content='ocr_page ocr_carea ocr_par ocr_line ocrx_word'/>
</head>
<body>
  <div class='ocr_page' id='page_1' title='image "./libersthomedea8602arbruoft_0604.png"; bbox 0 0 2742 3848; ppageno 0'>
   <div class='ocr_carea' id='block_1_1' title="bbox 410 946 507 999">
    <p class='ocr_par' dir='ltr' id='par_1_1' title="bbox 410 946 507 999">
     <span class='ocr_line' id='line_1_1' title="bbox 410 946 507 999; baseline -0.072 0"><span class='ocrx_word' id='word_1_1' title='bbox 410 948 436 999; x_wconf 84' lang='lat'>7</span> <span class='ocrx_word' id='word_1_2' title='bbox 444 946 507 993; x_wconf 79' lang='lat'>56</span> 
     </span>
    </p>
   </div>
   <div class='ocr_carea' id='block_1_2' title="bbox 413 1594 505 1646">
    <p class='ocr_par' dir='ltr' id='par_1_2' title="bbox 413 1594 505 1646">
     <span class='ocr_line' id='line_1_2' title="bbox 413 1594 505 1646; baseline 0 -2"><span class='ocrx_word' id='word_1_3' title='bbox 413 1594 505 1646; x_wconf 83' lang='grc'>757</span> 
     </span>
    </p>
   </div>
   <div class='ocr_carea' id='block_1_3' title="bbox 420 2522 515 2571">
    <p class='ocr_par' dir='ltr' id='par_1_3' title="bbox 420 2522 515 2571">
     <span class='ocr_line' id='line_1_3' title="bbox 420 2522 515 2571; baseline -0.053 -1"><span class='ocrx_word' id='word_1_4' title='bbox 420 2522 515 2571; x_wconf 78' lang='grc'>758</span> 
     </span>
    </p>
   </div>
   <div class='ocr_carea' id='block_1_4' title="bbox 554 344 2158 407">
    <p class='ocr_par' dir='ltr' id='par_1_4' title="bbox 554 344 2158 407">
     <span class='ocr_line' id='line_1_4' title="bbox 554 344 2158 407; baseline -0.008 0"><span class='ocrx_word' id='word_1_5' title='bbox 554 363 650 407; x_wconf 87' lang='grc'>504</span> <span class='ocrx_word' id='word_1_6' title='bbox 1004 351 1429 404; x_wconf 86' lang='lat' dir='ltr'>REGISTRUM</span> <span class='ocrx_word' id='word_1_7' title='bbox 1464 349 1560 398; x_wconf 89' lang='lat' dir='ltr'>DE</span> <span class='ocrx_word' id='word_1_8' title='bbox 1597 344 2158 396; x_wconf 83' lang='lat' dir='ltr'>ABERBROTHOC.</span> 
     </span>
    </p>
   </div>
   <div class='ocr_carea' id='block_1_5' title="bbox 552 479 2606 728">
    <p class='ocr_par' dir='ltr' id='par_1_5' title="bbox 552 479 2606 728">
     <span class='ocr_line' id='line_1_5' title="bbox 552 479 2603 541; baseline -0.007 -1"><span class='ocrx_word' id='word_1_9' title='bbox 552 493 704 541; x_wconf 88' lang='lat' dir='ltr'>libras</span> <span class='ocrx_word' id='word_1_10' title='bbox 740 497 937 539; x_wconf 90' lang='lat' dir='ltr'>monete</span> <span class='ocrx_word' id='word_1_11' title='bbox 983 487 1157 538; x_wconf 89' lang='lat' dir='ltr'>Scocie</span> <span class='ocrx_word' id='word_1_12' title='bbox 1202 501 1312 533; x_wconf 93' lang='lat' dir='ltr'>cum</span> <span class='ocrx_word' id='word_1_13' title='bbox 1352 483 1465 530; x_wconf 82' lang='lat' dir='ltr'>&#39;aliis</span> <span class='ocrx_word' id='word_1_14' title='bbox 1505 479 1724 530; x_wconf 88' lang='lat' dir='ltr'>seruiciis</span> <span class='ocrx_word' id='word_1_15' title='bbox 1764 487 1813 527; x_wconf 87' lang='lat' dir='ltr'>et</span> <span class='ocrx_word' id='word_1_16' title='bbox 1849 479 2082 527; x_wconf 86' lang='lat' dir='ltr'>oneribus</span> <span class='ocrx_word' id='word_1_17' title='bbox 2125 508 2134 517; x_wconf 90' lang='lat'><strong>·</strong></span> <span class='ocrx_word' id='word_1_18' title='bbox 2179 487 2228 528; x_wconf 86' lang='lat' dir='ltr'>et</span> <span class='ocrx_word' id='word_1_19' title='bbox 2264 481 2490 529; x_wconf 88' lang='lat' dir='ltr'>ducendo</span> <span class='ocrx_word' id='word_1_20' title='bbox 2527 480 2603 528; x_wconf 81' lang='lat' dir='ltr'>sex</span> 
     </span>
     <span class='ocr_line' id='line_1_6' title="bbox 555 570 2606 646; baseline -0.01 -12"><span class='ocrx_word' id='word_1_21' title='bbox 555 601 708 633; x_wconf 85' lang='lat' dir='ltr'>onera</span> <span class='ocrx_word' id='word_1_22' title='bbox 732 597 969 646; x_wconf 89' lang='lat' dir='ltr'>equorum</span> <span class='ocrx_word' id='word_1_23' title='bbox 1006 579 1067 627; x_wconf 91' lang='lat' dir='ltr'>de</span> <span class='ocrx_word' id='word_1_24' title='bbox 1102 576 1251 641; x_wconf 87' lang='lat' dir='ltr'>lignis</span> <span class='ocrx_word' id='word_1_25' title='bbox 1288 573 1638 623; x_wconf 63' lang='lat' dir='ltr'>cinctoriorum</span> <span class='ocrx_word' id='word_1_26' title='bbox 1671 570 1902 620; x_wconf 87' lang='lat' dir='ltr'>videlicet</span> <span class='ocrx_word' id='word_1_27' title='bbox 1933 571 2285 637; x_wconf 70' lang='lat' dir='ltr'>gyrtlfflyngys</span> <span class='ocrx_word' id='word_1_28' title='bbox 2321 572 2606 636; x_wconf 83' lang='lat' dir='ltr'>granatario</span> 
     </span>
     <span class='ocr_line' id='line_1_7' title="bbox 557 663 2014 728; baseline -0.01 -3"><span class='ocrx_word' id='word_1_29' title='bbox 557 675 746 725; x_wconf 89' lang='lat' dir='ltr'>abbatis</span> <span class='ocrx_word' id='word_1_30' title='bbox 773 672 893 722; x_wconf 71' lang='lat' dir='ltr'>vasis</span> <span class='ocrx_word' id='word_1_31' title='bbox 917 668 1202 719; x_wconf 88' lang='lat' dir='ltr'>monasterii</span> <span class='ocrx_word' id='word_1_32' title='bbox 1226 664 1419 715; x_wconf 84' lang='lat' dir='ltr'>brafine</span> <span class='ocrx_word' id='word_1_33' title='bbox 1445 664 1573 728; x_wconf 84' lang='lat' dir='ltr'>aptis</span> <span class='ocrx_word' id='word_1_34' title='bbox 1609 693 1619 702; x_wconf 88' lang='lat'><strong>·</strong></span> <span class='ocrx_word' id='word_1_35' title='bbox 1661 668 1683 710; x_wconf 91' lang='lat'>1</span> <span class='ocrx_word' id='word_1_36' title='bbox 1714 663 1839 712; x_wconf 85' lang='lat' dir='ltr'>Maii</span> <span class='ocrx_word' id='word_1_37' title='bbox 1868 667 2014 711; x_wconf 92' lang='lat'>1531.</span> 
     </span>
    </p>
   </div>
   <div class='ocr_carea' id='block_1_6' title="bbox 555 930 2613 1367">
    <p class='ocr_par' dir='ltr' id='par_1_6' title="bbox 555 930 2613 1367">
     <span class='ocr_line' id='line_1_8' title="bbox 558 930 2609 1011; baseline -0.005 -12"><span class='ocrx_word' id='word_1_38' title='bbox 558 930 709 1000; x_wconf 80' lang='lat' dir='ltr'>Idem</span> <span class='ocrx_word' id='word_1_39' title='bbox 735 947 915 996; x_wconf 80' lang='lat' dir='ltr'>assedat</span> <span class='ocrx_word' id='word_1_40' title='bbox 939 963 1029 1011; x_wconf 89' lang='lat' dir='ltr'>pro</span> <span class='ocrx_word' id='word_1_41' title='bbox 1054 944 1380 993; x_wconf 88' lang='lat' dir='ltr'>nouendecim</span> <span class='ocrx_word' id='word_1_42' title='bbox 1402 943 1546 991; x_wconf 89' lang='lat' dir='ltr'>annis</span> <span class='ocrx_word' id='word_1_43' title='bbox 1561 942 1596 992; x_wconf 86' lang='lat' dir='ltr'>J</span> <span class='ocrx_word' id='word_1_44' title='bbox 1599 944 1754 992; x_wconf 87' lang='lat' dir='ltr'>acobo</span> <span class='ocrx_word' id='word_1_45' title='bbox 1775 942 1923 991; x_wconf 91' lang='lat' dir='ltr'>Voud</span> <span class='ocrx_word' id='word_1_46' title='bbox 1951 950 2000 991; x_wconf 85' lang='lat' dir='ltr'>et</span> <span class='ocrx_word' id='word_1_47' title='bbox 2024 941 2204 1008; x_wconf 85' lang='lat' dir='ltr'>Egidie</span> <span class='ocrx_word' id='word_1_48' title='bbox 2228 942 2609 1007; x_wconf 88' lang='lat' dir='ltr'>Strathaqwhyn</span> 
     </span>
     <span class='ocr_line' id='line_1_9' title="bbox 558 1035 2611 1105; baseline -0.003 -14"><span class='ocrx_word' id='word_1_49' title='bbox 558 1044 661 1091; x_wconf 88' lang='lat' dir='ltr'>eius</span> <span class='ocrx_word' id='word_1_50' title='bbox 685 1040 852 1105; x_wconf 90' lang='lat' dir='ltr'>sponse</span> <span class='ocrx_word' id='word_1_51' title='bbox 878 1047 927 1087; x_wconf 91' lang='lat' dir='ltr'>et</span> <span class='ocrx_word' id='word_1_52' title='bbox 951 1053 1123 1086; x_wconf 90' lang='lat' dir='ltr'>eorum</span> <span class='ocrx_word' id='word_1_53' title='bbox 1149 1035 1400 1100; x_wconf 83' lang='lat' dir='ltr'>affignatis</span> <span class='ocrx_word' id='word_1_54' title='bbox 1430 1052 1532 1083; x_wconf 91' lang='lat' dir='ltr'>non</span> <span class='ocrx_word' id='word_1_55' title='bbox 1566 1035 1768 1084; x_wconf 90' lang='lat' dir='ltr'>maioris</span> <span class='ocrx_word' id='word_1_56' title='bbox 1802 1035 1955 1085; x_wconf 88' lang='lat' dir='ltr'>status</span> <span class='ocrx_word' id='word_1_57' title='bbox 1990 1043 2150 1085; x_wconf 87' lang='lat' dir='ltr'>terras</span> <span class='ocrx_word' id='word_1_58' title='bbox 2175 1036 2236 1084; x_wconf 92' lang='lat' dir='ltr'>de</span> <span class='ocrx_word' id='word_1_59' title='bbox 2260 1035 2537 1084; x_wconf 89' lang='lat' dir='ltr'>Neulandis</span> <span class='ocrx_word' id='word_1_60' title='bbox 2563 1046 2611 1084; x_wconf 83' lang='lat' dir='ltr'>et</span> 
     </span>
     <span class='ocr_line' id='line_1_10' title="bbox 559 1127 2613 1199; baseline -0.003 -16"><span class='ocrx_word' id='word_1_61' title='bbox 559 1134 786 1199; x_wconf 85' lang='lat' dir='ltr'>Tyberty</span> <span class='ocrx_word' id='word_1_62' title='bbox 805 1158 815 1169; x_wconf 92' lang='lat'><strong>·</strong></span> <span class='ocrx_word' id='word_1_63' title='bbox 844 1130 1096 1181; x_wconf 90' lang='lat' dir='ltr'>Soluendo</span> <span class='ocrx_word' id='word_1_64' title='bbox 1120 1145 1211 1193; x_wconf 91' lang='lat' dir='ltr'>pro</span> <span class='ocrx_word' id='word_1_65' title='bbox 1238 1128 1289 1176; x_wconf 89' lang='lat' dir='ltr'>N</span> <span class='ocrx_word' id='word_1_66' title='bbox 1293 1127 1519 1176; x_wconf 92' lang='lat' dir='ltr'>eulandis</span> <span class='ocrx_word' id='word_1_67' title='bbox 1543 1136 1757 1191; x_wconf 88' lang='lat' dir='ltr'>quatuor</span> <span class='ocrx_word' id='word_1_68' title='bbox 1780 1127 1933 1176; x_wconf 88' lang='lat' dir='ltr'>libras</span> <span class='ocrx_word' id='word_1_69' title='bbox 1952 1137 2001 1177; x_wconf 85' lang='lat' dir='ltr'>et</span> <span class='ocrx_word' id='word_1_70' title='bbox 2018 1145 2111 1193; x_wconf 92' lang='lat' dir='ltr'>pro</span> <span class='ocrx_word' id='word_1_71' title='bbox 2131 1127 2375 1194; x_wconf 84' lang='lat' dir='ltr'>Tybberti</span> <span class='ocrx_word' id='word_1_72' title='bbox 2402 1138 2613 1192; x_wconf 86' lang='lat' dir='ltr'>quatuor</span> 
     </span>
     <span class='ocr_line' id='line_1_11' title="bbox 558 1220 2611 1286; baseline -0.003 -11"><span class='ocrx_word' id='word_1_73' title='bbox 558 1228 707 1275; x_wconf 87' lang='lat' dir='ltr'>libras</span> <span class='ocrx_word' id='word_1_74' title='bbox 732 1224 969 1274; x_wconf 81' lang='lat' dir='ltr'>tredecim</span> <span class='ocrx_word' id='word_1_75' title='bbox 994 1222 1175 1271; x_wconf 91' lang='lat' dir='ltr'>solidos</span> <span class='ocrx_word' id='word_1_76' title='bbox 1211 1229 1260 1270; x_wconf 92' lang='lat' dir='ltr'>et</span> <span class='ocrx_word' id='word_1_77' title='bbox 1293 1228 1507 1286; x_wconf 89' lang='lat' dir='ltr'>quatuor</span> <span class='ocrx_word' id='word_1_78' title='bbox 1531 1221 1764 1270; x_wconf 88' lang='lat' dir='ltr'>denarios</span> <span class='ocrx_word' id='word_1_79' title='bbox 1788 1229 1986 1269; x_wconf 87' lang='lat' dir='ltr'>monete</span> <span class='ocrx_word' id='word_1_80' title='bbox 2027 1220 2200 1270; x_wconf 89' lang='lat' dir='ltr'>Scocie</span> <span class='ocrx_word' id='word_1_81' title='bbox 2238 1238 2347 1270; x_wconf 88' lang='lat' dir='ltr'>cum</span> <span class='ocrx_word' id='word_1_82' title='bbox 2386 1222 2611 1269; x_wconf 90' lang='lat' dir='ltr'>omnibus</span> 
     </span>
     <span class='ocr_line' id='line_1_12' title="bbox 555 1312 1688 1367; baseline -0.006 0"><span class='ocrx_word' id='word_1_83' title='bbox 555 1314 668 1367; x_wconf 65' lang='lat' dir='ltr'>&#39;aliis</span> <span class='ocrx_word' id='word_1_84' title='bbox 694 1316 924 1366; x_wconf 90' lang='lat' dir='ltr'>oneribus</span> <span class='ocrx_word' id='word_1_85' title='bbox 950 1322 999 1363; x_wconf 90' lang='lat' dir='ltr'>et</span> <span class='ocrx_word' id='word_1_86' title='bbox 1022 1313 1255 1362; x_wconf 90' lang='lat' dir='ltr'>custumis</span> <span class='ocrx_word' id='word_1_87' title='bbox 1289 1343 1299 1352; x_wconf 87' lang='lat'><strong>·</strong></span> <span class='ocrx_word' id='word_1_88' title='bbox 1335 1317 1358 1360; x_wconf 89' lang='lat'>1</span> <span class='ocrx_word' id='word_1_89' title='bbox 1391 1312 1514 1362; x_wconf 91' lang='lat' dir='ltr'>Maii</span> <span class='ocrx_word' id='word_1_90' title='bbox 1543 1315 1688 1361; x_wconf 88' lang='grc'><strong>1531.</strong></span> 
     </span>
    </p>
   </div>
   <div class='ocr_carea' id='block_1_7' title="bbox 560 1576 2620 2121">
    <p class='ocr_par' dir='ltr' id='par_1_7' title="bbox 560 1576 2620 2121">
     <span class='ocr_line' id='line_1_13' title="bbox 561 1576 2617 1660; baseline -0.001 -14"><span class='ocrx_word' id='word_1_91' title='bbox 561 1576 711 1647; x_wconf 81' lang='lat' dir='ltr'>Idem</span> <span class='ocrx_word' id='word_1_92' title='bbox 753 1626 763 1635; x_wconf 92' lang='lat'><strong>·</strong></span> <span class='ocrx_word' id='word_1_93' title='bbox 806 1597 923 1645; x_wconf 89' lang='lat' dir='ltr'>licet</span> <span class='ocrx_word' id='word_1_94' title='bbox 965 1601 1251 1644; x_wconf 87' lang='lat' dir='ltr'>tenementa</span> <span class='ocrx_word' id='word_1_95' title='bbox 1298 1593 1381 1642; x_wconf 89' lang='lat' dir='ltr'>sua</span> <span class='ocrx_word' id='word_1_96' title='bbox 1426 1594 1479 1641; x_wconf 89' lang='lat' dir='ltr'>in</span> <span class='ocrx_word' id='word_1_97' title='bbox 1527 1595 1687 1657; x_wconf 87' lang='lat' dir='ltr'>burgo</span> <span class='ocrx_word' id='word_1_98' title='bbox 1728 1594 1789 1641; x_wconf 92' lang='lat' dir='ltr'>de</span> <span class='ocrx_word' id='word_1_99' title='bbox 1837 1593 2066 1642; x_wconf 88' lang='lat' dir='ltr'>Abirden</span> <span class='ocrx_word' id='word_1_100' title='bbox 2120 1594 2348 1658; x_wconf 75' lang='lat' dir='ltr'>permissu</span> <span class='ocrx_word' id='word_1_101' title='bbox 2398 1595 2481 1643; x_wconf 91' lang='lat' dir='ltr'>suo</span> <span class='ocrx_word' id='word_1_102' title='bbox 2529 1613 2617 1660; x_wconf 89' lang='lat' dir='ltr'>per</span> 
     </span>
     <span class='ocr_line' id='line_1_14' title="bbox 560 1685 2615 1754; baseline -0 -16"><span class='ocrx_word' id='word_1_103' title='bbox 560 1691 816 1739; x_wconf 88' lang='lat' dir='ltr'>Andream</span> <span class='ocrx_word' id='word_1_104' title='bbox 840 1688 961 1754; x_wconf 83' lang='lat' dir='ltr'>Fyff</span> <span class='ocrx_word' id='word_1_105' title='bbox 988 1686 1284 1753; x_wconf 87' lang='lat' dir='ltr'>burgensem</span> <span class='ocrx_word' id='word_1_106' title='bbox 1311 1693 1555 1750; x_wconf 90' lang='lat' dir='ltr'>occupata</span> <span class='ocrx_word' id='word_1_107' title='bbox 1579 1702 1670 1751; x_wconf 90' lang='lat' dir='ltr'>per</span> <span class='ocrx_word' id='word_1_108' title='bbox 1692 1685 1841 1751; x_wconf 86' lang='lat' dir='ltr'>burgi</span> <span class='ocrx_word' id='word_1_109' title='bbox 1867 1686 2030 1735; x_wconf 84' lang='lat' dir='ltr'>curias</span> <span class='ocrx_word' id='word_1_110' title='bbox 2053 1686 2107 1734; x_wconf 92' lang='lat' dir='ltr'>in</span> <span class='ocrx_word' id='word_1_111' title='bbox 2132 1686 2227 1735; x_wconf 85' lang='lat' dir='ltr'>suis</span> <span class='ocrx_word' id='word_1_112' title='bbox 2253 1688 2479 1736; x_wconf 86' lang='lat' dir='ltr'>manibus</span> <span class='ocrx_word' id='word_1_113' title='bbox 2505 1706 2615 1737; x_wconf 90' lang='lat' dir='ltr'>cum</span> 
     </span>
     <span class='ocr_line' id='line_1_15' title="bbox 563 1777 2617 1843; baseline 0 -13"><span class='ocrx_word' id='word_1_114' title='bbox 563 1782 796 1831; x_wconf 87' lang='lat' dir='ltr'>consensu</span> <span class='ocrx_word' id='word_1_115' title='bbox 829 1781 945 1829; x_wconf 57' lang='lat' dir='ltr'>di&amp;</span> <span class='ocrx_word' id='word_1_116' title='bbox 968 1780 1173 1828; x_wconf 89' lang='lat' dir='ltr'>Andree</span> <span class='ocrx_word' id='word_1_117' title='bbox 1200 1796 1366 1828; x_wconf 91' lang='lat' dir='ltr'>coram</span> <span class='ocrx_word' id='word_1_118' title='bbox 1392 1777 1640 1843; x_wconf 76' lang='lat' dir='ltr'>preposito</span> <span class='ocrx_word' id='word_1_119' title='bbox 1667 1787 1716 1828; x_wconf 85' lang='lat' dir='ltr'>et</span> <span class='ocrx_word' id='word_1_120' title='bbox 1741 1779 2093 1828; x_wconf 81' lang='lat' dir='ltr'>communitate</span> <span class='ocrx_word' id='word_1_121' title='bbox 2117 1780 2245 1828; x_wconf 65' lang='lat' dir='ltr'>fafito</span> <span class='ocrx_word' id='word_1_122' title='bbox 2271 1782 2581 1831; x_wconf 84' lang='lat' dir='ltr'>deuenerunt</span> <span class='ocrx_word' id='word_1_123' title='bbox 2607 1812 2617 1820; x_wconf 91' lang='lat'><strong>·</strong></span> 
     </span>
     <span class='ocr_line' id='line_1_16' title="bbox 565 1870 2617 1937; baseline -0.001 -15"><span class='ocrx_word' id='word_1_124' title='bbox 565 1876 627 1923; x_wconf 92' lang='lat' dir='ltr'>ad</span> <span class='ocrx_word' id='word_1_125' title='bbox 662 1873 974 1937; x_wconf 86' lang='lat' dir='ltr'>infrascripta</span> <span class='ocrx_word' id='word_1_126' title='bbox 1008 1881 1174 1921; x_wconf 87' lang='lat' dir='ltr'>tamen</span> <span class='ocrx_word' id='word_1_127' title='bbox 1207 1872 1346 1920; x_wconf 91' lang='lat' dir='ltr'>nullo</span> <span class='ocrx_word' id='word_1_128' title='bbox 1378 1871 1526 1919; x_wconf 89' lang='lat' dir='ltr'>modo</span> <span class='ocrx_word' id='word_1_129' title='bbox 1560 1872 1757 1918; x_wconf 71' lang='lat' dir='ltr'>coaaus</span> <span class='ocrx_word' id='word_1_130' title='bbox 1791 1870 1876 1918; x_wconf 93' lang='lat' dir='ltr'>sed</span> <span class='ocrx_word' id='word_1_131' title='bbox 1910 1870 1972 1918; x_wconf 94' lang='lat' dir='ltr'>ob</span> <span class='ocrx_word' id='word_1_132' title='bbox 1997 1871 2316 1934; x_wconf 84' lang='lat' dir='ltr'>spontaneam</span> <span class='ocrx_word' id='word_1_133' title='bbox 2341 1872 2392 1920; x_wconf 93' lang='lat' dir='ltr'>in</span> <span class='ocrx_word' id='word_1_134' title='bbox 2421 1871 2617 1922; x_wconf 88' lang='lat' dir='ltr'>Christo</span> 
     </span>
     <span class='ocr_line' id='line_1_17' title="bbox 567 1963 2619 2030; baseline -0.001 -15"><span class='ocrx_word' id='word_1_135' title='bbox 567 1965 943 2030; x_wconf 87' lang='lat' dir='ltr'>compassionem</span> <span class='ocrx_word' id='word_1_136' title='bbox 970 1965 1199 2014; x_wconf 85' lang='lat' dir='ltr'>concedit</span> <span class='ocrx_word' id='word_1_137' title='bbox 1237 1965 1367 2013; x_wconf 63' lang='lat' dir='ltr'>dieto</span> <span class='ocrx_word' id='word_1_138' title='bbox 1403 1963 1611 2012; x_wconf 87' lang='lat' dir='ltr'>Andree</span> <span class='ocrx_word' id='word_1_139' title='bbox 1649 1980 1739 2027; x_wconf 92' lang='lat' dir='ltr'>pro</span> <span class='ocrx_word' id='word_1_140' title='bbox 1765 1963 1869 2012; x_wconf 88' lang='lat' dir='ltr'>vita</span> <span class='ocrx_word' id='word_1_141' title='bbox 1894 1963 2149 2011; x_wconf 86' lang='lat' dir='ltr'>annuatim</span> <span class='ocrx_word' id='word_1_142' title='bbox 2175 1964 2436 2013; x_wconf 83' lang='lat' dir='ltr'>duodecim</span> <span class='ocrx_word' id='word_1_143' title='bbox 2462 1966 2619 2014; x_wconf 89' lang='lat' dir='ltr'>bollas</span> 
     </span>
     <span class='ocr_line' id='line_1_18' title="bbox 565 2055 2620 2121; baseline 0 -14"><span class='ocrx_word' id='word_1_144' title='bbox 565 2058 726 2107; x_wconf 86' lang='lat' dir='ltr'>farine</span> <span class='ocrx_word' id='word_1_145' title='bbox 752 2057 1009 2106; x_wconf 87' lang='lat' dir='ltr'>auenatice</span> <span class='ocrx_word' id='word_1_146' title='bbox 1038 2057 1277 2105; x_wconf 89' lang='lat' dir='ltr'>leuandas</span> <span class='ocrx_word' id='word_1_147' title='bbox 1307 2056 1361 2105; x_wconf 91' lang='lat' dir='ltr'>in</span> <span class='ocrx_word' id='word_1_148' title='bbox 1387 2056 1506 2105; x_wconf 91' lang='lat' dir='ltr'>villa</span> <span class='ocrx_word' id='word_1_149' title='bbox 1541 2056 1602 2104; x_wconf 92' lang='lat' dir='ltr'>de</span> <span class='ocrx_word' id='word_1_150' title='bbox 1632 2055 1868 2121; x_wconf 85' lang='lat' dir='ltr'>Kyrkton</span> <span class='ocrx_word' id='word_1_151' title='bbox 1895 2056 1956 2104; x_wconf 93' lang='lat' dir='ltr'>de</span> <span class='ocrx_word' id='word_1_152' title='bbox 1981 2055 2174 2105; x_wconf 89' lang='lat' dir='ltr'>Terues</span> <span class='ocrx_word' id='word_1_153' title='bbox 2213 2086 2223 2095; x_wconf 92' lang='lat'>-</span> <span class='ocrx_word' id='word_1_154' title='bbox 2268 2075 2378 2106; x_wconf 91' lang='lat' dir='ltr'>cum</span> <span class='ocrx_word' id='word_1_155' title='bbox 2405 2058 2620 2108; x_wconf 90' lang='lat' dir='ltr'>clausula</span> 
     </span>
    </p>
   </div>
   <div class='ocr_carea' id='block_1_8' title="bbox 566 2147 2618 2292">
    <p class='ocr_par' dir='ltr' id='par_1_8' title="bbox 566 2147 2618 2292">
     <span class='ocr_line' id='line_1_19' title="bbox 568 2147 2618 2215; baseline 0.001 -17"><span class='ocrx_word' id='word_1_156' title='bbox 568 2152 700 2215; x_wconf 91' lang='lat' dir='ltr'>quod</span> <span class='ocrx_word' id='word_1_157' title='bbox 724 2150 958 2214; x_wconf 89' lang='lat' dir='ltr'>quamdiu</span> <span class='ocrx_word' id='word_1_158' title='bbox 983 2150 1213 2198; x_wconf 84' lang='lat' dir='ltr'>Andreas</span> <span class='ocrx_word' id='word_1_159' title='bbox 1238 2157 1523 2198; x_wconf 84' lang='lat' dir='ltr'>tenementa</span> <span class='ocrx_word' id='word_1_160' title='bbox 1553 2148 1778 2213; x_wconf 69' lang='lat' dir='ltr'>predifilsa</span> <span class='ocrx_word' id='word_1_161' title='bbox 1813 2156 2024 2213; x_wconf 84' lang='lat' dir='ltr'>occupat</span> <span class='ocrx_word' id='word_1_162' title='bbox 2056 2147 2206 2197; x_wconf 87' lang='lat' dir='ltr'>abbas</span> <span class='ocrx_word' id='word_1_163' title='bbox 2231 2150 2294 2197; x_wconf 90' lang='lat' dir='ltr'>ad</span> <span class='ocrx_word' id='word_1_164' title='bbox 2319 2150 2618 2200; x_wconf 90' lang='lat' dir='ltr'>solucionem</span> 
     </span>
     <span class='ocr_line' id='line_1_20' title="bbox 566 2239 2105 2292; baseline -0.003 -1"><span class='ocrx_word' id='word_1_165' title='bbox 566 2243 808 2292; x_wconf 61' lang='lat' dir='ltr'>dictorum</span> <span class='ocrx_word' id='word_1_166' title='bbox 835 2242 1117 2290; x_wconf 64' lang='lat' dir='ltr'>victualium</span> <span class='ocrx_word' id='word_1_167' title='bbox 1142 2241 1345 2290; x_wconf 84' lang='lat' dir='ltr'>minime</span> <span class='ocrx_word' id='word_1_168' title='bbox 1370 2241 1620 2290; x_wconf 87' lang='lat' dir='ltr'>tenebitur</span> <span class='ocrx_word' id='word_1_169' title='bbox 1655 2267 1665 2277; x_wconf 88' lang='lat'><strong>·</strong></span> <span class='ocrx_word' id='word_1_170' title='bbox 1706 2244 1767 2288; x_wconf 90' lang='lat'>14</span> <span class='ocrx_word' id='word_1_171' title='bbox 1791 2239 1826 2289; x_wconf 86' lang='lat' dir='ltr'><strong>J</strong></span> <span class='ocrx_word' id='word_1_172' title='bbox 1830 2239 1934 2288; x_wconf 89' lang='lat' dir='ltr'>unii</span> <span class='ocrx_word' id='word_1_173' title='bbox 1961 2243 2105 2288; x_wconf 88' lang='lat'>1531.</span> 
     </span>
    </p>
   </div>
   <div class='ocr_carea' id='block_1_9' title="bbox 567 2500 2619 3232">
    <p class='ocr_par' dir='ltr' id='par_1_9' title="bbox 567 2500 2619 3232">
     <span class='ocr_line' id='line_1_21' title="bbox 567 2500 2616 2588; baseline 0 -16"><span class='ocrx_word' id='word_1_174' title='bbox 567 2500 720 2572; x_wconf 83' lang='lat' dir='ltr'>Idem</span> <span class='ocrx_word' id='word_1_175' title='bbox 755 2521 1006 2571; x_wconf 86' lang='lat' dir='ltr'>constituit</span> <span class='ocrx_word' id='word_1_176' title='bbox 1037 2523 1297 2587; x_wconf 87' lang='lat' dir='ltr'>magistros</span> <span class='ocrx_word' id='word_1_177' title='bbox 1334 2532 1383 2572; x_wconf 91' lang='lat' dir='ltr'>et</span> <span class='ocrx_word' id='word_1_178' title='bbox 1418 2523 1645 2571; x_wconf 89' lang='lat' dir='ltr'>dominos</span> <span class='ocrx_word' id='word_1_179' title='bbox 1679 2521 1955 2571; x_wconf 89' lang='lat' dir='ltr'>Martinum</span> <span class='ocrx_word' id='word_1_180' title='bbox 1990 2522 2242 2588; x_wconf 89' lang='lat' dir='ltr'>Balfowyr</span> <span class='ocrx_word' id='word_1_181' title='bbox 2267 2531 2315 2572; x_wconf 90' lang='lat' dir='ltr'>et</span> <span class='ocrx_word' id='word_1_182' title='bbox 2342 2523 2616 2573; x_wconf 89' lang='lat' dir='ltr'>Henricum</span> 
     </span>
     <span class='ocr_line' id='line_1_22' title="bbox 570 2613 2618 2679; baseline 0.001 -18"><span class='ocrx_word' id='word_1_183' title='bbox 570 2613 823 2677; x_wconf 90' lang='lat' dir='ltr'>Balnauys</span> <span class='ocrx_word' id='word_1_184' title='bbox 847 2613 954 2661; x_wconf 90' lang='lat' dir='ltr'>suos</span> <span class='ocrx_word' id='word_1_185' title='bbox 979 2622 1327 2678; x_wconf 81' lang='lat' dir='ltr'>procuratores</span> <span class='ocrx_word' id='word_1_186' title='bbox 1354 2616 1415 2663; x_wconf 92' lang='lat' dir='ltr'>ad</span> <span class='ocrx_word' id='word_1_187' title='bbox 1442 2615 1829 2679; x_wconf 88' lang='lat' dir='ltr'>comparendum</span> <span class='ocrx_word' id='word_1_188' title='bbox 1854 2631 2020 2663; x_wconf 92' lang='lat' dir='ltr'>coram</span> <span class='ocrx_word' id='word_1_189' title='bbox 2045 2614 2239 2663; x_wconf 88' lang='lat' dir='ltr'>officiali</span> <span class='ocrx_word' id='word_1_190' title='bbox 2278 2614 2618 2665; x_wconf 86' lang='lat' dir='ltr'>Dunblanenfi</span> 
     </span>
     <span class='ocr_line' id='line_1_23' title="bbox 571 2705 2616 2770; baseline 0.001 -17"><span class='ocrx_word' id='word_1_191' title='bbox 571 2705 768 2769; x_wconf 89' lang='lat' dir='ltr'>eiusque</span> <span class='ocrx_word' id='word_1_192' title='bbox 795 2706 1131 2754; x_wconf 81' lang='lat' dir='ltr'>commiffariis</span> <span class='ocrx_word' id='word_1_193' title='bbox 1167 2707 1324 2755; x_wconf 86' lang='lat' dir='ltr'>tercio</span> <span class='ocrx_word' id='word_1_194' title='bbox 1362 2707 1442 2755; x_wconf 90' lang='lat' dir='ltr'>die</span> <span class='ocrx_word' id='word_1_195' title='bbox 1480 2706 1656 2754; x_wconf 86' lang='lat' dir='ltr'>menfis</span> <span class='ocrx_word' id='word_1_196' title='bbox 1686 2705 1896 2769; x_wconf 84' lang='lat' dir='ltr'>Augusti</span> <span class='ocrx_word' id='word_1_197' title='bbox 1932 2706 2155 2770; x_wconf 87' lang='lat' dir='ltr'>proxime</span> <span class='ocrx_word' id='word_1_198' title='bbox 2179 2706 2346 2755; x_wconf 89' lang='lat' dir='ltr'>futuro</span> <span class='ocrx_word' id='word_1_199' title='bbox 2370 2706 2480 2755; x_wconf 93' lang='lat' dir='ltr'>loco</span> <span class='ocrx_word' id='word_1_200' title='bbox 2506 2724 2616 2755; x_wconf 90' lang='lat' dir='ltr'>con-</span> 
     </span>
     <span class='ocr_line' id='line_1_24' title="bbox 572 2797 2619 2863; baseline 0.001 -18"><span class='ocrx_word' id='word_1_201' title='bbox 572 2797 796 2845; x_wconf 81' lang='lat' dir='ltr'>fistoriali</span> <span class='ocrx_word' id='word_1_202' title='bbox 830 2797 1042 2844; x_wconf 89' lang='lat' dir='ltr'>eiusdem</span> <span class='ocrx_word' id='word_1_203' title='bbox 1076 2798 1279 2862; x_wconf 90' lang='lat' dir='ltr'>aliisque</span> <span class='ocrx_word' id='word_1_204' title='bbox 1314 2800 1486 2848; x_wconf 89' lang='lat' dir='ltr'>diebus</span> <span class='ocrx_word' id='word_1_205' title='bbox 1512 2808 1561 2848; x_wconf 89' lang='lat' dir='ltr'>et</span> <span class='ocrx_word' id='word_1_206' title='bbox 1584 2798 1706 2846; x_wconf 89' lang='lat' dir='ltr'>locis</span> <span class='ocrx_word' id='word_1_207' title='bbox 1730 2798 1783 2846; x_wconf 92' lang='lat' dir='ltr'>in</span> <span class='ocrx_word' id='word_1_208' title='bbox 1809 2798 2037 2847; x_wconf 89' lang='lat' dir='ltr'>omnibus</span> <span class='ocrx_word' id='word_1_209' title='bbox 2073 2797 2228 2847; x_wconf 87' lang='lat' dir='ltr'>caufis</span> <span class='ocrx_word' id='word_1_210' title='bbox 2254 2799 2444 2847; x_wconf 86' lang='lat' dir='ltr'>abbatis</span> <span class='ocrx_word' id='word_1_211' title='bbox 2468 2817 2619 2863; x_wconf 88' lang='lat' dir='ltr'>penes</span> 
     </span>
     <span class='ocr_line' id='line_1_25' title="bbox 571 2888 2619 2956; baseline 0.001 -19"><span class='ocrx_word' id='word_1_212' title='bbox 571 2889 750 2954; x_wconf 87' lang='lat' dir='ltr'>garbas</span> <span class='ocrx_word' id='word_1_213' title='bbox 792 2888 1056 2937; x_wconf 88' lang='lat' dir='ltr'>decimales</span> <span class='ocrx_word' id='word_1_214' title='bbox 1097 2889 1303 2937; x_wconf 90' lang='lat' dir='ltr'>dominii</span> <span class='ocrx_word' id='word_1_215' title='bbox 1344 2890 1405 2938; x_wconf 90' lang='lat' dir='ltr'>de</span> <span class='ocrx_word' id='word_1_216' title='bbox 1431 2890 1631 2955; x_wconf 83' lang='lat' dir='ltr'>Westyr</span> <span class='ocrx_word' id='word_1_217' title='bbox 1655 2890 1907 2956; x_wconf 87' lang='lat' dir='ltr'>Petlowyr</span> <span class='ocrx_word' id='word_1_218' title='bbox 1947 2890 2001 2938; x_wconf 91' lang='lat' dir='ltr'>in</span> <span class='ocrx_word' id='word_1_219' title='bbox 2039 2890 2277 2954; x_wconf 88' lang='lat' dir='ltr'>parochia</span> <span class='ocrx_word' id='word_1_220' title='bbox 2314 2891 2516 2940; x_wconf 82' lang='lat' dir='ltr'>ecclesie</span> <span class='ocrx_word' id='word_1_221' title='bbox 2559 2893 2619 2940; x_wconf 90' lang='lat' dir='ltr'>de</span> 
     </span>
     <span class='ocr_line' id='line_1_26' title="bbox 573 2978 2618 3043; baseline 0.002 -15"><span class='ocrx_word' id='word_1_222' title='bbox 573 2978 856 3043; x_wconf 88' lang='lat' dir='ltr'>Abirnethy</span> <span class='ocrx_word' id='word_1_223' title='bbox 879 2979 1070 3043; x_wconf 87' lang='lat' dir='ltr'>prefate</span> <span class='ocrx_word' id='word_1_224' title='bbox 1096 2979 1299 3028; x_wconf 87' lang='lat' dir='ltr'>diocefis</span> <span class='ocrx_word' id='word_1_225' title='bbox 1324 2989 1499 3029; x_wconf 86' lang='lat' dir='ltr'>contra</span> <span class='ocrx_word' id='word_1_226' title='bbox 1523 2980 1830 3031; x_wconf 90' lang='lat' dir='ltr'>Willelmum</span> <span class='ocrx_word' id='word_1_227' title='bbox 1867 2983 2114 3032; x_wconf 87' lang='lat' dir='ltr'>Ruthwen</span> <span class='ocrx_word' id='word_1_228' title='bbox 2147 2983 2330 3032; x_wconf 69' lang='lat' dir='ltr'>di&amp;um</span> <span class='ocrx_word' id='word_1_229' title='bbox 2367 2984 2618 3032; x_wconf 89' lang='lat' dir='ltr'>dominum</span> 
     </span>
     <span class='ocr_line' id='line_1_27' title="bbox 573 3070 2618 3139; baseline 0.003 -21"><span class='ocrx_word' id='word_1_230' title='bbox 573 3070 892 3136; x_wconf 87' lang='lat' dir='ltr'>proprietatis</span> <span class='ocrx_word' id='word_1_231' title='bbox 918 3070 1123 3118; x_wconf 87' lang='lat' dir='ltr'>dominii</span> <span class='ocrx_word' id='word_1_232' title='bbox 1149 3071 1210 3118; x_wconf 89' lang='lat' dir='ltr'>de</span> <span class='ocrx_word' id='word_1_233' title='bbox 1235 3070 1426 3120; x_wconf 89' lang='lat' dir='ltr'>Wester</span> <span class='ocrx_word' id='word_1_234' title='bbox 1450 3071 1655 3121; x_wconf 87' lang='lat' dir='ltr'>Petlour</span> <span class='ocrx_word' id='word_1_235' title='bbox 1681 3104 1691 3114; x_wconf 88' lang='lat'>-</span> <span class='ocrx_word' id='word_1_236' title='bbox 1716 3074 2002 3139; x_wconf 89' lang='lat' dir='ltr'>magistrum</span> <span class='ocrx_word' id='word_1_237' title='bbox 2028 3074 2195 3124; x_wconf 87' lang='lat' dir='ltr'>Dauid</span> <span class='ocrx_word' id='word_1_238' title='bbox 2223 3075 2435 3124; x_wconf 89' lang='lat' dir='ltr'>Petcarn</span> <span class='ocrx_word' id='word_1_239' title='bbox 2461 3077 2618 3124; x_wconf 89' lang='lat' dir='ltr'>archi-</span> 
     </span>
     <span class='ocr_line' id='line_1_28' title="bbox 576 3160 2617 3232; baseline 0.002 -22"><span class='ocrx_word' id='word_1_240' title='bbox 576 3163 838 3210; x_wconf 89' lang='lat' dir='ltr'>diaconum</span> <span class='ocrx_word' id='word_1_241' title='bbox 876 3160 1256 3210; x_wconf 87' lang='lat' dir='ltr'>Brechinensem</span> <span class='ocrx_word' id='word_1_242' title='bbox 1294 3163 1498 3226; x_wconf 65' lang='lat' dir='ltr'>prediffi</span> <span class='ocrx_word' id='word_1_243' title='bbox 1539 3163 1777 3214; x_wconf 85' lang='lat' dir='ltr'>Willelmi</span> <span class='ocrx_word' id='word_1_244' title='bbox 1828 3175 2043 3216; x_wconf 83' lang='lat' dir='ltr'>tutorem</span> <span class='ocrx_word' id='word_1_245' title='bbox 2091 3196 2100 3205; x_wconf 91' lang='lat'><strong>·</strong></span> <span class='ocrx_word' id='word_1_246' title='bbox 2149 3168 2421 3216; x_wconf 89' lang='lat' dir='ltr'>Henricum</span> <span class='ocrx_word' id='word_1_247' title='bbox 2471 3168 2583 3232; x_wconf 87' lang='lat' dir='ltr'>Gyb</span> <span class='ocrx_word' id='word_1_248' title='bbox 2608 3195 2617 3203; x_wconf 90' lang='lat'><strong>·</strong></span> 
     </span>
    </p>
   </div>
   <div class='ocr_carea' id='block_1_10' title="bbox 2735 3627 2741 3848">
    <p class='ocr_par' dir='ltr' id='par_1_10' title="bbox 2735 3627 2741 3848">
     <span class='ocr_line' id='line_1_29' title="bbox 2735 3627 2741 3848; baseline 0 0"><span class='ocrx_word' id='word_1_249' title='bbox 2735 3627 2741 3848; x_wconf 81' lang='lat'>1</span> 
     </span>
    </p>
   </div>
  </div>
 </body>
</html>
