2742 3848
58 1413 153 1472 639

56 2163 155 2212 640

69 2898 156 2950 641

654 347 1085 400 REGISTRUM
1120 346 1218 397 DE
1256 345 1821 415 ABERBROTHOC.
2177 350 2267 399 461

204 485 511 551 clauigerum
536 511 546 522 ·
571 484 607 534 J
609 485 818 534 acobum
838 483 1182 550 Veddyrburn
1207 510 1217 520 ·
1243 482 1518 531 Robertum
1541 483 1698 532 Rowk
1723 511 1734 521 ·
1759 481 1795 531 J
1798 482 2046 531 ohannem
2066 480 2246 531 Ramsa
2264 514 2274 524 ·

205 577 471 643 burgenses
496 578 558 627 de
582 577 769 627 Dunde
805 605 815 616 ·
847 577 1146 643 Gylbertum
1172 575 1381 625 Menzas
1416 603 1427 614 ·
1463 575 1737 625 Patricium
1764 574 1904 627 Lesse
1928 602 1940 613 ·
1965 574 2273 624 Willelmum

206 670 425 720 Rolland
461 700 471 710 ·
508 670 775 736 burgenses
812 670 874 718 de
905 669 1169 736 Abirdeyn
1205 695 1216 706 ·
1252 670 1362 718 suos
1397 679 1752 734 procuratores
1787 670 1851 718 ad
1883 670 2273 734 comparendum

207 780 377 812 coram
410 756 528 828 rege
564 761 807 828 ipfiusque
843 761 1126 812 iusticiariis
1151 762 1235 812 seu
1259 763 1657 813 locatenentibus
1678 764 1732 812 in
1759 764 1901 813 curia
1923 762 2196 813 iusticiarie
2221 763 2274 812 in

206 858 433 922 proximo
459 858 592 923 apud
615 858 799 923 burgos
825 858 887 906 de
912 856 1069 906 Perth
1093 864 1143 906 et
1168 855 1355 906 Dunde
1392 857 1612 906 tenenda
1636 874 1695 906 ac
1721 856 1950 906 omnibus
1985 855 2096 905 aliis
2123 856 2274 905 curiis

208 950 340 1017 regis
365 977 376 987 ·
401 958 450 1000 et
474 950 660 999 ibidem
678 950 1066 999 liberetenentes
1086 957 1136 999 et
1153 949 1381 998 homines
1401 950 1592 999 abbatis
1613 958 1663 999 et
1682 956 1841 998 terras
1861 949 1942 998 seu
1960 948 2273 1015 regalitatem

208 1043 400 1093 abbatis
435 1043 771 1092 inhabitantes
807 1043 1187 1109 replegiandum
1231 1075 1241 1085 ·
1282 1042 1596 1108 presentibus
1646 1060 1779 1091 anno
1827 1042 2023 1108 expleto
2070 1042 2274 1091 minime

207 1136 460 1186 duraturis
484 1165 495 1175 ·
523 1140 587 1185 25
611 1135 647 1186 J
649 1136 845 1185 anuarii
874 1136 1020 1186 1526.
1911 1127 1921 1133 ”

206 1399 510 1473 Commiffio
569 1421 688 1469 data
736 1419 885 1469 certis
936 1419 1346 1484 procuratoribus
1399 1449 1409 1459 ·
1465 1420 1699 1470 videlicet
1755 1452 1766 1463 ·
1824 1421 2026 1472 domino
2080 1420 2275 1470 Jacobo

209 1513 414 1581 Ogyluy
440 1514 501 1562 de
527 1512 646 1562 Erle
681 1540 692 1552 ·
728 1512 980 1561 Willelmo
1007 1512 1124 1561 Vod
1160 1513 1222 1561 de
1259 1511 1527 1562 Bonnet-on
1566 1542 1576 1552 ·
1619 1514 1814 1564 Jacobo
1840 1515 2024 1564 Betton
2061 1514 2123 1562 de
2149 1512 2275 1562 Mel-

203 1625 334 1674 gone
377 1636 388 1647 ·
434 1607 658 1672 Georgio
684 1605 863 1655 Ramsa
887 1607 948 1654 de
977 1604 1143 1655 Clette
1185 1635 1195 1645 ·
1241 1605 1462 1671 Georgio
1491 1606 1676 1673 Rollog
1718 1636 1729 1647 ·
1769 1607 1994 1657 Johanni
2023 1606 2236 1671 Ramsay
2265 1635 2273 1644 ·

202 1700 514 1749 Allexandro
550 1699 782 1765 Luvlylle
826 1725 836 1735 ·
876 1699 1102 1748 Henrico
1135 1699 1332 1749 Guthre
1368 1699 1420 1748 in
1458 1699 1614 1749 Ruffis
1657 1731 1668 1742 ·
1712 1709 1763 1750 et
1799 1701 1910 1750 aliis
1953 1730 1963 1740 ·
2003 1718 2095 1766 pro
2137 1699 2277 1749 curia

204 1792 474 1842 iusticiarie
497 1793 716 1841 tenenda
734 1791 868 1857 apud
883 1791 1071 1841 Dunde
1091 1792 1253 1841 11111111ο
1269 1792 1447 1842 meniis
1466 1793 1730 1844 Februarii
1756 1813 1868 1845 cum
1892 1794 2275 1845 continuacione

205 1886 398 1934 dierum
438 1915 447 1924 ·
487 1885 655 1934 fimilis
679 1885 838 1934 forme
865 1892 916 1934 vt
939 1885 1207 1934 commiffio
1232 1887 1522 1951 precedens,

207 2139 360 2212 Idem
388 2163 571 2213 affedat
593 2181 686 2229 pro
711 2164 1040 2213 nouendecim
1078 2163 1222 2213 annis
1250 2163 1445 2213 Thome
1473 2164 1686 2231 Gardyn
1724 2172 1773 2215 et
1809 2165 2026 2214 Katrine
2062 2165 2274 2233 Forsyth

207 2256 290 2305 sue
329 2256 498 2321 sponse
524 2265 770 2306 eteorum
806 2256 1057 2322 aflignatis
1094 2274 1195 2305 non
1233 2256 1434 2306 maioris
1470 2255 1623 2306 status
1652 2265 1812 2306 terras
1838 2258 1899 2306 de
1924 2258 2188 2307 Abbatone
2223 2260 2275 2307 in

208 2350 418 2398 baronia
442 2350 504 2398 de
531 2349 838 2416 Newlandys
856 2349 990 2399 infra
1008 2350 1324 2416 regalitatem
1347 2351 1409 2399 de
1434 2350 1694 2417 Arbroyth
1716 2359 1766 2400 et
1788 2351 2189 2400 vicecomitatum
2215 2352 2274 2400 de

211 2442 456 2509 Kyncarn
492 2468 502 2480 ·
542 2441 794 2492 Soluendo
831 2450 1045 2507 quatuor
1080 2443 1232 2492 libras
1269 2444 1351 2492 sex
1389 2443 1569 2492 solidos
1594 2452 1644 2493 et
1669 2447 1777 2492 octo
1804 2444 2037 2492 denarios
2063 2461 2273 2493 vnacum

206 2542 435 2600 rynmart
468 2534 657 2584 custum
685 2535 876 2601 veddyr
906 2537 1039 2602 kayn
1070 2536 1248 2585 fowllis
1284 2535 1476 2602 custym
1513 2553 1634 2584 corn
1667 2544 1721 2585 et
1756 2535 1867 2584 aliis
1903 2536 2137 2586 oneribus
2169 2536 2275 2585 hus-

208 2628 488 2677 bandorum
524 2654 534 2665 ·
571 2632 636 2677 23
661 2627 924 2678 Februarii
953 2629 1095 2679 1526.

213 2878 410 2952 Abbas
434 2918 526 2966 pro
550 2902 869 2952 benemeritis
892 2903 1112 2968 magistri
1130 2904 1166 2954 J
1168 2905 1312 2955 acobi
1334 2904 1673 2972 Skrymgeour
1693 2905 1922 2956 canonici
1946 2904 2276 2956 Lesmorenfis

215 3002 264 3043 et
287 2993 525 3059 precipue
560 3012 653 3060 pro
690 2995 796 3044 eius
832 3013 986 3061 opera
1010 2997 1234 3047 adhibita
1266 3015 1422 3063 penes
1458 2998 1810 3048 extinctionem
1837 2998 2087 3048 cuiusdam
2114 3014 2276 3047 annue

216 3085 474 3149 pencionis
510 3087 644 3137 mille
680 3087 922 3138 librarum
957 3098 1155 3139 monete
1193 3089 1369 3141 Scocie
1393 3090 1630 3156 affignate
1654 3090 1848 3140 Jacobo
1872 3090 2083 3140 Stewart
2108 3088 2275 3139 comiti

216 3177 524 3228 Morauienfi
570 3180 717 3245 super
757 3180 999 3230 fructibus
1038 3182 1326 3232 monasterii
1368 3211 1378 3222 ·
1421 3184 1488 3232 ad
1524 3200 1674 3247 quam
1715 3183 2103 3249 extinguendam
2143 3181 2275 3230 idem
