2762 3834
569 339 662 393 196
1008 324 1427 382 REGISTRUM
1461 322 1558 371 DE
1595 316 2151 368 ABERBROTHOC.

672 506 683 518 .
721 477 770 517 et
794 476 974 517 terram
999 462 1216 528 magistri
1243 459 1432 508 Thome
1454 453 1681 502 Diksoun
1718 488 1729 498 .
1764 489 1773 498 .
1810 487 1820 497 .
1858 449 1985 498 Item
2011 450 2073 497 de
2098 449 2357 498 duodecim
2379 449 2594 497 denariis

566 560 718 610 annui
754 556 974 607 redditus
1010 555 1071 602 de
1109 556 1388 600 tenemento
1421 544 1624 592 Andree
1664 541 1781 591 Scot
1817 542 2011 589 iacente
2047 541 2098 589 in
2136 540 2266 589 dicto
2302 541 2410 589 vico
2449 550 2498 589 et
2538 558 2597 589 ex

568 651 736 700 eadem
783 656 922 712 parte
969 646 1096 693 inter
1143 651 1325 689 terram
1367 635 1572 685 Roberti
1615 634 1733 683 Scot
1780 633 1844 681 ad
1890 634 2091 682 boream
2140 672 2148 680 .
2198 672 2207 681 .
2259 669 2269 680 .
2318 641 2367 681 et
2415 641 2597 681 terram

567 740 800 788 heredum
841 735 1086 800 quondam
1133 730 1335 780 Ricardi
1382 726 1611 775 Feldefer
1652 742 1711 772 ex
1748 732 1890 788 parte
1931 723 2089 772 altera
2127 751 2137 762 ·
2178 723 2306 772 Item
2343 724 2404 772 de
2442 724 2599 773 tribus

569 829 729 878 solidis
786 826 937 875 annui
990 823 1210 872 redditus
1262 822 1323 868 de
1375 823 1658 869 tenemento
1707 814 1914 863 Patricii
1961 814 2163 863 Paniter
2210 815 2404 864 iacente
2450 816 2502 863 in
2549 816 2598 880 ly

569 918 873 984 Smyddyhyl
914 917 1125 965 habente
1167 928 1474 962 communem
1511 907 1754 957 venellam
1797 923 1857 954 ex
1897 915 2103 970 vtraque
2140 915 2280 971 parte
2323 935 2333 946 ·
2374 907 2503 957 Item
2539 909 2599 956 de

568 1011 720 1060 tribus
763 1007 925 1056 solidis
966 1008 1026 1055 de
1068 1004 1344 1069 vna-pecia
1380 1010 1512 1051 terre
1561 1016 1707 1064 quam
1751 1015 1885 1047 nunc
1932 999 2080 1047 habet
2127 998 2370 1048 Patricius
2417 1000 2602 1049 Panter

568 1103 756 1151 iacente
789 1100 841 1147 in
874 1099 923 1163 ly
948 1097 1168 1162 Apylgat
1208 1112 1267 1142 ex
1305 1100 1446 1159 parte
1485 1091 1686 1141 australi
1721 1090 1934 1139 eiusdem
1974 1091 2104 1139 inter
2138 1099 2320 1139 terram
2356 1091 2601 1140 Johannis

569 1191 754 1240 Keruel
789 1190 853 1238 ad
887 1188 1050 1236 oriens
1088 1195 1137 1235 et
1178 1194 1359 1234 terram
1400 1182 1593 1231 Thome
1641 1181 1806 1231 Smart
1843 1183 1907 1230 ad
1944 1183 2173 1231 occidens
2216 1222 2224 1231 .
2271 1220 2281 1231 .
2324 1223 2333 1231 .
2377 1183 2503 1232 Item
2541 1186 2602 1233 de

570 1290 777 1346 quatuor
822 1278 1037 1327 denariis
1084 1276 1234 1325 annui
1282 1274 1503 1324 redditus
1552 1275 1612 1322 de
1662 1281 1945 1323 tenemento
2002 1273 2238 1323 Duncani
2295 1274 2601 1339 Buchquhan

569 1375 758 1421 iacente
794 1373 845 1419 in
880 1371 926 1418 le
961 1369 1165 1435 Apilgat
1201 1385 1261 1416 ex
1295 1374 1436 1432 parte
1472 1365 1650 1414 boriali
1689 1365 1904 1414 eiusdem
1938 1365 2071 1414 inter
2110 1374 2290 1414 terram
2330 1367 2602 1416 Alexandri

570 1464 695 1529 Lyal
718 1464 781 1511 ad
805 1461 1033 1510 occidens
1077 1498 1087 1507 .
1132 1498 1141 1507 .
1184 1496 1194 1507 .
1237 1467 1285 1507 et
1322 1469 1502 1507 terram
1534 1456 1737 1505 Andree
1765 1456 1917 1505 Lame
1943 1457 2006 1504 ad
2030 1457 2195 1504 oriens
2236 1494 2246 1504 .
2286 1492 2296 1501 .
2342 1497 2350 1506 .
2392 1457 2515 1506 Item
2542 1460 2603 1507 de

572 1563 780 1618 quatuor
816 1552 1032 1601 denariis
1070 1551 1221 1599 annui
1259 1549 1480 1598 redditus
1519 1548 1580 1596 de
1618 1565 1715 1596 vna
1750 1548 1892 1612 pecia
1927 1557 2058 1597 terre
2094 1548 2331 1597 heredum
2357 1550 2604 1612 quondam

574 1645 810 1695 Richardi
834 1645 875 1692 F
879 1645 1062 1692 eldefer
1086 1644 1277 1692 iacente
1302 1643 1354 1690 in
1379 1642 1429 1706 ly
1452 1640 1863 1691 Cowchourbank
1887 1639 2017 1688 inter
2042 1647 2199 1688 terras
2235 1677 2245 1688 .
2280 1679 2290 1688 .
2325 1680 2333 1688 .
2368 1641 2603 1690 heredum

576 1777 584 1786 .
625 1776 634 1786 .
677 1775 687 1785 .
723 1736 959 1786 Richardi
985 1735 1213 1783 Feldefer
1250 1771 1262 1782 .
1303 1771 1312 1781 .
1352 1771 1361 1781 .
1398 1733 1620 1797 partibus
1645 1734 1706 1781 ab
1732 1732 1946 1795 Vtrisque
1971 1759 1982 1770 ·
2006 1731 2073 1780 Et
2098 1733 2231 1796 quod
2255 1733 2386 1780 dicta
2411 1733 2607 1782 Helena

576 1828 780 1892 Gardyn
806 1826 875 1875 est
899 1826 1115 1891 legitima
1141 1834 1189 1873 et
1211 1824 1534 1888 propinquior
1559 1824 1701 1873 heres
1726 1824 1856 1873 diete
1881 1825 2130 1888 quondam
2154 1824 2365 1873 Katrine
2404 1825 2607 1875 Conane

576 1919 745 1967 matris
791 1919 870 1966 sue
914 1935 1062 1981 penes
1107 1917 1308 1966 terciam
1352 1924 1539 1980 partem
1582 1917 1915 1981 predictarum
1956 1925 2201 1966 terrarum
2244 1926 2292 1966 et
2333 1934 2608 1967 annuorum

577 2012 856 2060 reddituum
880 2010 1257 2074 prescriptorum
1306 2048 1314 2057 .
1365 2048 1372 2056 .
1421 2048 1429 2056 .
1479 2009 1544 2056 Et
1568 2010 1702 2073 quod
1751 2046 1762 2057 .
1813 2046 1824 2057 .
1876 2046 1886 2056 .
1936 2008 2005 2057 est
2027 2009 2268 2074 legittime
2294 2011 2438 2057 etatis
2485 2037 2494 2046 ·
2543 2010 2607 2058 Et

580 2104 707 2167 quod
734 2103 863 2151 dieta
886 2102 1041 2150 tercia
1064 2118 1178 2165 pars
1202 2109 1443 2149 terrarum
1476 2101 1808 2164 predi&arum
1843 2100 1975 2149 valet
2009 2118 2142 2149 nune
2178 2118 2323 2149 vnam
2359 2102 2608 2150 marcham

580 2204 628 2242 et
665 2202 851 2242 tantum
893 2193 1046 2241 valuit
1086 2205 1305 2255 tempore
1346 2192 1482 2255 pacis
1527 2219 1537 2230 ·
1586 2192 1723 2239 valor
1761 2201 1926 2241 autem
1964 2193 2115 2240 annui
2164 2192 2386 2240 redditus
2431 2210 2521 2257 per
2562 2195 2608 2241 se

580 2293 714 2348 patet
751 2311 762 2323 ·
803 2284 868 2333 Et
900 2284 1030 2347 quod
1054 2284 1182 2331 dicte
1208 2291 1338 2330 terre
1363 2290 1411 2330 et
1436 2283 1586 2330 annui
1622 2284 1846 2332 redditus
1881 2291 2112 2332 tenentur
2147 2285 2208 2331 de
2258 2323 2267 2332 .
2319 2324 2327 2332 .
2379 2323 2387 2332 .
2437 2285 2610 2333 abbate

630 2414 638 2422 .
676 2413 685 2423 .
721 2376 771 2422 in
797 2375 955 2438 capite
979 2391 1068 2437 per
1094 2374 1348 2422 seruicium
1373 2373 1516 2438 burgi
1558 2401 1568 2410 ·
1609 2374 1675 2422 Et
1710 2376 1842 2438 quod
1877 2375 2007 2424 dicta
2041 2375 2196 2424 tercia
2230 2392 2344 2439 pars
2368 2384 2611 2424 terrarum

633 2503 644 2514 .
683 2503 694 2513 .
732 2483 827 2513 vna
862 2483 970 2513 cum
1006 2465 1160 2513 tercia
1194 2473 1333 2528 parte
1373 2502 1382 2511 .
1423 2502 1433 2512 .
1474 2502 1483 2512 .
1521 2465 1802 2513 reddituum
1827 2466 2159 2530 predi&orum
2195 2465 2267 2513 est
2300 2465 2352 2514 in
2388 2466 2611 2515 manibus

634 2595 642 2603 .
680 2594 689 2603 .
730 2556 918 2603 abbatis
941 2556 992 2602 in
1017 2555 1207 2603 defectu
1236 2555 1471 2603 heredum
1508 2557 1732 2619 usquein
1756 2559 2031 2621 presentem
2067 2558 2196 2607 diem
2231 2558 2338 2622 post
2372 2558 2611 2608 decess'um

587 2646 789 2695 Walteri
816 2646 1023 2710 Gardyn
1049 2645 1203 2708 sponfi
1240 2646 1429 2708 prefate
1464 2646 1675 2695 Katrine
1714 2648 1923 2698 Connen
1963 2677 1974 2688 ·
2007 2650 2090 2712 qui
2115 2648 2367 2698 Walterus
2391 2648 2613 2713 possess‘or

588 2746 694 2785 erat
728 2774 738 2784 .
775 2775 783 2783 .
821 2775 830 2784 .
868 2744 1109 2783 terrarum
1145 2743 1194 2783 et
1233 2773 1243 2783 .
1284 2774 1293 2783 .
1334 2774 1342 2783 .
1385 2738 1666 2786 reddituum
1691 2739 1798 2787 iure
1823 2740 2174 2788 matrimoniali
2199 2743 2450 2788 contra&o
2484 2741 2613 2789 inter

589 2828 771 2876 dictum
796 2827 1069 2875 Walterum
1095 2836 1144 2875 et
1168 2826 1458 2876 Katerinam
1512 2867 1520 2875 .
1572 2867 1580 2875 .
1633 2865 1643 2875 .
1697 2829 1882 2878 Datum
1908 2831 1993 2879 sub
2020 2830 2174 2895 sigillo
2205 2831 2411 2895 predicti
2446 2831 2612 2879 balliui

589 2935 797 2967 vnacum
835 2916 1002 2981 figillis
1041 2916 1231 2964 Thome
1271 2916 1431 2965 Smart
1468 2944 1478 2953 ·
1516 2918 1692 2966 Karoli
1730 2920 1908 2969 Brown
1945 2949 1954 2958 ·
1997 2931 2047 2971 et
2081 2923 2287 2971 Roberti
2325 2922 2443 2973 Scot
2480 2952 2489 2962 ·
2530 2923 2612 2986 qui

589 3008 706 3057 dieti
729 3006 1036 3071 inquificioni
1059 3006 1406 3054 interfuerunt.
