2762 3834
615 386 1050 439 REGISTRUM
1080 385 1181 437 DE
1214 386 1782 440 ABERBROTHOC.
2171 394 2238 439 55

164 518 366 568 humilis
389 520 593 570 lhlutem
628 562 638 570 .
675 562 685 571 .
722 561 734 571 .
767 521 896 572 Cum
928 561 941 571 .
978 559 991 571 .
1026 561 1038 571 .
1070 521 1277 572 ecclelia
1297 522 1585 574 monasterii
1617 561 1630 572 .
1666 562 1679 573 .
1714 563 1726 573 .
1758 524 1823 574 de
1840 523 2236 590 Abbyrbrothoe

163 652 175 661 .
217 652 228 662 .
271 653 283 663 .
318 615 452 678 quali
478 615 532 664 in
556 616 709 665 maris
732 616 882 665 litore
907 617 1084 666 situata
1105 633 1169 666 ex
1191 616 1445 682 frequenti
1469 624 1522 667 et
1550 615 1716 666 hoffili
1744 616 1939 683 nauigii
1960 615 2238 684 Anglicnni

162 706 364 756 incursu
401 707 602 757 difficile
650 708 959 774 reparabiles
998 709 1135 775 ptffa
1181 709 1239 759 fit
1280 709 1455 759 ruinas
1494 725 1588 759 nos
1625 709 1832 760 ecelefie
1872 710 2237 760 monasterialis

160 799 383 863 predi-ste
407 801 706 851 utilitatibus
728 802 999 867 prouidere
1021 802 1251 851 uolentae
1279 810 1332 851 et
1364 809 1535 851 cetera
1556 800 1670 868 lege
1691 809 1750 852 ut
1772 802 1921 867 supra
1955 801 2081 869 [No.
2105 801 2198 869 23]
2222 830 2237 841 ·

163 891 504 957 Quasquidem
536 894 731 943 litteras
771 933 783 944 .
831 933 843 943 .
890 934 902 943 .
944 910 1059 944 cum
1087 895 1325 944 consensu
1365 934 1376 945 .
1424 933 1437 944 .
1484 933 1496 944 .
1538 894 1747 960 capituli
1768 894 1927 944 nostri
1966 934 1979 945 .
2026 933 2039 944 .
2086 933 2100 945 .
2140 912 2235 962 pro

159 997 403 1051 perpetuo
428 988 781 1037 confirmamus
815 1014 830 1028 ·
861 987 925 1037 In
949 988 1091 1038 cuius
1114 986 1282 1037 nostre
1306 987 1700 1037 confirmationis
1721 986 2060 1037 testimonium
2083 995 2235 1054 abque

157 1079 308 1129 fidem
356 1080 568 1145 figillum
612 1081 835 1129 nostrum
882 1098 984 1130 vna
1029 1098 1143 1130 cum
1191 1080 1350 1146 figiuo
1397 1081 1608 1146 capituli
1654 1081 1813 1131 nostri
1854 1080 1927 1130 est
1963 1080 2235 1147 appensum

159 1173 295 1237 apud
328 1173 808 1223 Suniiumandream
833 1173 1065 1222 vice-fimo
1089 1173 1225 1222 sexto
1249 1172 1332 1222 die
1368 1172 1547 1221 menfis
1580 1171 1816 1223 Ostobris
1853 1189 1987 1222 anno
2025 1172 2237 1222 Domini

159 1265 415 1315 millesimo
455 1265 944 1331 quadringentesimo
987 1265 1217 1315 vicesimo
1263 1265 1481 1340 seeundo
1526 1282 1587 1315 ae
1633 1264 2021 1316 consecrationis
2064 1265 2235 1316 nostre

162 1358 407 1409 vicefimo.

158 1617 337 1690 Carta
359 1638 633 1689 tenementi
655 1638 719 1688 de
743 1637 791 1687 le
813 1638 1043 1704 Almory.

162 1801 444 1876 Uniuerfis
478 1863 491 1874 .
530 1863 542 1874 .
580 1863 593 1874 .
628 1823 888 1874 walterus
924 1863 935 1873 .
975 1863 986 1873 .
1026 1863 1037 1873 .
1073 1822 1227 1873 abbas
1262 1862 1273 1872 .
1313 1861 1325 1872 .
1365 1861 1376 1872 .
1412 1822 1476 1872 de
1511 1821 2233 1875 Abirbrothoc...r21utem-

162 1915 380 1968 Nouerit
400 1918 693 1968 vniuerfitas
712 1918 878 1968 vestra
896 1934 989 1966 nos
1021 1956 1032 1966 .
1070 1956 1080 1966 .
1118 1954 1131 1965 .
1166 1914 1405 1965 consensu
1435 1952 1448 1965 .
1484 1954 1496 1964 .
1533 1955 1545 1965 .
1576 1914 1785 1981 capituli
1818 1955 1829 1965 .
1865 1955 1876 1965 .
1913 1954 1924 1966 .
1957 1916 2023 1966 ad
2039 1916 2233 1967 firmam

161 2008 387 2059 dimififfe
426 2048 440 2059 .
480 2049 493 2060 .
534 2049 548 2060 .
583 2009 843 2060 willelmo
878 2010 942 2059 de
976 2008 1330 2075 Lesmahagow
1363 2007 1596 2074 burgenfi
1635 2047 1646 2058 .
1689 2048 1700 2057 .
1742 2048 1753 2058 .
1790 2008 1854 2058 de
1890 2008 2233 2059 Abirhrothoc

162 2118 315 2151 vnum
350 2103 530 2152 toftum
572 2141 584 2153 .
626 2143 637 2152 .
680 2142 691 2152 .
727 2104 903 2168 jacens
936 2103 989 2151 in
1025 2112 1163 2152 terra
1186 2100 1527 2151 elemofinarie
1548 2101 1717 2151 nostre
1740 2118 1802 2151 ex
1832 2110 1976 2167 parte
1999 2102 2232 2153 orientali

163 2195 381 2245 eiusdem
406 2196 539 2246 inter
562 2204 750 2246 terram
779 2195 1053 2246 Dunchani
1076 2194 1308 2245 Lorimar
1331 2210 1394 2243 ex
1416 2202 1562 2259 parte
1584 2192 1790 2242 australi
1823 2231 1837 2245 .
1872 2232 1885 2243 .
1918 2230 1933 2245 .
1969 2203 2021 2244 et
2045 2203 2229 2244 terram

160 2287 379 2338 nostram
426 2289 714 2355 contiguam
762 2306 911 2355 quam
957 2289 1107 2338 modo
1151 2286 1402 2337 inhabitat
1447 2285 1698 2336 Patricius
1742 2286 1933 2337 Baxtar
1978 2304 2041 2337 ex
2085 2299 2230 2353 parte

162 2380 338 2430 boriali
376 2421 387 2431 .
429 2419 442 2431 .
484 2419 496 2431 .
533 2380 834 2431 Tenendum
871 2422 881 2431 .
926 2422 935 2431 .
981 2421 991 2431 .
1027 2380 1284 2430 ivillelmo
1318 2388 1371 2429 et
1404 2378 1673 2429 heredibus
1705 2379 1805 2429 suis
1838 2419 1850 2429 .
1892 2418 1904 2430 .
1945 2418 1956 2429 .
1991 2380 2045 2429 in
2080 2380 2228 2430 feodo

160 2483 212 2524 et
243 2474 522 2525 hereditate
557 2476 912 2542 inperpetuum
953 2514 965 2525 .
1007 2514 1019 2525 .
1063 2515 1074 2525 .
1116 2472 1397 2524 Reddendo
1429 2471 1549 2521 inde
1587 2510 1599 2521 .
1641 2511 1653 2521 .
1694 2510 1706 2522 .
1741 2471 2084 2523 elemosinario
2107 2472 2229 2523 dicii

158 2567 445 2618 monasterii
488 2607 500 2617 .
548 2607 561 2617 .
610 2606 622 2617 .
661 2568 928 2618 duodecim
964 2568 1145 2618 solidos
1177 2564 1358 2615 vsualis
1392 2573 1594 2614 monete
1631 2563 1807 2615 Scocie
1842 2566 1908 2615 ad
1943 2565 2071 2615 duos
2107 2567 2227 2615 anni

158 2660 397 2708 terminos
438 2698 451 2709 .
493 2698 506 2710 .
548 2700 558 2709 .
596 2677 709 2710 cum
735 2660 847 2710 aliis
871 2661 1094 2711 seruiciis
1117 2658 1301 2710 debitis
1324 2667 1376 2707 et
1399 2658 1646 2708 consuetis
1687 2687 1700 2698 ·
1742 2658 1983 2709 Preterea
2003 2659 2228 2724 prefatus

158 2749 442 2801 Willelmus
465 2761 553 2802 aut
581 2752 794 2802 heredes
816 2754 889 2802 sui
923 2752 1174 2818 prefatum
1208 2751 1389 2801 tostum
1412 2767 1527 2801 cum
1560 2751 1885 2817 pertinenciis
1919 2751 2047 2801 nulli
2095 2792 2105 2802 .
2154 2792 2165 2801 .
2213 2789 2225 2800 .

157 2843 397 2892 alienabit
419 2843 519 2894 fine
542 2843 712 2894 nostra
744 2883 757 2894 .
798 2883 810 2893 .
851 2883 864 2894 .
903 2845 1121 2895 licencia
1144 2844 1346 2910 speciali
1380 2882 1392 2893 .
1434 2883 1446 2894 .
1488 2882 1500 2893 .
1535 2842 1599 2893 In
1625 2844 1767 2894 cuius
1790 2844 1865 2893 rei
1889 2844 2225 2894 testimonium

154 2936 287 2985 hanc
312 2944 499 2985 cartam
536 2935 757 2986 nostram
796 2975 808 2986 .
849 2977 861 2987 .
903 2976 914 2987 .
954 2938 1112 3003 figiuo
1147 2978 1159 2987 .
1201 2977 1212 2987 .
1255 2977 1266 2987 .
1302 2930 1511 3003 capituli
1545 2975 1558 2987 .
1600 2975 1612 2987 .
1654 2976 1665 2987 .
1700 2937 1910 2987 fecimus
1943 2936 2175 3003 affigunt-i
2211 2963 2222 2973 ·

156 3029 345 3079 Datum
384 3028 518 3094 apud
551 3029 906 3079 monasterium
943 3030 1165 3079 nostrum
1213 3069 1225 3079 .
1273 3068 1284 3079 .
1332 3068 1344 3079 .
1391 3032 1569 3080 o&auo
1600 3030 1683 3079 die
1714 3030 1891 3080 meniis
1925 3029 2053 3080 Julii
2090 3046 2223 3079 anno

155 3121 364 3170 Domini
387 3120 644 3170 millefimo
668 3125 806 3170 cccc‘
829 3120 1058 3171 vicesimo
1081 3121 1256 3171 tercio.
