2762 3834
551 395 648 447 292
995 382 1418 438 REGISTRUM
1452 381 1550 430 DE
1586 376 2147 428 ABERBROTHOC.

619 523 902 572 ExtraRum
935 519 1187 568 redaaum
1221 524 1269 565 et
1293 515 1558 579 diligenter
1591 510 1971 560 collacionatum
1994 510 2056 558 de
2087 510 2214 559 libro
2248 509 2385 560 curie
2411 511 2600 561 viceco-

552 615 685 663 mitis
717 614 777 662 de
802 612 979 661 Forfar
1001 609 1208 674 predicti
1239 624 1328 671 per
1359 623 1438 654 me
1471 601 1759 668 magistrum
1781 601 1953 650 Dauid
1989 601 2174 667 Crayle
2211 602 2448 652 clericum
2472 603 2602 652 di&e

554 705 690 754 curie
715 711 764 752 et
786 701 1032 750 notarium
1057 698 1309 763 publicum
1333 712 1483 743 manu
1506 695 1808 759 propriaque
1829 694 2063 758 scriptum
2083 701 2132 744 et
2148 695 2454 759 publicatum
2473 694 2603 761 figil-

556 797 702 859 loque
734 792 876 840 officii
913 790 1029 839 diai
1066 787 1368 837 vicecomitis
1402 786 1454 834 in
1480 785 1639 834 cauda
1661 786 1911 850 pendente
1937 803 2047 835 cum
2070 784 2314 835 instancia
2338 794 2603 851 procurato

555 886 814 951 sigillatum
837 892 1064 946 rogatum
1088 888 1138 929 et
1161 878 1446 943 requisitum
1469 878 1523 926 in
1548 878 1696 926 fidem
1714 885 1765 927 et
1783 877 2116 927 testimonium
2143 878 2366 927 veritatis
2384 879 2603 928 omnium

555 975 887 1042 premissorum
912 1003 922 1012 ·
950 973 1187 1038 Magister
1211 971 1380 1019 Dauid
1408 970 1557 1020 Crale
1582 987 1731 1019 manu
1755 970 1959 1035 propria
1983 999 1994 1010 ·

558 1226 726 1299 Carta
752 1244 1010 1295 erectionis
1036 1243 1152 1292 ville
1177 1243 1238 1291 de
1260 1241 1427 1290 Torre
1451 1241 1502 1289 in
1528 1241 1759 1306 burgum.

408 1438 503 1481 355
553 1410 787 1483 Jacobus
835 1470 845 1480 .
893 1470 904 1480 .
956 1469 965 1479 .
1022 1446 1110 1477 rex
1137 1426 1421 1478 Scottorum
1458 1425 1685 1475 omnibus
1734 1465 1744 1475 .
1788 1465 1799 1475 .
1851 1465 1860 1475 .
1912 1434 2047 1476 terre
2072 1427 2154 1476 sue
2202 1467 2211 1475 .
2253 1466 2265 1476 .
2308 1467 2318 1476 .
2368 1427 2571 1477 salutem
2596 1457 2606 1467 ·

560 1523 737 1574 Sciatis
761 1522 878 1587 quia
899 1539 990 1586 pro
1015 1519 1249 1585 fingulari
1274 1518 1547 1568 deuocione
1573 1535 1721 1582 quam
1755 1518 1995 1568 habemus
2025 1519 2172 1570 beato
2207 1520 2402 1569 martiri
2429 1519 2608 1570 Sanfflm

559 1615 750 1663 Thome
776 1632 833 1663 ac
859 1613 1035 1662 Sancto
1062 1611 1242 1660 Fotino
1276 1618 1488 1675 patrono
1514 1610 1630 1670 ville
1655 1610 1718 1658 de
1744 1609 1910 1676 Torry
1935 1611 2146 1660 iacentis
2180 1611 2313 1661 infra
2349 1612 2608 1662 vicecomi-

557 1715 715 1757 tatum
738 1706 956 1755 nostrum
982 1705 1042 1753 de
1067 1702 1360 1769 Kyncardin
1387 1719 1445 1751 ac
1468 1719 1560 1767 pro
1598 1718 1766 1751 amore
1791 1709 1841 1751 et
1875 1703 2049 1752 fauore
2084 1720 2206 1767 quos
2237 1703 2455 1769 gerimus
2490 1721 2610 1769 erga

558 1840 567 1849 .
595 1839 604 1848 .
630 1839 640 1848 .
666 1798 835 1848 Dauid
871 1798 1097 1846 abbatem
1133 1835 1143 1845 .
1179 1834 1190 1845 .
1230 1832 1241 1844 .
1280 1795 1341 1843 de
1378 1794 1754 1844 Abbirbrothoe
1789 1810 1984 1844 necnon
2009 1834 2020 1844 .
2047 1834 2057 1844 .
2083 1834 2093 1844 .
2119 1795 2500 1859 supportacione
2525 1835 2535 1844 .
2562 1835 2571 1844 .
2599 1835 2608 1844 .

558 1891 829 1940 alienorum
888 1888 1262 1951 nostrorumque
1319 1886 1563 1952 legiorum
1609 1886 1662 1935 in
1709 1878 1840 1935 dicta
1885 1887 2006 1936 villa
2061 1887 2468 1952 hospitandorum
2524 1889 2610 1952 qui

558 1984 813 2033 venientes
861 1989 1001 2030 extra
1046 1988 1264 2029 montem
1310 1979 1477 2028 versus
1525 1980 1737 2045 burgum
1775 1979 1996 2029 nostrum
2039 1981 2101 2030 de
2142 1980 2388 2046 Abyrden
2430 1980 2610 2030 aliasve

559 2076 772 2125 boriales
809 2074 952 2139 regni
989 2074 1144 2122 nostri
1181 2080 1349 2137 partes
1385 2079 1591 2137 propter
1627 2072 1755 2121 aeris
1792 2071 2136 2138 intemperiem
2178 2089 2358 2137 aquam
2398 2072 2460 2121 de
2500 2071 2610 2121 Dee

563 2169 688 2216 forte
730 2164 1024 2231 pertransire
1066 2181 1167 2212 non
1210 2171 1447 2229 poterunt
1492 2203 1500 2213 .
1545 2203 1554 2213 .
1598 2203 1609 2213 .
1655 2164 1933 2213 creauimus
1974 2204 1983 2213 .
2025 2203 2038 2213 .
2081 2203 2094 2213 .
2131 2163 2300 2213 villam
2338 2164 2403 2213 dc
2445 2163 2611 2228 Torry

563 2260 772 2309 liberum
813 2259 1024 2322 burgum
1064 2257 1116 2304 in
1156 2256 1366 2305 baronia
1410 2273 1502 2320 pro
1548 2264 1790 2321 perpetuo
1838 2283 1850 2295 ·
1899 2255 2236 2306 Conceffimus
2276 2256 2435 2304 eciam
2483 2294 2492 2304 .
2542 2295 2551 2304 .
2602 2295 2610 2303 .

563 2351 952 2400 inhabitantibus
978 2350 1161 2398 dietum
1185 2349 1397 2413 burgum
1436 2388 1446 2397 .
1484 2387 1494 2397 .
1529 2386 1540 2397 .
1579 2347 1871 2412 potestatem
1914 2386 1925 2396 .
1963 2385 1976 2396 .
2015 2385 2027 2396 .
2064 2348 2264 2397 emendi
2289 2355 2338 2397 et
2363 2347 2611 2398 vendendi

563 2444 616 2492 in
656 2444 759 2508 ipso
798 2444 956 2507 burgo
996 2442 1114 2490 vina
1154 2458 1318 2490 ceram
1358 2458 1579 2505 pannum
1618 2439 1819 2489 laneum
1860 2447 1910 2489 et
1951 2439 2139 2489 lineum
2174 2439 2329 2488 latum
2366 2446 2416 2488 et
2450 2447 2611 2489 artum

567 2534 760 2598 aliaque
801 2533 1124 2581 mercimonia
1158 2549 1450 2596 quecunque
1487 2549 1599 2581 cum
1633 2531 1876 2596 potestate
1915 2571 1924 2580 .
1966 2570 1975 2580 .
2018 2570 2028 2580 .
2068 2531 2285 2580 habendi
2319 2530 2528 2595 pistores
2564 2538 2612 2579 et

566 2623 857 2673 brafiatores
881 2631 930 2672 et
954 2623 1208 2672 carnifices
1233 2631 1282 2672 et
1305 2632 1406 2673 tam
1432 2624 1657 2673 carnium
1676 2641 1823 2688 quam
1843 2623 2051 2688 piscium
2067 2623 2378 2673 macellarios
2397 2623 2612 2687 aliosque

569 2714 758 2764 arcium
777 2714 1027 2778 operarios
1047 2715 1110 2761 ad
1126 2714 1406 2763 libertatem
1423 2715 1570 2780 burgi
1594 2716 1646 2764 in
1671 2715 1881 2765 baronia
1906 2715 2316 2779 qualitercunque
2342 2715 2613 2779 spectantes

569 2845 578 2855 .
622 2845 631 2854 .
675 2844 684 2853 .
729 2803 1062 2854 Conceffimus
1086 2804 1242 2852 eciam
1281 2844 1291 2853 .
1329 2844 1339 2854 .
1377 2845 1387 2854 .
1431 2814 1483 2855 vt
1506 2807 1560 2855 in
1585 2807 1716 2855 dioto
1739 2808 1899 2872 burgo
1924 2807 2310 2871 lintburgenses
2346 2833 2357 2843 ·
2391 2812 2441 2855 et
2463 2806 2612 2854 iidem

571 2912 683 2958 cum
707 2895 941 2944 consensu
990 2933 999 2942 .
1049 2933 1059 2942 .
1107 2933 1117 2943 .
1169 2895 1360 2944 abbatis
1412 2933 1424 2945 .
1477 2934 1489 2946 .
1541 2934 1552 2945 .
1602 2898 1895 2961 potestatem
1931 2897 2147 2947 habeant
2202 2935 2214 2945 .
2267 2934 2278 2945 .
2331 2933 2343 2944 .
2397 2896 2613 2961 eligendi

570 2987 780 3037 balliuos
804 2985 1020 3049 aliosque
1045 2985 1304 3034 officiarios
1328 3003 1419 3050 pro
1450 2990 1817 3051 gubernacione
1854 2989 2071 3039 eiusdem
2106 2989 2252 3053 burgi
2286 2987 2577 3038 necessarios
2603 3018 2613 3028 -

572 3078 786 3127 Necnon
834 3074 1150 3125 conceffimus
1190 3115 1200 3124 .
1242 3115 1252 3125 .
1297 3116 1306 3125 .
1348 3078 1667 3143 burgenfibus
1715 3089 1765 3130 et
1809 3081 2200 3131 inhabitantibus
2242 3120 2251 3130 .
2294 3119 2304 3129 .
2347 3117 2359 3128 .
2401 3086 2454 3130 vt
2497 3116 2508 3128 .
2549 3116 2561 3128 .
2599 3114 2611 3126 .

571 3170 787 3218 habeant
817 3207 827 3217 .
862 3207 871 3216 .
909 3204 921 3215 .
955 3183 1149 3216 crucem
1175 3174 1224 3215 et
1247 3167 1407 3216 forum
1432 3169 1513 3218 die
1533 3169 1748 3221 Veneris
1767 3173 1968 3240 {iugulis
1987 3172 2275 3223 ebdomadis
2296 3179 2346 3221 et
2368 3170 2612 3223 nundinas
