2742 3848
440 1083 535 1132 613

443 2372 539 2422 614

584 400 681 445 452
1032 386 1460 441 REGISTRUM
1494 384 1593 435 DE
1628 379 2187 433 ABERBROTHOC.

586 528 779 577 celdras
814 533 863 575 et
898 532 1110 590 quatuor
1132 521 1291 571 bellas
1325 519 1486 568 farine
1522 515 1741 581 predifioe
1777 516 1888 563 οὲὶο
1922 513 2081 563 bollas
2117 513 2258 563 ordei
2294 520 2344 563 et
2374 513 2637 562 duodecim

584 619 742 668 bollas
767 632 1037 667 auenarum
1063 614 1281 663 custume
1311 609 1537 659 mensure
1571 607 1669 657 fori
1705 606 1952 656 currentis
1986 605 2039 655 in
2074 604 2321 672 granariis
2355 605 2640 654 monasterii

588 718 637 760 et
677 727 769 775 pro
803 706 958 757 firmis
998 702 1270 753 molendini
1306 699 1545 750 tredecim
1582 699 1764 749 solidos
1805 700 1915 747 οᾶο
1957 698 2188 748 denarios
2227 704 2426 746 monete
2467 696 2639 747 Scocie

588 810 779 852 tantum
803 826 814 838 ·
843 803 904 848 10
927 795 1157 846 Januarii
1186 797 1328 843 1525.

587 1055 739 1127 Idem
784 1073 964 1124 affedat
1005 1090 1096 1138 pro
1146 1071 1474 1121 nouendecim
1521 1071 1666 1120 annis
1710 1070 1939 1121 Waltero
1983 1071 2170 1137 Ogiluy
2218 1071 2280 1120 de
2327 1069 2644 1120 Monecabok

586 1169 850 1218 heredibus
874 1166 969 1215 suis
993 1164 1242 1231 affignatis
1267 1172 1316 1214 et
1340 1163 1715 1214 subtenentibus
1738 1181 1841 1213 non
1864 1163 2067 1213 maioris
2091 1163 2402 1213 condicionis
2424 1163 2643 1213 decimas

585 1260 820 1329 garbales
849 1258 1052 1308 ecclesie
1088 1258 1150 1307 de
1186 1256 1431 1306 Innernes
1466 1256 1601 1305 infra
1634 1256 2037 1306 vicecomitatum
2077 1256 2294 1306 eiusdem
2330 1273 2389 1306 ac
2426 1256 2642 1305 decimas

584 1353 812 1418 garbales
848 1359 1095 1401 terrarum
1131 1350 1193 1398 de
1233 1349 1428 1415 Quinty
1453 1348 1759 1415 Arbrangan
1796 1356 1846 1398 et
1879 1348 2155 1415 Doloquhy
2179 1348 2233 1398 in
2267 1347 2545 1413 parrochiis
2581 1349 2643 1397 de

586 1443 895 1494 Innerbundi
943 1451 993 1492 et
1039 1442 1175 1491 Banf
1212 1441 1347 1490 infra
1390 1440 1791 1490 vicecomitatum
1838 1441 1900 1490 de
1947 1440 2084 1490 Banf
2126 1470 2137 1480 ·
2182 1458 2379 1490 necnon
2426 1440 2645 1490 decimas

586 1539 806 1587 alborum
832 1537 1037 1601 piscium
1074 1536 1136 1585 de
1174 1534 1311 1584 Banf
1340 1541 1391 1584 et
1422 1533 1742 1584 Knokinhair
1767 1551 1826 1584 ac
1852 1534 2008 1584 eciam
2034 1534 2252 1584 decimas
2286 1534 2558 1582 salmonum
2582 1534 2644 1582 de

587 1631 722 1680 Banf
752 1657 762 1667 ·
798 1629 1074 1678 Reddendo
1099 1645 1189 1694 pro
1215 1627 1421 1677 decimis
1446 1627 1650 1677 ecclesie
1676 1626 1738 1675 de
1763 1625 2009 1675 Innernes
2034 1626 2274 1675 ducentas
2297 1642 2492 1675 marcas
2517 1655 2528 1665 ·
2552 1642 2644 1690 pro

587 1723 791 1773 decimis
827 1723 888 1771 de
916 1722 1110 1788 Quinty
1135 1721 1441 1786 Arbrangan
1479 1728 1529 1770 et
1563 1718 1839 1785 Doloquhy
1863 1719 2038 1768 decem
2071 1718 2225 1768 libras
2262 1746 2273 1758 ·
2307 1735 2400 1783 pro
2436 1718 2644 1767 decimis

588 1817 810 1866 alborum
834 1815 1041 1879 piscium
1067 1815 1128 1863 de
1154 1814 1289 1862 Banf
1320 1822 1369 1863 et
1404 1812 1725 1862 Knokinhair
1760 1812 1980 1877 quinque
2015 1829 2209 1862 marcas
2244 1819 2443 1861 monete
2471 1810 2643 1862 Scocie
2738 1846 2740 1848 v

589 1909 652 1956 ad
676 1907 799 1956 festa
822 1906 1008 1955 Pasche
1045 1914 1095 1955 et
1130 1905 1398 1955 aduincula
1426 1904 1592 1956 Sanffi
1616 1905 1758 1955 Petri
1792 1931 1802 1941 ·
1839 1922 1898 1955 ac
1924 1922 2017 1970 pro
2043 1904 2249 1954 decimis
2272 1904 2545 1953 salmonum
2582 1905 2643 1954 de

589 2000 724 2049 Banf
744 2016 888 2048 vnam
925 1998 1098 2047 lastam
1123 1998 1393 2047 salmonum
1428 1998 1546 2047 boni
1572 2005 1622 2047 et
1645 1996 1928 2047 sufficientis
1951 1996 2264 2046 mercimonii
2288 1997 2354 2046 ad
2377 1996 2644 2047 terminum

589 2091 820 2157 proprius
845 2091 1070 2140 vfitatum
1096 2119 1107 2130 ·
1133 2095 1164 2139 3
1189 2090 1453 2140 Februarii
1481 2095 1623 2141 1525.

592 2347 744 2420 Idem
769 2387 860 2434 pro
886 2371 1071 2419 summa
1093 2369 1305 2436 pecunie
1331 2371 1395 2419 ad
1419 2370 1682 2420 Vtilitatem
1717 2370 2004 2421 monasterii
2029 2378 2079 2421 et
2103 2370 2156 2420 in
2181 2368 2643 2436 augmentacionem

592 2463 798 2512 rentalis
843 2462 1093 2527 persoluta
1137 2462 1319 2511 affedat
1365 2479 1456 2527 pro
1503 2464 1834 2512 nouendecim
1881 2463 2025 2513 annis
2069 2462 2321 2512 &Villelmo
2361 2460 2645 2526 Abirnethy

593 2553 694 2601 filio
732 2562 800 2609 -et
852 2553 1026 2602 heredi
1085 2555 1312 2618 aparenti
1360 2554 1660 2603 Allexandri
1707 2555 1897 2604 domini
1942 2556 2004 2604 de
2053 2553 2340 2619 Abirnethy
2379 2537 2646 2602 heredibus

595 2644 690 2692 suis
731 2644 977 2708 affignatis
1017 2652 1067 2693 et
1104 2646 1474 2694 subtenentibus
1516 2664 1618 2695 non
1658 2647 1860 2696 maioris
1894 2647 2047 2696 status
2087 2655 2246 2697 terras
2288 2647 2349 2695 de
2385 2646 2649 2712 Bogfekyll

599 2751 711 2783 cum
749 2735 953 2783 decimis
992 2736 1276 2800 garbalibus
1312 2744 1362 2785 et
1396 2737 1506 2786 aliis
1543 2738 1868 2803 pertinenciis
1909 2756 2031 2804 quas
2071 2739 2125 2788 in
2164 2739 2469 2788 affedacione
2510 2738 2648 2803 prius

598 2826 771 2875 habuit
793 2827 846 2874 in
870 2827 1076 2875 baronia
1099 2827 1161 2875 de
1187 2827 1380 2876 Teruas
1405 2836 1455 2877 et
1478 2830 1827 2879 vicecomitatu
1862 2831 1925 2880 de
1955 2831 2190 2880 Abirden
2228 2859 2240 2870 ·
2282 2829 2533 2880 Soluendo
2557 2846 2647 2894 pro

599 2918 746 2979 terris
779 2918 861 2966 sex
894 2918 1046 2967 libras
1075 2926 1271 2967 monete
1310 2918 1483 2969 Scocie
1515 2922 1579 2970 ad
1610 2921 1734 2970 festa
1761 2922 2110 2972 Pentechostes
2133 2930 2184 2972 et
2210 2921 2379 2972 San&i
2402 2920 2612 2970 Martini
2638 2950 2647 2959 -

600 3018 649 3060 et
689 3027 781 3075 pro
824 3010 1029 3059 decimis
1070 3018 1283 3074 quatuor
1328 3028 1521 3062 marcas
1560 3013 1776 3063 eiusdem
1818 3022 2017 3064 monete
2061 3015 2126 3064 ad
2161 3013 2338 3063 festum
2375 3012 2564 3063 Pasche
2599 3022 2649 3062 et

601 3101 868 3151 aduincula
890 3101 1029 3150 Petri
1046 3102 1319 3167 vulgariter
1337 3103 1567 3154 Lammes
1591 3114 1932 3172 nuncupatum
1959 3123 2072 3156 cum
2097 3106 2207 3156 aliis
2231 3105 2449 3155 deuoriis
2473 3104 2650 3154 debitis

602 3200 793 3244 tantum
820 3222 831 3234 ·
856 3197 921 3242 28
945 3192 1205 3242 Februarii
1235 3198 1375 3243 1525.
