2762 3834
36 2803 38 2846 5
49 2826 140 2878 389

652 313 1079 365 REGISTRUM
1111 317 1208 367 DE
1243 320 1790 376 ABERBROTHOC.
2138 338 2233 383 315

201 444 446 493 iudicibus
471 452 555 494 aut
579 446 734 494 eciam
754 446 1146 498 locatenentibus
1163 451 1216 500 in
1235 455 1445 503 termino
1464 456 1723 506 solucionis
1742 475 1832 522 per
1850 469 1961 508 eum
1979 461 2233 511 statuendo

261 575 271 584 .
314 574 326 585 .
364 538 733 587 concedendum
771 575 783 587 .
823 577 834 587 .
875 575 887 593 ,
927 557 986 589 ac
1026 578 1037 590 .
1080 579 1091 590 .
1133 580 1143 591 .
1183 546 1348 594 omnia
1382 547 1479 595 alia
1520 584 1531 595 .
1573 585 1585 597 .
1631 587 1642 597 .
1684 552 1955 615 gerendum
1993 588 2004 600 .
2042 589 2053 600 .
2092 590 2103 601 .
2140 570 2231 617 que

198 630 251 676 in
275 628 513 693 premiffis
537 628 807 678 necessaria
831 639 977 681 erunt
1016 669 1027 681 .
1070 670 1081 681 .
1123 671 1134 682 .
1175 633 1379 702 Insuper
1404 639 1674 704 obligamus
1698 659 1786 690 nos
1824 679 1834 690 .
1875 680 1886 691 .
1925 680 1936 691 .
1973 644 2105 707 quod
2133 661 2231 692 non

199 723 418 771 dicemus
465 739 627 787 neque
673 723 910 773 faciemus
953 762 964 774 .
1006 762 1019 775 .
1066 764 1076 774 .
1120 727 1285 791 aliqua
1324 730 1498 793 quibus
1539 731 1694 781 distus
1733 733 1898 782 noster
1942 744 2232 798 procurator

314 852 326 862 .
374 816 457 863 seu
504 814 705 879 presens
741 817 1028 866 mandatum
1070 855 1082 866 .
1129 855 1140 867 .
1186 856 1197 867 .
1239 820 1483 870 adnullari
1525 821 1665 886 poflit
1709 861 1720 873 .
1765 861 1777 872 .
1821 861 1832 873 .
1875 825 2032 876 donec
2076 827 2230 875 credi-

198 907 387 956 toribus
430 944 442 955 .
484 944 495 955 .
538 944 549 955 .
590 906 709 955 dieti
733 908 921 956 domini
944 908 1188 958 Johannis
1213 911 1274 959 de
1298 913 1492 961 summis
1526 915 1763 978 peoounie
1796 932 1885 980 per
1916 934 2025 965 eum
2059 926 2227 966 mutuo

197 998 498 1063 recipiendis
522 1015 621 1047 vna
649 1016 760 1047 eum
797 1014 967 1048 eorum
1005 1001 1303 1051 creditorum
1334 1012 1389 1053 ut
1420 1006 1722 1069 premittitur
1752 1009 1970 1072 expenfis
2005 1010 2228 1074 dampnis

198 1100 246 1138 et
269 1088 495 1139 interesse
536 1127 548 1138 .
587 1127 599 1138 .
633 1090 975 1142 ,satiffaGtum
998 1092 1148 1141 fuerit
1189 1132 1200 1142 .
1245 1131 1257 1143 .
1300 1131 1313 1143 .
1354 1095 1638 1145 Releuando
1662 1098 2025 1148 niehillominus
2049 1100 2226 1148 dietum

197 1184 450 1231 dominum
487 1182 523 1231 J
525 1182 769 1232 ohannem
812 1185 874 1233 ab
914 1185 1047 1233 omni
1083 1202 1232 1234 onere
1271 1186 1530 1236 satisdandi
1558 1196 1612 1237 ut
1633 1190 1782 1238 moris
1817 1190 1887 1238 est
1926 1226 1936 1237 .
1976 1227 1987 1239 .
2025 1229 2036 1239 .
2076 1192 2228 1255 Apud

252 1313 263 1324 .
302 1313 313 1324 .
352 1276 622 1340 capitulum
647 1277 838 1326 decimo
863 1277 998 1327 sexto
1023 1278 1103 1327 die
1127 1276 1301 1328 menfis
1324 1278 1360 1327 J
1362 1280 1551 1328 anuarii
1576 1298 1705 1329 anno
1739 1281 1942 1330 Domini
1975 1282 2226 1331 millefimo

196 1367 676 1434 quadringentesimo
700 1368 1017 1435 nonogesimo
1041 1370 1260 1435 septimo.

193 1616 447 1690 Innernes
470 1639 782 1703 presentatur
805 1639 840 1688 J
843 1639 1062 1688 ohannes
1089 1639 1332 1690 Colisone.

194 1858 204 1868 .
248 1858 259 1869 .
300 1858 311 1868 .
346 1821 552 1870 Andree
591 1861 601 1870 .
636 1860 646 1871 .
680 1859 690 1871 .
728 1821 955 1887 episcopo
991 1820 1294 1870 Morauienfi
1330 1828 1415 1870 aut
1448 1821 1544 1870 suis
1569 1821 1765 1871 vicariis
1788 1821 2097 1886 generalibus
2133 1859 2142 1868 .
2175 1859 2183 1868 .
2217 1858 2225 1867 .

190 1912 361 1962 Dauid
399 1952 408 1963 .
449 1951 459 1962 .
498 1951 508 1962 .
546 1914 697 1963 abbas
732 1952 742 1963 .
791 1952 801 1962 .
852 1949 864 1961 .
903 1915 965 1964 de
1002 1913 1339 1962 Abirbrothoc
1377 1951 1388 1962 .
1427 1951 1438 1962 .
1480 1951 1491 1962 .
1528 1914 1739 1962 honores
1777 1942 1788 1952 ·
1823 1913 1906 1961 Ad
1943 1919 2227 1977 perpetuam

191 2006 428 2055 vicariam
464 2004 666 2054 ecolefie
695 2005 1022 2070 parrochialis
1061 2006 1122 2054 de
1157 2004 1399 2054 Innernes
1436 2044 1445 2054 .
1482 2043 1492 2054 .
1529 2044 1539 2053 .
1576 2011 1832 2054 vacantem
1865 2021 1955 2068 per
1990 2002 2227 2052 decessum

237 2139 245 2147 .
284 2138 293 2147 .
331 2098 553 2164 magistri
593 2098 871 2148 Alexandri
915 2098 1206 2148 Suthirland
1247 2135 1257 2146 .
1296 2134 1306 2145 .
1345 2136 1354 2145 .
1396 2096 1432 2144 J
1434 2096 1674 2144 ohannem
1714 2095 1940 2146 Colisone
1972 2095 2224 2144 Abberdo-

189 2191 350 2240 nenfis
392 2190 596 2240 diocesis
638 2190 798 2241 vestre
840 2229 851 2240 .
891 2229 902 2240 .
942 2228 953 2238 .
995 2190 1284 2256 paternitati
1331 2197 1416 2238 aut
1462 2189 1633 2237 vestris
1674 2189 1868 2237 vicariis
1913 2187 2221 2253 generalibus

194 2323 203 2332 .
245 2323 255 2331 .
296 2323 306 2332 .
349 2283 686 2349 presentamus
730 2320 741 2332 .
782 2323 791 2332 .
834 2321 846 2332 .
885 2283 1042 2347 Apud
1075 2282 1412 2332 Abirbrothoo
1448 2281 1670 2330 vicefimo
1712 2281 1791 2329 die
1830 2279 2003 2328 mensis
2043 2278 2221 2327 Marcii

191 2392 320 2423 anno
345 2374 552 2423 Domini
576 2374 830 2424 millefimo
854 2374 1336 2440 quadringentesimo
1360 2372 1672 2439 nonogesimo
1695 2372 1909 2436 septimo.

190 2626 368 2698 Banff
385 2656 434 2698 et
461 2648 791 2715 Innyrbundy
816 2646 1095 2699 affedantur
1119 2648 1318 2697 domino
1341 2646 1377 2696 J
1379 2647 1531 2696 aeobo
1559 2643 1758 2710 Ogilvy.

194 2862 205 2872 .
243 2862 254 2872 .
291 2862 302 2872 .
338 2825 516 2875 Pateat
545 2865 555 2874 .
589 2865 599 2875 .
632 2865 642 2875 .
674 2842 763 2875 nos
802 2802 972 2875 Dafiid
1012 2863 1023 2874 .
1059 2863 1071 2874 .
1108 2863 1119 2874 .
1159 2826 1387 2875 abbatem
1424 2864 1434 2874 .
1473 2864 1483 2874 .
1520 2864 1530 2873 .
1570 2825 1632 2873 de
1671 2822 2003 2872 Abirbrothoc
2033 2859 2043 2869 .
2075 2859 2085 2869 .
2116 2859 2126 2868 .
2158 2820 2219 2867 ad

190 2916 380 2965 firmam
402 2916 626 2967 dimifiss'e
656 2957 667 2967 .
702 2957 712 2967 .
745 2957 756 2967 .
788 2917 824 2966 J
826 2918 980 2966 acobo
1007 2916 1194 2982 Ogilvy
1219 2919 1278 2965 de
1302 2916 1581 2965 Deikfurde
1604 2915 1749 2965 militi
1771 2912 2032 2963 heredibus
2055 2911 2148 2959 suis
2172 2917 2224 2958 etr

191 3006 437 3072 affignatis
475 3037 486 3047 ·
524 3008 596 3058 ita
619 3009 752 3073 quod
790 3047 799 3057 .
839 3047 849 3057 .
890 3047 899 3056 .
939 3006 1162 3072 affignati
1186 3007 1279 3057 fint
1315 3007 1475 3072 proles
1499 3007 1561 3055 de
1586 3022 1792 3071 corpore
1825 3005 1907 3053 suo
1929 3003 2094 3068 genite
2125 3002 2226 3050 fiue.

192 3099 368 3148 statres
392 3100 618 3165 germani
649 3141 658 3149 .
697 3140 706 3149 .
746 3138 757 3148 .
795 3099 1011 3149 decimas
1034 3100 1260 3164 garbales
1284 3097 1594 3148 ecclesiarum
1618 3097 1889 3146 nostrarum
1915 3095 1975 3142 de
2001 3092 2148 3141 Banff
2172 3100 2220 3139 et
