2762 3834
622 371 1047 422 REGISTRUM
1082 373 1177 421 DE
1213 374 1765 427 ABERBROTHOC.
2113 387 2209 437 275

177 505 319 570 Fyvy
347 535 356 544 -
382 503 615 552 Valterus
643 503 857 569 Ogylwy
883 505 944 554 de
970 504 1114 571 Boyn
1139 534 1148 544 ·
1175 507 1409 556 Valterus
1435 508 1649 575 Barclay
1675 510 1735 558 de
1762 510 1906 560 Tolle
1933 541 1942 550 ·
1968 512 2211 563 Patricius

176 595 326 644 Biffat
363 597 424 644 de
465 595 817 660 Leffyndrome
859 623 869 633 ·
909 596 1196 646 Alexander
1238 599 1446 664 Murray
1484 601 1545 649 de
1584 600 1875 667 Cuthbardy
1912 630 1922 640 ·
1967 602 2212 668 Georgius

176 688 476 753 Abyrnethy
515 715 525 725 ·
557 686 591 735 J
595 687 816 735 ohannes
845 686 1038 736 Currur
1064 689 1124 736 de
1148 689 1320 738 Drone
1359 722 1368 732 -
1403 691 1621 740 Thomas
1647 692 1783 741 Bard
1807 694 1867 741 de
1895 692 2165 759 Ordynhuf
2202 725 2211 735 -

174 779 419 828 Patricius
445 778 657 844 Thayne
684 779 900 827 vicarius
936 780 997 827 de
1036 779 1379 846 Innerkethny
1413 811 1422 820 ·
1460 783 1745 832 Alexander
1777 784 1913 833 Hille
1949 815 1959 824 ·
1996 785 2214 851 Fynlaus

176 872 236 919 de
262 870 484 936 Monedy
518 901 528 910 ·
566 871 815 919 Robertus
839 871 994 919 frater
1019 870 1198 936 Finlay
1234 898 1243 909 ·
1280 872 1536 922 Johannes
1562 874 1686 939 Hyll
1724 903 1734 914 ·
1772 875 2002 924 Andreas
2027 876 2159 942 Tayt
2201 908 2211 917 ·

175 962 437 1012 Villelmus
464 962 621 1012 Clark
642 993 652 1003 ·
678 962 864 1028 Symon
890 961 1081 1028 Corsky
1099 992 1109 1002 ·
1131 963 1165 1011 J
1169 963 1385 1012 ohannes
1412 964 1631 1030 Vylsone
1651 993 1660 1004 ·
1679 966 1938 1015 Donaldus
1965 967 2213 1033 Carnusy·

173 1064 221 1103 et
242 1054 276 1103 J
280 1054 499 1103 ohannes
524 1054 576 1102 N
578 1054 659 1119 eyl
698 1080 708 1091 ·
748 1053 964 1102 aflisores
989 1054 1163 1102 arbitri
1188 1055 1505 1104 arbitratores
1528 1065 1576 1105 et
1601 1075 1880 1106 communes
1906 1059 2054 1106 animi
2080 1060 2141 1107 de
2166 1068 2215 1108 et

172 1148 314 1211 super
339 1146 696 1195 debatabilibus
729 1147 877 1195 terris
916 1163 1004 1210 per
1043 1153 1092 1194 et
1130 1146 1260 1195 inter
1288 1146 1629 1197 Alexandrum
1668 1149 1814 1198 Innes
1851 1151 1911 1197 de
1948 1152 2117 1199 eodem
2155 1169 2216 1199 ex

174 1258 270 1289 vna
294 1248 343 1288 et
368 1239 620 1287 dominum
647 1239 993 1287 Alexandrum
1023 1237 1258 1304 Symsone
1285 1238 1522 1287 vicarium
1545 1240 1604 1288 de
1630 1240 1951 1289 Aberkerdor
1977 1260 2036 1290 ex
2061 1244 2217 1292 altera

174 1332 397 1397 partibus
423 1340 472 1380 et
496 1331 777 1396 specialiter
801 1332 945 1395 super
972 1330 1116 1378 terris
1142 1331 1202 1378 de
1228 1330 1274 1378 le
1302 1330 1502 1396 Yochry
1530 1340 1577 1380 et
1602 1333 1710 1380 aliis
1745 1335 1956 1383 marchis
1981 1343 2029 1382 et
2053 1334 2216 1382 diuisis

174 1444 234 1475 ex
256 1424 492 1474 consensu
518 1424 771 1472 ambarum
804 1422 1029 1487 parcium
1055 1440 1266 1471 vnacum
1303 1422 1534 1471 consensu
1566 1424 1848 1472 sereniffimi
1883 1426 2013 1490 regis
2038 1426 2073 1474 J
2076 1426 2215 1474 acobi

174 1517 337 1582 quarti
366 1515 650 1566 Scottorum
675 1515 808 1579 regis
841 1513 1148 1563 illustriffimi
1186 1532 1243 1562 ac
1280 1515 1542 1562 reuerendi
1578 1515 1732 1578 patris
1768 1516 1970 1564 Andree
2006 1517 2216 1581 episcopi

174 1609 501 1659 Morauienfis
546 1617 595 1656 et
634 1607 932 1656 uenerabilis
970 1608 1126 1671 patris
1165 1606 1335 1655 Dauid
1374 1606 1682 1670 permistione
1724 1607 1894 1655 diuina
1935 1608 2121 1656 abbatis
2157 1609 2216 1655 de

172 1701 397 1750 Arbroth
432 1701 484 1749 in
519 1700 776 1765 presencia
807 1699 1188 1763 subscriptorum
1222 1697 1534 1745 dominorum
1574 1698 1761 1746 confilii
1796 1698 1974 1762 prefati
2008 1699 2217 1762 supremi

172 1794 359 1842 do'mini
402 1792 556 1841 nostri
601 1793 733 1857 regis
778 1791 1106 1840 communiter
1152 1789 1292 1838 elefiti
1337 1797 1390 1837 ut
1434 1788 1485 1835 in
1529 1788 1852 1837 instrumento
1897 1790 2218 1853 compromissi

171 1887 205 1935 J
209 1886 416 1935 ohannis
443 1885 585 1950 Tyry
611 1883 794 1932 notarii
814 1884 1002 1947 publici
1026 1883 1143 1931 inde
1167 1882 1388 1930 00111οἃ0
1413 1881 1607 1945 plenius
1632 1882 1839 1930 habetur
1871 1910 1882 1920 ·
1919 1890 2058 1930 tenor
2083 1883 2218 1930 cuius

171 1977 485 2027 instrumenti
509 1977 728 2040 sequitur
754 1984 802 2024 et
828 1976 899 2024 est
924 1975 1037 2024 talis
1071 2003 1079 2011 ·
1105 1975 1165 2022 In
1197 1974 1296 2022 Dei
1322 1974 1524 2021 nomine
1550 1991 1692 2022 amen
1728 2004 1737 2013 ·
1776 1974 1873 2022 Per
1897 1975 1990 2022 hoc
2025 1975 2218 2038 presens

170 2071 423 2136 publicum
456 2069 835 2117 instrumentum
862 2067 1048 2116 cunffis
1073 2075 1240 2131 pateat
1265 2067 1523 2115 euidenter
1549 2067 1680 2130 quod
1705 2084 1834 2114 anno
1858 2067 2218 2115 incarnacionis

173 2162 419 2211 dominice
462 2166 528 2208 m⁰
567 2166 703 2209 cccc⁰
741 2166 821 2207 xc⁰
858 2159 1071 2207 secundo
1114 2188 1123 2198 ·
1168 2158 1342 2207 meniis
1385 2175 1505 2206 uero
1544 2157 1836 2206 Decembris
1878 2158 1957 2205 die
1996 2158 2165 2220 quinto
2204 2186 2214 2195 ·

172 2254 440 2303 indiaione
482 2254 552 2302 xi⁸⁵
600 2283 610 2292 ·
658 2253 976 2316 pontificatus
1014 2250 1289 2299 sanetiffimi
1327 2251 1379 2298 in
1422 2249 1616 2299 Christo
1657 2249 1810 2313 patris
1842 2248 2027 2296 domini
2064 2248 2215 2295 nostri

173 2347 451 2396 Alexandri
486 2363 613 2410 pape
649 2345 771 2395 sexti
801 2362 930 2393 anno
957 2345 1117 2408 primo
1160 2371 1169 2379 ·
1212 2344 1265 2390 in
1289 2343 1385 2390 11101
1410 2342 1592 2390 notarii
1615 2341 1794 2405 publici
1823 2348 1871 2388 et
1894 2340 2085 2388 testium
2109 2340 2213 2387 sub-

172 2440 466 2504 scriptorum
501 2438 758 2503 presencia
791 2436 1115 2502 personaliter
1153 2436 1403 2484 constituti
1442 2434 1755 2483 honorabiles
1794 2442 1842 2481 et
1881 2431 2213 2495 circumspe6H

174 2533 270 2580 uiri
306 2533 595 2581 Alexander
632 2531 783 2579 Innes
819 2531 880 2578 de
918 2529 1090 2577 eodem
1123 2546 1182 2577 ex
1215 2545 1312 2577 vna
1347 2534 1396 2575 et
1431 2527 1655 2575 dominus
1682 2525 1966 2573 Alexander
1998 2523 2213 2572 Simsone

173 2624 386 2673 vicarius
428 2625 489 2671 de
531 2623 862 2689 Abyrkerdor
910 2621 1132 2685 partibus
1174 2637 1232 2668 ex
1276 2602 1432 2667 altera
1473 2635 1582 2666 cum
1630 2615 1845 2680 expreffo
1888 2614 2119 2683 consensu
2166 2622 2214 2661 et

173 2715 356 2764 assensu
382 2713 770 2764 excellentissimi
795 2713 983 2762 domini
1006 2712 1159 2760 nostri
1184 2712 1313 2775 regis
1332 2712 1366 2760 J
1370 2712 1510 2760 acobi
1530 2710 1692 2773 quarti
1711 2708 1934 2757 moderni
1953 2706 2213 2755 reuerendi

173 2808 224 2855 in
246 2806 443 2856 Christo
467 2807 623 2871 patris
643 2806 849 2854 Andree
870 2804 1084 2869 episcopi
1104 2803 1430 2852 Morauienfis
1456 2812 1503 2852 et
1529 2801 1879 2850 venerabilium
1906 2799 2208 2847 dominorum

174 2899 342 2948 Dauid
366 2899 555 2948 abbatis
581 2907 629 2947 et
656 2906 930 2946 conuentus
956 2898 1017 2945 de
1043 2896 1267 2945 Arbroth
1299 2898 1347 2943 se
1380 2895 1465 2944 sua
1500 2911 1636 2942 mera
1668 2902 1716 2942 et
1748 2893 2011 2957 spontanea
2046 2891 2210 2939 volun-

175 2999 275 3040 tate
301 2991 742 3055 compromiserunt
779 2990 1126 3053 obligauerunt
1151 2995 1200 3035 et
1225 2987 1545 3035 submiserunt
1569 2986 1621 3033 in
1647 2983 1858 3033 vberiori
1894 2983 2052 3030 forma
2087 2998 2211 3028 com-

174 3082 386 3146 promiffi
424 3083 477 3130 in
514 3083 674 3130 forma
715 3080 1033 3145 speculatoris
1071 3078 1365 3127 conficiendi
1406 3079 1458 3125 in
1499 3076 1729 3141 personas
1769 3075 1820 3122 in
1862 3074 2071 3137 quodam
2106 3076 2209 3119 3ἃο

174 3173 441 3237 subscripto
468 3181 725 3221 contentas
750 3180 897 3236 prout
922 3172 973 3218 in
999 3171 1172 3219 eodem
1198 3169 1479 3217 continetur
1517 3196 1527 3206 ·
1565 3166 1702 3214 cuius
1738 3174 1879 3213 tenor
1914 3164 2126 3226 sequitur
2156 3162 2207 3208 in
