2762 3834
101 1763 165 1811 99

679 340 1111 393 REGISTRUM
1143 341 1244 392 DE
1280 340 1844 393 ABERBROTHOC.
2230 334 2314 395 83⁷

224 475 494 524 decimales
517 475 721 525 ecclesie
746 476 912 525 nostre
936 477 998 525 de
1026 476 1205 526 Ruven
1238 475 1607 526 Dunkeldenfis
1639 475 1845 527 diocefis
1882 494 1981 526 vna
2015 494 2128 526 cum
2156 486 2293 528 terra

225 567 392 617 nostra
417 568 749 618 ecclesiastica
783 569 1000 618 eiusdem
1050 607 1062 618 .
1112 608 1125 620 .
1170 607 1181 618 .
1232 586 1326 635 pro
1361 569 1575 619 termino
1607 570 1828 635 quinque
1864 587 2109 620 annorum
2157 608 2168 619 .
2219 609 2230 619 .
2280 610 2290 621 .

225 660 440 708 termino
466 677 582 709 vero
608 660 842 710 introitus
875 698 885 708 .
925 697 935 708 .
973 699 983 710 .
1018 660 1289 724 incipiente
1312 662 1366 711 in
1403 661 1526 711 festo
1562 661 1730 713 Sancti
1762 662 1903 712 Petri
1936 664 2070 728 quod
2105 663 2291 713 dicitur

223 753 288 801 ad
327 753 531 802 uincula
567 754 734 802 datam
763 753 1075 818 presencium
1106 790 1119 801 .
1152 791 1164 802 .
1201 791 1212 802 .
1242 753 1528 804 immediate
1568 756 1804 821 sequente
1829 785 1840 795 ·
1864 755 2144 805 Reddendo
2178 768 2198 805 .'
2225 794 2235 805 .
2277 796 2287 805 .

222 846 305 896 sex
351 845 506 895 libras
553 846 732 896 vsualis
777 853 977 895 monete
1023 846 1168 911 regni
1208 845 1383 897 Scocie
1433 885 1444 896 .
1490 886 1502 896 .
1554 885 1566 897 .
1616 848 1681 898 ad
1715 849 1839 898 duos
1883 848 2003 897 anni
2049 849 2288 899 terminos

224 939 457 989 videlicet
501 941 566 989 ad
611 939 789 989 festum
836 939 1205 989 Purificationis
1252 939 1408 990 Beate
1455 939 1620 989 Marie
1674 948 1724 990 et
1771 940 2069 991 Natiuitatis
2119 941 2288 992 Sancti

220 1031 256 1080 J
258 1031 469 1081 ohannis
502 1032 714 1098 baptiste
739 1059 750 1070 ·
773 1033 840 1082 Et
863 1033 998 1082 idem
1022 1032 1308 1097 capellanus
1333 1033 1490 1083 soluet
1525 1035 1782 1085 annuatim
1817 1035 2205 1101 procuraciones
2237 1044 2287 1086 et

221 1123 460 1173 sinodalia
497 1162 507 1172 .
551 1164 561 1174 .
601 1162 612 1173 .
648 1124 709 1173 In
736 1125 877 1173 cuius
901 1125 977 1173 rei
1001 1124 1337 1174 testimonium
1361 1124 1574 1191 figillum
1609 1125 1831 1176 nostrum
1866 1127 2180 1192 presentibus
2216 1128 2287 1177 est

220 1217 490 1282 appensum
542 1255 552 1265 .
606 1255 616 1265 .
676 1255 686 1265 .
737 1217 944 1281 septimo
986 1217 1067 1266 die
1096 1217 1274 1266 menfis
1306 1217 1571 1267 Februarii
1612 1235 1744 1268 anno
1783 1218 1993 1269 Domini
2030 1219 2286 1270 millesimo

218 1317 354 1360 cccc⁰
374 1309 780 1376 quinquagesimo
805 1310 977 1359 tercie.

213 1556 429 1630 Littera
451 1578 594 1628 ballii
619 1579 684 1627 ad
707 1578 1053 1643 recipiendum
1078 1578 1209 1626 xxx‘⁸
1231 1577 1409 1627 solidos
1432 1577 1486 1626 in
1510 1577 1697 1626 Dunde
1723 1579 1880 1627 annui
1904 1580 2143 1630 redditus.

218 1743 500 1816 Uniuerfis
523 1772 693 1830 pateat
731 1802 742 1814 .
776 1803 786 1813 .
827 1803 838 1813 .
875 1781 966 1813 nos
991 1763 1267 1813 Ricardum
1301 1801 1312 1811 .
1352 1799 1364 1811 .
1404 1800 1416 1811 .
1454 1763 1683 1812 abbatem
1721 1800 1731 1810 .
1766 1800 1775 1810 .
1814 1800 1825 1810 .
1863 1764 1924 1812 de
1948 1763 2287 1817 Abirbrothoc

268 1896 278 1905 .
318 1897 328 1906 .
365 1857 665 1907 constituiss'e
704 1895 715 1906 .
749 1895 760 1906 .
799 1896 809 1906 .
849 1856 1099 1906 Thomam
1142 1856 1331 1923 Ogilvy
1372 1855 1435 1904 de
1486 1854 1646 1905 Clova
1693 1862 1742 1905 et
1782 1856 2070 1922 magistrum
2116 1858 2287 1915 Dauid

218 1950 415 2000 Guthre
440 1950 653 1999 balliuos
668 1949 862 1998 nostros
880 1949 934 1997 in
952 1949 1047 1997 hac
1062 1957 1206 2013 parte
1243 1986 1254 1996 .
1292 1986 1303 1998 .
1341 1986 1352 1997 .
1390 1948 1454 1996 ad
1467 1947 1813 2012 recipiendum
1850 1986 1860 1997 .
1895 1988 1905 1998 .
1944 1988 1954 1998 .
1990 1950 2043 1999 in
2059 1952 2286 2002 manibus

214 2045 311 2093 suis
348 2082 360 2093 .
399 2082 408 2092 .
449 2082 458 2092 .
496 2062 526 2093 a
549 2044 771 2093 Roberto
797 2042 1008 2092 Masoun
1030 2042 1274 2108 burgense
1300 2041 1362 2089 de
1385 2039 1574 2089 Dunde
1610 2078 1621 2089 .
1660 2078 1670 2088 .
1708 2079 1718 2090 .
1755 2041 2146 2108 refignacionem
2180 2083 2191 2094 .
2226 2084 2235 2093 .
2274 2084 2284 2094 .

216 2138 360 2186 vnius
385 2137 539 2186 annui
560 2136 786 2186 redditus
812 2136 1021 2200 triginta
1042 2135 1312 2185 solidorum
1328 2135 1417 2184 fibi
1451 2174 1462 2185 .
1499 2175 1508 2184 .
1542 2175 1551 2184 .
1589 2134 1870 2185 debitorum
1889 2137 1951 2185 de
1974 2137 2096 2187 tofto
2117 2139 2283 2188 nostro

215 2232 411 2281 iacente
436 2231 490 2280 in
508 2231 669 2296 burgo
695 2231 757 2280 de
783 2230 968 2280 Dunde
991 2230 1045 2278 in
1066 2230 1177 2278 vico
1206 2227 1387 2279 Sancte
1407 2227 1570 2277 Marie
1587 2244 1649 2277 ex
1674 2235 1816 2293 parte
1841 2230 2046 2279 australi
2068 2230 2284 2280 eiusdem

214 2325 347 2374 inter
372 2341 686 2373 communem
724 2323 972 2372 venellam
1006 2328 1348 2388 nuncupatam
1382 2320 1633 2386 wlgariter
1670 2320 1972 2387 Spaldyngis
2009 2322 2184 2388 Wynd
2219 2325 2283 2373 ad

215 2417 527 2467 occidentem
552 2423 603 2466 et
626 2424 810 2465 terram
843 2415 1039 2465 Thome
1063 2414 1197 2482 Leys
1233 2416 1297 2464 ad
1332 2414 1575 2464 orientem
1602 2421 1651 2463 et
1682 2453 1691 2463 .
1730 2455 1739 2464 .
1773 2454 1782 2464 .
1821 2415 2113 2465 mandamus
2145 2417 2281 2466 vobis

215 2510 412 2559 balliuis
436 2510 616 2559 nostris
653 2549 662 2558 .
700 2550 710 2559 .
749 2549 757 2559 .
796 2509 930 2574 quod
954 2508 1163 2558 indilate
1187 2508 1399 2559 tradatis
1428 2507 1652 2558 saisinam
1688 2548 1697 2558 .
1735 2548 1745 2558 .
1782 2549 1792 2558 .
1830 2509 1948 2558 dicti
1982 2511 2137 2559 annui
2171 2512 2281 2560 red-

215 2604 347 2653 ditus
383 2644 391 2653 .
431 2644 440 2653 .
478 2643 487 2653 .
524 2603 698 2652 Dauid
721 2603 783 2652 de
811 2601 1072 2668 Spaldyng
1095 2602 1280 2652 iuniori
1303 2601 1535 2669 burgenfi
1560 2603 1622 2652 de
1646 2602 1833 2651 Dunde
1870 2603 2138 2653 secundum
2174 2644 2183 2653 .
2222 2645 2231 2653 .
2271 2646 2279 2653 .

215 2705 439 2746 tenorem
456 2703 593 2746 carte
609 2695 729 2745 dicti
747 2695 956 2745 Roberti
974 2695 1186 2745 Masoun
1203 2696 1430 2761 predicto
1450 2695 1623 2745 Dauid
1638 2695 1754 2744 inde
1772 2696 1953 2744 factam
1989 2735 1998 2745 .
2036 2735 2046 2745 .
2084 2736 2093 2745 .
2131 2696 2280 2746 Saluo

214 2790 323 2839 iure
362 2788 624 2839 cuiussibet
660 2797 711 2838 et
750 2788 961 2838 seruicio
994 2788 1138 2837 nobis
1175 2789 1344 2839 debito
1391 2829 1400 2839 .
1454 2828 1464 2838 .
1514 2829 1524 2838 .
1575 2787 1891 2842 Datumsub
1932 2787 2089 2854 figillo
2140 2828 2151 2837 .
2205 2829 2214 2838 .
2267 2828 2278 2839 .

216 2883 421 2948 capituli
454 2923 462 2932 .
497 2922 507 2932 .
546 2922 555 2931 .
587 2882 750 2947 primo
782 2881 863 2930 die
887 2880 1077 2952 *menfis
1118 2881 1303 2931 Marcii
1341 2898 1473 2931 anno
1509 2879 1719 2930 Domini
1752 2879 2009 2930 millesimo
2044 2881 2279 2946 quadrin-

216 2975 484 3042 gentefimo
506 2973 912 3041 quinquagesimo
937 2974 1108 3024 tercio,
