2762 3834
0 2178 21 2415 ixa-int!

0 2806 21 2937 NH!
0 2665 22 2774 UH!
0 2543 22 2604 H!
0 2439 21 2493 ΙΙ

474 1553 492 1595 1
503 1548 565 1600 96

622 344 713 396 174
1056 332 1478 388 REGISTRUM
1511 330 1609 381 DE
1644 327 2200 379 ABERBROTHOC.

617 470 926 536 manutergio
950 469 1112 519 trestis
1136 476 1185 517 et
1208 465 1381 514 menfis
1411 479 1501 528 pro
1532 468 1772 526 apparatu
1795 460 1906 509 aule
1930 467 1979 509 et
2005 460 2126 508 vafis
2153 459 2363 523 coquine
2386 465 2535 523 prout
2558 458 2646 507 tali
2732 459 2737 465 ’

617 563 815 613 domino
839 562 1010 610 deceat
1032 557 1246 607 inueniri
1284 595 1293 605 .
1334 592 1345 603 .
1387 553 1650 602 secundum
1687 552 1895 599 formam
1937 587 1948 597 .
1997 588 2008 599 .
2050 586 2062 598 .
2106 556 2241 598 carte
2277 586 2289 598 .
2325 586 2337 597 .
2374 585 2385 596 .
2425 556 2645 612 tempore

617 654 651 702 J
654 652 859 701 ohannis
881 647 1189 699 antecessoris
1212 644 1365 694 nostri
1386 681 1397 692 .
1420 681 1431 692 .
1454 680 1465 691 .
1485 644 1703 691 confecto
1727 640 1948 690 Patricio
1971 640 2033 688 de
2058 638 2370 705 Innerpeffry
2391 676 2403 688 .
2425 676 2437 688 .
2459 677 2470 688 .
2494 639 2647 704 Apud

618 742 959 793 monasterium
995 776 1008 788 .
1045 776 1057 788 .
1096 775 1108 787 .
1144 739 1205 786 de
1230 735 1567 785 Abirbrothoc
1593 731 1822 782 vicefimo
1853 734 2028 781 octauo
2051 731 2131 780 die
2155 730 2330 780 menfis
2353 730 2646 780 Decembris

617 850 745 883 anno
769 830 973 881 Domini
1009 828 1261 877 millesimo
1294 843 1410 875 cccc
1446 825 1593 874 lxxv‘0
1616 851 1627 862 ·
1652 823 1719 872 Et
1754 840 1847 887 ego
1884 859 1897 871 .
1931 859 1942 871 .
1978 860 1989 871 .
2025 821 2283 871 Johannes
2309 820 2647 887 Skrymgeour

615 942 704 989 pro
727 940 804 971 me
827 921 1090 970 heredibus
1114 919 1235 968 meis
1259 926 1307 967 et
1331 916 1578 982 affignatis
1611 915 1741 963 hanc
1770 920 1964 978 partem
2005 914 2279 962 endenture
2313 912 2505 961 ratifico
2539 949 2550 960 .
2585 948 2597 959 .
2634 950 2645 959 .

615 1013 891 1064 remansure
914 1028 1021 1060 cum
1048 1010 1176 1059 dian
1201 1009 1376 1058 abbate
1420 1045 1431 1056 .
1470 1045 1481 1055 .
1521 1045 1533 1055 .
1572 1006 1822 1072 Scriptum
1846 1023 1994 1055 manu
2017 1006 2219 1071 propria
2243 1006 2295 1054 in
2320 1004 2646 1055 testimonium

615 1102 947 1169 premifforum
972 1129 982 1139 ·
1005 1101 1041 1150 J
1044 1101 1262 1149 ohannes
1289 1098 1643 1164 Skrymgeour.

616 1346 786 1418 Carta
810 1367 1077 1417 tenementi
1099 1383 1253 1431 prope
1278 1365 1515 1414 fabricam
1539 1364 1590 1413 in
1616 1364 1662 1413 le
1687 1364 1914 1430 Almory.

617 1528 890 1600 Uniuerfis
934 1586 944 1596 .
990 1585 1001 1595 .
1047 1583 1058 1595 .
1098 1546 1267 1595 Dauid
1308 1545 1494 1594 Herice
1536 1545 1597 1592 de
1631 1542 1774 1608 Dery
1817 1542 2027 1592 balliuus
2068 1544 2329 1608 deputatus
2375 1544 2648 1610 regalitatis

616 1641 819 1688 dominii
844 1641 904 1688 de
931 1637 1264 1687 Abirbrothoc
1301 1636 1503 1685 salutem
1541 1673 1552 1684 .
1591 1673 1602 1683 .
1642 1672 1652 1683 .
1690 1634 2106 1685 Vniuerfitatibus
2131 1637 2302 1686 vestris
2324 1645 2495 1686 notum
2518 1638 2647 1687 facio

617 1731 747 1793 quod
772 1730 961 1778 decimo
985 1729 1138 1777 tercio
1164 1728 1244 1776 die
1264 1727 1438 1776 menfis
1463 1726 1587 1775 Maii
1612 1743 1742 1774 anno
1763 1726 1971 1775 Domini
1994 1726 2246 1776 millefimo
2271 1734 2436 1777 ccccmo
2460 1729 2647 1793 septua-

616 1822 795 1886 gesimo
819 1821 951 1870 sexto
976 1819 1142 1868 acceffi
1183 1856 1194 1868 .
1235 1857 1245 1867 .
1285 1856 1295 1867 .
1330 1819 1392 1867 ad
1425 1855 1436 1866 .
1475 1855 1486 1866 .
1526 1854 1537 1866 .
1573 1825 1906 1867 tenementum
1932 1819 2099 1868 iacens
2122 1836 2276 1884 prope
2300 1821 2646 1870 monasterium

618 1914 678 1960 de
702 1910 1034 1959 Abirbrothoc
1058 1910 1187 1958 inter
1211 1918 1367 1958 terras
1393 1909 1576 1957 fabrice
1601 1908 1717 1956 dieti
1741 1908 2024 1958 monasterii
2049 1927 2107 1959 ex
2132 1918 2274 1974 parte
2298 1910 2527 1959 orientali
2553 1948 2565 1959 .
2593 1949 2605 1959 .
2633 1949 2644 1959 .

618 2014 666 2052 et
690 2019 994 2052 communem
1021 2002 1260 2050 venellam
1299 2002 1581 2050 tendentem
1618 2002 1680 2049 ad
1717 2018 1894 2065 aquam
1929 2001 1990 2050 de
2015 2000 2235 2051 Brothoc
2270 2019 2330 2051 ex
2355 2010 2496 2067 parte
2520 2003 2646 2052 occi-

618 2095 801 2144 dentali
829 2133 838 2143 .
869 2132 879 2142 .
908 2131 919 2141 .
946 2102 994 2142 et
1017 2094 1198 2142 ibidem
1224 2093 1395 2141 eodem
1427 2092 1507 2140 die
1532 2092 1808 2156 comparuit
1834 2130 1846 2140 .
1874 2129 1886 2140 .
1914 2129 1925 2141 .
1950 2093 2194 2158 dompnus
2216 2092 2252 2141 J
2255 2093 2474 2143 ohannes
2499 2093 2645 2159 Tody

619 2186 899 2250 capellanus
917 2185 1044 2232 filius
1064 2193 1112 2233 et
1129 2184 1272 2233 heres
1281 2184 1529 2248 quondam
1552 2182 1764 2232 Simonis
1773 2182 1921 2249 Tody
1929 2182 2183 2249 burgensis
2201 2184 2263 2234 de
2282 2185 2616 2234 Abirbrothoc
2634 2213 2645 2222 ·

619 2276 899 2340 quiquidem
925 2276 1165 2339 dompnus
1200 2312 1211 2323 .
1250 2311 1261 2322 .
1300 2311 1310 2322 .
1345 2274 1526 2322 diaum
1550 2282 1886 2323 tenementum
1920 2311 1932 2323 .
1968 2312 1980 2323 .
2018 2311 2030 2323 .
2061 2275 2115 2323 in
2155 2292 2328 2324 manus
2368 2292 2501 2325 meas
2531 2314 2542 2324 .
2582 2313 2593 2324 .
2631 2313 2642 2324 .

619 2366 882 2430 resignauit
904 2367 1103 2414 racione
1129 2365 1377 2414 cuiusdam
1402 2368 1682 2413 contractus
1705 2365 1816 2414 initi
1843 2364 1935 2431 [et]
1965 2365 2078 2414 faeci
2098 2366 2277 2433 in[ter]
2300 2367 2456 2432 ipsum
2478 2368 2644 2432 domp-

621 2473 736 2504 num
767 2456 1046 2505 Johannem
1084 2462 1133 2504 et
1172 2456 1415 2519 quendam
1448 2455 1752 2505 Willelmum
1791 2456 1992 2506 Broster
2016 2486 2026 2496 ·
2055 2457 2169 2516 Qua
2204 2458 2540 2524 refignacione
2580 2458 2643 2508 fic

622 2547 749 2595 faeta
781 2584 792 2594 .
829 2583 839 2593 .
872 2583 883 2594 .
915 2563 1006 2611 ego
1041 2583 1053 2594 .
1089 2583 1100 2593 .
1139 2583 1149 2594 .
1182 2546 1242 2593 de
1277 2582 1289 2594 .
1328 2583 1339 2593 .
1378 2583 1390 2594 .
1425 2547 1658 2596 mandato
1692 2585 1703 2595 .
1743 2585 1754 2596 .
1794 2586 1806 2597 .
1842 2548 2031 2598 abbatis
2067 2586 2080 2598 .
2119 2586 2131 2598 .
2170 2586 2182 2598 .
2218 2550 2400 2599 donaui
2424 2550 2644 2600 saisinam

623 2646 671 2686 et
695 2637 869 2686 statum
892 2636 1241 2685 hereditarium
1265 2636 1381 2684 dieti
1404 2639 1672 2686 tenementi
1710 2676 1721 2687 .
1758 2676 1770 2689 .
1810 2677 1821 2688 .
1858 2640 2112 2690 Willelmo
2136 2640 2338 2690 Broster
2371 2678 2384 2691 .
2417 2679 2429 2691 .
2465 2679 2476 2690 .
2512 2642 2644 2691 saluo

624 2729 729 2776 iure
754 2727 1005 2776 cuiussibet
1040 2734 1089 2776 et
1121 2726 1381 2775 secundum
1418 2735 1640 2776 tenorem
1675 2738 1810 2780 carte
1845 2732 1961 2780 (11ἃί
1989 2731 2026 2782 J
2028 2732 2236 2781 ohannis
2273 2770 2285 2781 .
2323 2770 2335 2782 .
2374 2770 2385 2782 .
2422 2733 2483 2782 In
2508 2734 2643 2783 cuius

624 2820 695 2867 rei
737 2818 1065 2867 testimonium
1099 2816 1306 2882 figillum
1339 2834 1500 2866 meum
1540 2819 1842 2883 presentibus
1884 2822 1955 2871 est
1995 2823 2260 2888 appensum
2298 2861 2310 2872 .
2350 2861 2361 2872 .
2399 2861 2410 2872 .
2450 2823 2645 2874 testibus

626 2910 875 2958 willelmo
913 2909 1147 2974 Baldowy
1185 2909 1246 2956 de
1283 2909 1455 2957 eodem
1492 2937 1502 2947 ·
1548 2909 1832 2961 Alexandro
1874 2913 2110 2980 Baldowy
2149 2914 2252 2963 filio
2291 2922 2340 2965 et
2380 2923 2645 2980 apparente

624 3002 805 3051 herede
842 3001 959 3049 (11ἃὶ
990 2999 1228 3048 Willelmi
1254 3028 1264 3038 ·
1290 3000 1503 3064 dompno
1540 3000 1769 3049 Johanne
1810 3002 2021 3053 Harwar
2059 3005 2245 3054 vicario
2283 3005 2345 3055 de
2383 3004 2643 3072 Banchory

624 3093 817 3143 notario
841 3120 851 3130 ·
875 3092 910 3142 J
912 3093 1064 3141 acobo
1090 3091 1283 3141 Guthre
1307 3120 1317 3131 ·
1344 3109 1453 3140 cum
1478 3091 1680 3141 diuersis
1704 3093 1825 3141 aliis.
