<?xml version="1.0" encoding="UTF-8"?>
<!DOCTYPE html PUBLIC "-//W3C//DTD XHTML 1.0 Transitional//EN"
    "http://www.w3.org/TR/xhtml1/DTD/xhtml1-transitional.dtd">
<html xmlns="http://www.w3.org/1999/xhtml" xml:lang="en" lang="en">
 <head>
  <title>
</title>
<meta http-equiv="Content-Type" content="text/html;charset=utf-8" />
  <meta name='ocr-system' content='tesseract 3.04.00' />
  <meta name='ocr-capabilities' content='ocr_page ocr_carea ocr_par ocr_line ocrx_word'/>
</head>
<body>
  <div class='ocr_page' id='page_1' title='image "./libersthomedea8602arbruoft_0151.png"; bbox 0 0 2762 3834; ppageno 0'>
   <div class='ocr_carea' id='block_1_1' title="bbox 607 375 2220 429">
    <p class='ocr_par' dir='ltr' id='par_1_1' title="bbox 607 375 2220 429">
     <span class='ocr_line' id='line_1_1' title="bbox 607 375 2220 429; baseline -0.003 0"><span class='ocrx_word' id='word_1_1' title='bbox 607 378 1035 429; x_wconf 85' lang='lat' dir='ltr'>REGISTRUM</span> <span class='ocrx_word' id='word_1_2' title='bbox 1069 378 1167 427; x_wconf 92' lang='lat' dir='ltr'>DE</span> <span class='ocrx_word' id='word_1_3' title='bbox 1205 375 1768 427; x_wconf 86' lang='lat' dir='ltr'><strong>ABERBROTHOC.</strong></span> <span class='ocrx_word' id='word_1_4' title='bbox 2160 382 2220 425; x_wconf 87' lang='lat'>51</span> 
     </span>
    </p>
   </div>
   <div class='ocr_carea' id='block_1_2' title="bbox 157 511 2234 1691">
    <p class='ocr_par' dir='ltr' id='par_1_2' title="bbox 157 511 2234 1691">
     <span class='ocr_line' id='line_1_2' title="bbox 157 511 2224 576; baseline -0.001 -16"><span class='ocrx_word' id='word_1_5' title='bbox 157 511 426 561; x_wconf 87' lang='lat' dir='ltr'>crastinum</span> <span class='ocrx_word' id='word_1_6' title='bbox 462 552 471 561; x_wconf 90' lang='lat'><strong>.</strong></span> <span class='ocrx_word' id='word_1_7' title='bbox 510 552 519 560; x_wconf 92' lang='lat'>.</span> <span class='ocrx_word' id='word_1_8' title='bbox 557 553 566 563; x_wconf 93' lang='lat'>.</span> <span class='ocrx_word' id='word_1_9' title='bbox 608 513 837 563; x_wconf 83' lang='lat' dir='ltr'>Crastino</span> <span class='ocrx_word' id='word_1_10' title='bbox 874 530 992 562; x_wconf 88' lang='lat' dir='ltr'>vero</span> <span class='ocrx_word' id='word_1_11' title='bbox 1029 513 1110 561; x_wconf 91' lang='lat' dir='ltr'>die</span> <span class='ocrx_word' id='word_1_12' title='bbox 1145 552 1156 562; x_wconf 87' lang='lat'><strong>.</strong></span> <span class='ocrx_word' id='word_1_13' title='bbox 1193 551 1203 561; x_wconf 91' lang='lat'><strong>.</strong></span> <span class='ocrx_word' id='word_1_14' title='bbox 1241 552 1251 561; x_wconf 92' lang='lat'>.</span> <span class='ocrx_word' id='word_1_15' title='bbox 1289 511 1680 561; x_wconf 81' lang='lat' dir='ltr'>ambulatoribus</span> <span class='ocrx_word' id='word_1_16' title='bbox 1715 511 1860 576; x_wconf 89' lang='lat' dir='ltr'>super</span> <span class='ocrx_word' id='word_1_17' title='bbox 1896 550 1905 558; x_wconf 91' lang='lat'><strong>.</strong></span> <span class='ocrx_word' id='word_1_18' title='bbox 1943 549 1954 559; x_wconf 94' lang='lat'><strong>.</strong></span> <span class='ocrx_word' id='word_1_19' title='bbox 1992 550 2002 559; x_wconf 93' lang='lat'><strong>.</strong></span> <span class='ocrx_word' id='word_1_20' title='bbox 2040 517 2224 559; x_wconf 88' lang='lat' dir='ltr'>terram</span> 
     </span>
     <span class='ocr_line' id='line_1_3' title="bbox 159 603 2226 671; baseline -0 -19"><span class='ocrx_word' id='word_1_21' title='bbox 159 605 560 669; x_wconf 80' lang='lat' dir='ltr'>comparentibus</span> <span class='ocrx_word' id='word_1_22' title='bbox 583 607 808 670; x_wconf 89' lang='lat' dir='ltr'>partibus</span> <span class='ocrx_word' id='word_1_23' title='bbox 834 606 1141 671; x_wconf 83' lang='lat' dir='ltr'>presentibus</span> <span class='ocrx_word' id='word_1_24' title='bbox 1166 605 1335 653; x_wconf 88' lang='lat' dir='ltr'>multis</span> <span class='ocrx_word' id='word_1_25' title='bbox 1360 604 1566 669; x_wconf 90' lang='lat' dir='ltr'>aliisque</span> <span class='ocrx_word' id='word_1_26' title='bbox 1591 604 1798 653; x_wconf 76' lang='lat' dir='ltr'>diuersis</span> <span class='ocrx_word' id='word_1_27' title='bbox 1835 603 2152 652; x_wconf 83' lang='lat' dir='ltr'>audientibus</span> <span class='ocrx_word' id='word_1_28' title='bbox 2179 611 2226 651; x_wconf 89' lang='lat' dir='ltr'>et</span> 
     </span>
     <span class='ocr_line' id='line_1_4' title="bbox 160 696 2226 762; baseline -0.001 -17"><span class='ocrx_word' id='word_1_29' title='bbox 160 697 442 746; x_wconf 87' lang='lat' dir='ltr'>videntibus</span> <span class='ocrx_word' id='word_1_30' title='bbox 481 715 570 762; x_wconf 86' lang='lat' dir='ltr'>per</span> <span class='ocrx_word' id='word_1_31' title='bbox 608 698 790 748; x_wconf 88' lang='lat' dir='ltr'>limites</span> <span class='ocrx_word' id='word_1_32' title='bbox 830 707 879 747; x_wconf 92' lang='lat' dir='ltr'>et</span> <span class='ocrx_word' id='word_1_33' title='bbox 918 698 1098 747; x_wconf 90' lang='lat' dir='ltr'>diuisas</span> <span class='ocrx_word' id='word_1_34' title='bbox 1133 698 1417 747; x_wconf 84' lang='lat' dir='ltr'>subnotatas</span> <span class='ocrx_word' id='word_1_35' title='bbox 1453 697 1507 745; x_wconf 92' lang='lat' dir='ltr'>in</span> <span class='ocrx_word' id='word_1_36' title='bbox 1544 696 1679 745; x_wconf 89' lang='lat' dir='ltr'>hunc</span> <span class='ocrx_word' id='word_1_37' title='bbox 1715 697 1918 745; x_wconf 91' lang='lat' dir='ltr'>modum</span> <span class='ocrx_word' id='word_1_38' title='bbox 1943 704 1992 744; x_wconf 93' lang='lat' dir='ltr'>et</span> <span class='ocrx_word' id='word_1_39' title='bbox 2018 696 2226 744; x_wconf 88' lang='lat' dir='ltr'>formam</span> 
     </span>
     <span class='ocr_line' id='line_1_5' title="bbox 160 791 2228 858; baseline 0 -19"><span class='ocrx_word' id='word_1_40' title='bbox 160 792 494 840; x_wconf 87' lang='lat' dir='ltr'>decreuerunt</span> <span class='ocrx_word' id='word_1_41' title='bbox 532 791 763 840; x_wconf 88' lang='lat' dir='ltr'>videlicet</span> <span class='ocrx_word' id='word_1_42' title='bbox 801 820 813 831; x_wconf 90' lang='lat'><strong>·</strong></span> <span class='ocrx_word' id='word_1_43' title='bbox 853 791 1150 856; x_wconf 89' lang='lat' dir='ltr'>Incipiendo</span> <span class='ocrx_word' id='word_1_44' title='bbox 1184 810 1245 841; x_wconf 83' lang='lat' dir='ltr'>ex</span> <span class='ocrx_word' id='word_1_45' title='bbox 1275 800 1417 858; x_wconf 86' lang='lat' dir='ltr'>parte</span> <span class='ocrx_word' id='word_1_46' title='bbox 1453 792 1685 841; x_wconf 89' lang='lat' dir='ltr'>orientali</span> <span class='ocrx_word' id='word_1_47' title='bbox 1713 792 1843 840; x_wconf 87' lang='lat' dir='ltr'>wille</span> <span class='ocrx_word' id='word_1_48' title='bbox 1869 792 1931 840; x_wconf 89' lang='lat' dir='ltr'>de</span> <span class='ocrx_word' id='word_1_49' title='bbox 1959 791 2128 841; x_wconf 90' lang='lat' dir='ltr'>Cowle</span> <span class='ocrx_word' id='word_1_50' title='bbox 2165 793 2228 840; x_wconf 91' lang='lat' dir='ltr'>ad</span> 
     </span>
     <span class='ocr_line' id='line_1_6' title="bbox 162 884 2228 950; baseline 0 -18"><span class='ocrx_word' id='word_1_51' title='bbox 162 885 326 948; x_wconf 88' lang='lat' dir='ltr'>capud</span> <span class='ocrx_word' id='word_1_52' title='bbox 358 885 502 933; x_wconf 87' lang='lat' dir='ltr'>vnius</span> <span class='ocrx_word' id='word_1_53' title='bbox 539 884 586 934; x_wconf 99' lang='grc'>16</span> <span class='ocrx_word' id='word_1_54' title='bbox 624 885 766 934; x_wconf 91' lang='grc'><strong>166116</strong></span> <span class='ocrx_word' id='word_1_55' title='bbox 802 885 886 934; x_wconf 89' lang='lat' dir='ltr'>vbi</span> <span class='ocrx_word' id='word_1_56' title='bbox 924 892 1060 934; x_wconf 88' lang='lat' dir='ltr'>terra</span> <span class='ocrx_word' id='word_1_57' title='bbox 1097 886 1285 934; x_wconf 90' lang='lat' dir='ltr'>domini</span> <span class='ocrx_word' id='word_1_58' title='bbox 1322 886 1384 935; x_wconf 90' lang='lat' dir='ltr'>de</span> <span class='ocrx_word' id='word_1_59' title='bbox 1424 884 1736 950; x_wconf 91' lang='lat' dir='ltr'>Cumyrnald</span> <span class='ocrx_word' id='word_1_60' title='bbox 1769 894 1905 933; x_wconf 86' lang='lat' dir='ltr'>terra</span> <span class='ocrx_word' id='word_1_61' title='bbox 1940 885 2129 932; x_wconf 88' lang='lat' dir='ltr'>domini</span> <span class='ocrx_word' id='word_1_62' title='bbox 2167 885 2228 933; x_wconf 85' lang='lat' dir='ltr'>de</span> 
     </span>
     <span class='ocr_line' id='line_1_7' title="bbox 163 977 2228 1042; baseline 0 -17"><span class='ocrx_word' id='word_1_63' title='bbox 163 977 335 1042; x_wconf 83' lang='lat' dir='ltr'>Vldny</span> <span class='ocrx_word' id='word_1_64' title='bbox 367 987 416 1026; x_wconf 90' lang='lat' dir='ltr'>et</span> <span class='ocrx_word' id='word_1_65' title='bbox 447 985 584 1026; x_wconf 89' lang='lat' dir='ltr'>terra</span> <span class='ocrx_word' id='word_1_66' title='bbox 619 1016 629 1026; x_wconf 94' lang='lat'>.</span> <span class='ocrx_word' id='word_1_67' title='bbox 667 1017 678 1026; x_wconf 88' lang='lat'><strong><em>.</em></strong></span> <span class='ocrx_word' id='word_1_68' title='bbox 716 1017 725 1027; x_wconf 94' lang='lat'><strong>.</strong></span> <span class='ocrx_word' id='word_1_69' title='bbox 764 978 955 1027; x_wconf 89' lang='lat' dir='ltr'>abbatis</span> <span class='ocrx_word' id='word_1_70' title='bbox 992 1016 1002 1027; x_wconf 92' lang='lat'><strong>.</strong></span> <span class='ocrx_word' id='word_1_71' title='bbox 1041 1017 1050 1027; x_wconf 93' lang='lat'><strong>.</strong></span> <span class='ocrx_word' id='word_1_72' title='bbox 1089 1018 1098 1027; x_wconf 92' lang='lat'>.</span> <span class='ocrx_word' id='word_1_73' title='bbox 1136 979 1198 1028; x_wconf 93' lang='lat' dir='ltr'>de</span> <span class='ocrx_word' id='word_1_74' title='bbox 1232 978 1573 1027; x_wconf 89' lang='lat' dir='ltr'>Abirbrothoc</span> <span class='ocrx_word' id='word_1_75' title='bbox 1614 977 1748 1042; x_wconf 81' lang='lat' dir='ltr'>quasi</span> <span class='ocrx_word' id='word_1_76' title='bbox 1788 977 1928 1025; x_wconf 88' lang='lat' dir='ltr'>fimul</span> <span class='ocrx_word' id='word_1_77' title='bbox 1968 977 2228 1026; x_wconf 61' lang='lat' dir='ltr'>coniuncte</span> 
     </span>
     <span class='ocr_line' id='line_1_8' title="bbox 164 1070 2229 1136; baseline 0 -19"><span class='ocrx_word' id='word_1_78' title='bbox 164 1071 274 1118; x_wconf 87' lang='lat' dir='ltr'>sunt</span> <span class='ocrx_word' id='word_1_79' title='bbox 322 1109 331 1120; x_wconf 93' lang='lat'><strong>.</strong></span> <span class='ocrx_word' id='word_1_80' title='bbox 383 1110 393 1120; x_wconf 92' lang='lat'><strong>.</strong></span> <span class='ocrx_word' id='word_1_81' title='bbox 444 1110 452 1119; x_wconf 92' lang='lat'>.</span> <span class='ocrx_word' id='word_1_82' title='bbox 503 1079 552 1120; x_wconf 90' lang='lat' dir='ltr'>et</span> <span class='ocrx_word' id='word_1_83' title='bbox 587 1070 653 1119; x_wconf 89' lang='lat' dir='ltr'>fic</span> <span class='ocrx_word' id='word_1_84' title='bbox 687 1070 1019 1119; x_wconf 85' lang='lat' dir='ltr'>discendendo</span> <span class='ocrx_word' id='word_1_85' title='bbox 1055 1088 1146 1135; x_wconf 92' lang='lat' dir='ltr'>per</span> <span class='ocrx_word' id='word_1_86' title='bbox 1180 1071 1307 1119; x_wconf 92' lang='lat' dir='ltr'>illud</span> <span class='ocrx_word' id='word_1_87' title='bbox 1342 1071 1389 1120; x_wconf 92' lang='grc'>16</span> <span class='ocrx_word' id='word_1_88' title='bbox 1425 1070 1590 1119; x_wconf 84' lang='lat' dir='ltr'>letche</span> <span class='ocrx_word' id='word_1_89' title='bbox 1622 1078 1672 1118; x_wconf 93' lang='lat' dir='ltr'>et</span> <span class='ocrx_word' id='word_1_90' title='bbox 1707 1077 1912 1134; x_wconf 91' lang='lat' dir='ltr'>puteum</span> <span class='ocrx_word' id='word_1_91' title='bbox 1948 1070 2229 1136; x_wconf 85' lang='lat' dir='ltr'>rugientem</span> 
     </span>
     <span class='ocr_line' id='line_1_9' title="bbox 164 1162 2229 1228; baseline 0 -17"><span class='ocrx_word' id='word_1_92' title='bbox 164 1165 313 1228; x_wconf 87' lang='lat' dir='ltr'>usque</span> <span class='ocrx_word' id='word_1_93' title='bbox 339 1164 402 1212; x_wconf 87' lang='lat' dir='ltr'>ad</span> <span class='ocrx_word' id='word_1_94' title='bbox 427 1164 646 1213; x_wconf 91' lang='lat' dir='ltr'>riuulum</span> <span class='ocrx_word' id='word_1_95' title='bbox 671 1164 732 1212; x_wconf 91' lang='lat' dir='ltr'>de</span> <span class='ocrx_word' id='word_1_96' title='bbox 758 1162 930 1228; x_wconf 83' lang='lat' dir='ltr'>Brony</span> <span class='ocrx_word' id='word_1_97' title='bbox 956 1191 966 1201; x_wconf 88' lang='lat'><strong>·</strong></span> <span class='ocrx_word' id='word_1_98' title='bbox 992 1171 1041 1212; x_wconf 90' lang='lat' dir='ltr'>et</span> <span class='ocrx_word' id='word_1_99' title='bbox 1063 1181 1152 1228; x_wconf 87' lang='lat' dir='ltr'>per</span> <span class='ocrx_word' id='word_1_100' title='bbox 1181 1164 1400 1212; x_wconf 86' lang='lat' dir='ltr'>riuulum</span> <span class='ocrx_word' id='word_1_101' title='bbox 1426 1164 1487 1211; x_wconf 91' lang='lat' dir='ltr'>de</span> <span class='ocrx_word' id='word_1_102' title='bbox 1514 1163 1687 1227; x_wconf 84' lang='lat' dir='ltr'>Brony</span> <span class='ocrx_word' id='word_1_103' title='bbox 1713 1162 2025 1211; x_wconf 88' lang='lat' dir='ltr'>ascendendo</span> <span class='ocrx_word' id='word_1_104' title='bbox 2060 1162 2229 1211; x_wconf 88' lang='lat' dir='ltr'>uersus</span> 
     </span>
     <span class='ocr_line' id='line_1_10' title="bbox 164 1254 2230 1320; baseline -0.001 -15"><span class='ocrx_word' id='word_1_105' title='bbox 164 1257 476 1305; x_wconf 88' lang='lat' dir='ltr'>occidentem</span> <span class='ocrx_word' id='word_1_106' title='bbox 501 1256 652 1319; x_wconf 92' lang='lat' dir='ltr'>usque</span> <span class='ocrx_word' id='word_1_107' title='bbox 688 1255 752 1303; x_wconf 91' lang='lat' dir='ltr'>ad</span> <span class='ocrx_word' id='word_1_108' title='bbox 786 1255 966 1303; x_wconf 88' lang='lat' dir='ltr'>vadum</span> <span class='ocrx_word' id='word_1_109' title='bbox 993 1254 1182 1319; x_wconf 89' lang='lat' dir='ltr'>capelle</span> <span class='ocrx_word' id='word_1_110' title='bbox 1211 1254 1396 1305; x_wconf 89' lang='lat' dir='ltr'>Christi</span> <span class='ocrx_word' id='word_1_111' title='bbox 1422 1283 1432 1292; x_wconf 91' lang='lat'><strong>·</strong></span> <span class='ocrx_word' id='word_1_112' title='bbox 1458 1263 1510 1304; x_wconf 85' lang='lat' dir='ltr'>et</span> <span class='ocrx_word' id='word_1_113' title='bbox 1531 1262 1652 1304; x_wconf 85' lang='lat' dir='ltr'>tunc</span> <span class='ocrx_word' id='word_1_114' title='bbox 1680 1255 1846 1303; x_wconf 86' lang='lat' dir='ltr'>versus</span> <span class='ocrx_word' id='word_1_115' title='bbox 1884 1254 2103 1304; x_wconf 88' lang='lat' dir='ltr'>austrum</span> <span class='ocrx_word' id='word_1_116' title='bbox 2138 1273 2230 1320; x_wconf 89' lang='lat' dir='ltr'>per</span> 
     </span>
     <span class='ocr_line' id='line_1_11' title="bbox 164 1346 2233 1411; baseline 0 -15"><span class='ocrx_word' id='word_1_117' title='bbox 164 1349 421 1398; x_wconf 84' lang='lat' dir='ltr'>matricem</span> <span class='ocrx_word' id='word_1_118' title='bbox 464 1348 511 1396; x_wconf 92' lang='grc'>16</span> <span class='ocrx_word' id='word_1_119' title='bbox 550 1347 714 1396; x_wconf 88' lang='lat' dir='ltr'>letche</span> <span class='ocrx_word' id='word_1_120' title='bbox 752 1347 1012 1411; x_wconf 87' lang='lat' dir='ltr'>antiquum</span> <span class='ocrx_word' id='word_1_121' title='bbox 1052 1347 1217 1396; x_wconf 90' lang='lat' dir='ltr'>locum</span> <span class='ocrx_word' id='word_1_122' title='bbox 1257 1346 1446 1411; x_wconf 90' lang='lat' dir='ltr'>capelle</span> <span class='ocrx_word' id='word_1_123' title='bbox 1483 1347 1878 1396; x_wconf 83' lang='lat' dir='ltr'>circumeuntem</span> <span class='ocrx_word' id='word_1_124' title='bbox 1915 1355 1964 1397; x_wconf 92' lang='lat' dir='ltr'>et</span> <span class='ocrx_word' id='word_1_125' title='bbox 2005 1349 2058 1397; x_wconf 91' lang='lat' dir='ltr'>in</span> <span class='ocrx_word' id='word_1_126' title='bbox 2096 1349 2233 1398; x_wconf 80' lang='lat' dir='ltr'>riuu-</span> 
     </span>
     <span class='ocr_line' id='line_1_12' title="bbox 164 1439 2230 1507; baseline 0.001 -19"><span class='ocrx_word' id='word_1_127' title='bbox 164 1441 266 1489; x_wconf 89' lang='lat' dir='ltr'>lum</span> <span class='ocrx_word' id='word_1_128' title='bbox 296 1441 357 1489; x_wconf 88' lang='lat' dir='ltr'>de</span> <span class='ocrx_word' id='word_1_129' title='bbox 394 1440 566 1505; x_wconf 83' lang='lat' dir='ltr'>Brony</span> <span class='ocrx_word' id='word_1_130' title='bbox 594 1439 931 1488; x_wconf 82' lang='lat' dir='ltr'>transeuntem</span> <span class='ocrx_word' id='word_1_131' title='bbox 958 1446 1007 1488; x_wconf 89' lang='lat' dir='ltr'>et</span> <span class='ocrx_word' id='word_1_132' title='bbox 1031 1439 1285 1488; x_wconf 88' lang='lat' dir='ltr'>finientem</span> <span class='ocrx_word' id='word_1_133' title='bbox 1323 1469 1333 1479; x_wconf 90' lang='lat'><strong>·</strong></span> <span class='ocrx_word' id='word_1_134' title='bbox 1372 1447 1423 1488; x_wconf 90' lang='lat' dir='ltr'>et</span> <span class='ocrx_word' id='word_1_135' title='bbox 1458 1440 1524 1488; x_wconf 86' lang='lat' dir='ltr'>fic</span> <span class='ocrx_word' id='word_1_136' title='bbox 1560 1440 1729 1488; x_wconf 88' lang='lat' dir='ltr'>uersus</span> <span class='ocrx_word' id='word_1_137' title='bbox 1763 1441 2039 1490; x_wconf 87' lang='lat' dir='ltr'>horientem</span> <span class='ocrx_word' id='word_1_138' title='bbox 2068 1441 2159 1507; x_wconf 88' lang='lat' dir='ltr'>per</span> <span class='ocrx_word' id='word_1_139' title='bbox 2183 1443 2230 1491; x_wconf 93' lang='grc'>16</span> 
     </span>
     <span class='ocr_line' id='line_1_13' title="bbox 163 1531 2233 1598; baseline 0.001 -16"><span class='ocrx_word' id='word_1_140' title='bbox 163 1550 373 1597; x_wconf 90' lang='lat' dir='ltr'>paruum</span> <span class='ocrx_word' id='word_1_141' title='bbox 399 1532 563 1582; x_wconf 89' lang='lat' dir='ltr'>letche</span> <span class='ocrx_word' id='word_1_142' title='bbox 590 1532 739 1596; x_wconf 90' lang='lat' dir='ltr'>vsque</span> <span class='ocrx_word' id='word_1_143' title='bbox 769 1533 833 1580; x_wconf 88' lang='lat' dir='ltr'>ad</span> <span class='ocrx_word' id='word_1_144' title='bbox 858 1532 1058 1598; x_wconf 85' lang='lat' dir='ltr'>nigrum</span> <span class='ocrx_word' id='word_1_145' title='bbox 1085 1533 1267 1581; x_wconf 86' lang='lat' dir='ltr'>vadum</span> <span class='ocrx_word' id='word_1_146' title='bbox 1299 1559 1309 1570; x_wconf 91' lang='lat'><strong>·</strong></span> <span class='ocrx_word' id='word_1_147' title='bbox 1345 1539 1394 1580; x_wconf 91' lang='lat' dir='ltr'>et</span> <span class='ocrx_word' id='word_1_148' title='bbox 1419 1531 1484 1580; x_wconf 86' lang='lat' dir='ltr'>fic</span> <span class='ocrx_word' id='word_1_149' title='bbox 1508 1548 1598 1596; x_wconf 92' lang='lat' dir='ltr'>per</span> <span class='ocrx_word' id='word_1_150' title='bbox 1622 1531 1669 1580; x_wconf 92' lang='grc'>16</span> <span class='ocrx_word' id='word_1_151' title='bbox 1694 1533 1953 1582; x_wconf 84' lang='lat' dir='ltr'>matricem</span> <span class='ocrx_word' id='word_1_152' title='bbox 1983 1533 2147 1583; x_wconf 89' lang='lat' dir='ltr'>letche</span> <span class='ocrx_word' id='word_1_153' title='bbox 2173 1554 2233 1584; x_wconf 85' lang='lat' dir='ltr'>ex</span> 
     </span>
     <span class='ocr_line' id='line_1_14' title="bbox 165 1623 2234 1691; baseline 0 -15"><span class='ocrx_word' id='word_1_154' title='bbox 165 1634 306 1691; x_wconf 87' lang='lat' dir='ltr'>parte</span> <span class='ocrx_word' id='word_1_155' title='bbox 331 1626 510 1675; x_wconf 84' lang='lat' dir='ltr'>boriali</span> <span class='ocrx_word' id='word_1_156' title='bbox 536 1626 598 1675; x_wconf 91' lang='lat' dir='ltr'>de</span> <span class='ocrx_word' id='word_1_157' title='bbox 624 1625 1020 1691; x_wconf 88' lang='lat' dir='ltr'>Kylmurwhane</span> <span class='ocrx_word' id='word_1_158' title='bbox 1046 1632 1096 1674; x_wconf 85' lang='lat' dir='ltr'>et</span> <span class='ocrx_word' id='word_1_159' title='bbox 1122 1623 1478 1675; x_wconf 89' lang='lat' dir='ltr'>Ordenekabir</span> <span class='ocrx_word' id='word_1_160' title='bbox 1503 1623 1690 1672; x_wconf 68' lang='grc' dir='ltr'><strong>(1116ἃ6</strong></span> <span class='ocrx_word' id='word_1_161' title='bbox 1725 1624 2038 1674; x_wconf 86' lang='lat' dir='ltr'>ascendendo</span> <span class='ocrx_word' id='word_1_162' title='bbox 2074 1644 2164 1690; x_wconf 85' lang='lat' dir='ltr'>per</span> <span class='ocrx_word' id='word_1_163' title='bbox 2188 1628 2234 1676; x_wconf 90' lang='lat' dir='ltr'>le</span> 
     </span>
    </p>
   </div>
   <div class='ocr_carea' id='block_1_3' title="bbox 166 1716 2235 1784">
    <p class='ocr_par' dir='ltr' id='par_1_3' title="bbox 166 1716 2235 1784">
     <span class='ocr_line' id='line_1_15' title="bbox 166 1716 2235 1784; baseline 0 -17"><span class='ocrx_word' id='word_1_164' title='bbox 166 1720 423 1769; x_wconf 88' lang='lat' dir='ltr'>matricem</span> <span class='ocrx_word' id='word_1_165' title='bbox 460 1719 624 1768; x_wconf 89' lang='lat' dir='ltr'>letche</span> <span class='ocrx_word' id='word_1_166' title='bbox 660 1719 813 1783; x_wconf 90' lang='lat' dir='ltr'>usque</span> <span class='ocrx_word' id='word_1_167' title='bbox 853 1719 917 1767; x_wconf 91' lang='lat' dir='ltr'>ad</span> <span class='ocrx_word' id='word_1_168' title='bbox 955 1718 1174 1783; x_wconf 86' lang='lat' dir='ltr'>lapidem</span> <span class='ocrx_word' id='word_1_169' title='bbox 1211 1724 1505 1766; x_wconf 90' lang='lat' dir='ltr'>curuantem</span> <span class='ocrx_word' id='word_1_170' title='bbox 1533 1716 1631 1766; x_wconf 83' lang='lat' dir='ltr'>siue</span> <span class='ocrx_word' id='word_1_171' title='bbox 1663 1717 1991 1766; x_wconf 84' lang='lat' dir='ltr'>inclinantem</span> <span class='ocrx_word' id='word_1_172' title='bbox 2018 1719 2235 1784; x_wconf 88' lang='lat' dir='ltr'>Anglice</span> 
     </span>
    </p>
   </div>
   <div class='ocr_carea' id='block_1_4' title="bbox 167 1808 2238 2062">
    <p class='ocr_par' dir='ltr' id='par_1_4' title="bbox 167 1808 2238 2062">
     <span class='ocr_line' id='line_1_16' title="bbox 172 1808 2236 1878; baseline -0.001 -16"><span class='ocrx_word' id='word_1_173' title='bbox 172 1814 387 1863; x_wconf 78' lang='lat' dir='ltr'>lowtand</span> <span class='ocrx_word' id='word_1_174' title='bbox 400 1815 552 1878; x_wconf 80' lang='lat' dir='ltr'>stane</span> <span class='ocrx_word' id='word_1_175' title='bbox 588 1830 647 1861; x_wconf 86' lang='lat' dir='ltr'>ex</span> <span class='ocrx_word' id='word_1_176' title='bbox 680 1819 823 1877; x_wconf 89' lang='lat' dir='ltr'>parte</span> <span class='ocrx_word' id='word_1_177' title='bbox 849 1811 1028 1861; x_wconf 87' lang='lat' dir='ltr'>boriali</span> <span class='ocrx_word' id='word_1_178' title='bbox 1054 1811 1165 1860; x_wconf 89' lang='lat' dir='ltr'>tofti</span> <span class='ocrx_word' id='word_1_179' title='bbox 1190 1809 1382 1860; x_wconf 87' lang='lat' dir='ltr'>fabrilis</span> <span class='ocrx_word' id='word_1_180' title='bbox 1419 1837 1429 1848; x_wconf 93' lang='lat'><strong>·</strong></span> <span class='ocrx_word' id='word_1_181' title='bbox 1466 1808 1533 1857; x_wconf 84' lang='lat' dir='ltr'>Et</span> <span class='ocrx_word' id='word_1_182' title='bbox 1558 1809 1622 1858; x_wconf 91' lang='lat' dir='ltr'>ad</span> <span class='ocrx_word' id='word_1_183' title='bbox 1647 1810 1816 1858; x_wconf 90' lang='lat' dir='ltr'>omnia</span> <span class='ocrx_word' id='word_1_184' title='bbox 1851 1849 1860 1858; x_wconf 94' lang='lat'>.</span> <span class='ocrx_word' id='word_1_185' title='bbox 1899 1849 1908 1858; x_wconf 91' lang='lat'><em>.</em></span> <span class='ocrx_word' id='word_1_186' title='bbox 1948 1849 1957 1859; x_wconf 92' lang='lat'><strong>.</strong></span> <span class='ocrx_word' id='word_1_187' title='bbox 1995 1819 2049 1860; x_wconf 91' lang='lat' dir='ltr'>ut</span> <span class='ocrx_word' id='word_1_188' title='bbox 2074 1812 2236 1876; x_wconf 87' lang='lat' dir='ltr'>supra-</span> 
     </span>
     <span class='ocr_line' id='line_1_17' title="bbox 167 1903 2238 1968; baseline 0 -13"><span class='ocrx_word' id='word_1_189' title='bbox 167 1907 350 1956; x_wconf 67' lang='lat' dir='ltr'>di&amp;um</span> <span class='ocrx_word' id='word_1_190' title='bbox 385 1906 455 1955; x_wconf 79' lang='lat' dir='ltr'>est.</span> <span class='ocrx_word' id='word_1_191' title='bbox 487 1905 703 1955; x_wconf 88' lang='lat' dir='ltr'>fideliter</span> <span class='ocrx_word' id='word_1_192' title='bbox 750 1945 760 1954; x_wconf 89' lang='lat'><strong>.</strong></span> <span class='ocrx_word' id='word_1_193' title='bbox 811 1945 821 1955; x_wconf 89' lang='lat'><strong>.</strong></span> <span class='ocrx_word' id='word_1_194' title='bbox 871 1945 880 1954; x_wconf 91' lang='lat'><em>.</em></span> <span class='ocrx_word' id='word_1_195' title='bbox 930 1905 1238 1954; x_wconf 85' lang='lat' dir='ltr'>obseruanda</span> <span class='ocrx_word' id='word_1_196' title='bbox 1273 1913 1323 1953; x_wconf 92' lang='lat' dir='ltr'>et</span> <span class='ocrx_word' id='word_1_197' title='bbox 1358 1904 1411 1951; x_wconf 91' lang='lat' dir='ltr'>in</span> <span class='ocrx_word' id='word_1_198' title='bbox 1449 1903 1783 1953; x_wconf 87' lang='lat' dir='ltr'>testimonium</span> <span class='ocrx_word' id='word_1_199' title='bbox 1816 1905 2159 1968; x_wconf 79' lang='lat' dir='ltr'>premissorum</span> <span class='ocrx_word' id='word_1_200' title='bbox 2187 1916 2238 1955; x_wconf 89' lang='lat' dir='ltr'>ut</span> 
     </span>
     <span class='ocr_line' id='line_1_18' title="bbox 167 1996 2238 2062; baseline 0 -15"><span class='ocrx_word' id='word_1_201' title='bbox 167 1999 260 2048; x_wconf 90' lang='grc'><strong>1166</strong></span> <span class='ocrx_word' id='word_1_202' title='bbox 286 1998 537 2047; x_wconf 86' lang='lat' dir='ltr'>ordinatio</span> <span class='ocrx_word' id='word_1_203' title='bbox 586 2038 595 2047; x_wconf 89' lang='lat'><strong>.</strong></span> <span class='ocrx_word' id='word_1_204' title='bbox 643 2037 652 2047; x_wconf 94' lang='lat'><strong><em>.</em></strong></span> <span class='ocrx_word' id='word_1_205' title='bbox 701 2035 712 2045; x_wconf 91' lang='lat'><strong>.</strong></span> <span class='ocrx_word' id='word_1_206' title='bbox 760 1997 1121 2047; x_wconf 90' lang='lat' dir='ltr'>inuiolabiliter</span> <span class='ocrx_word' id='word_1_207' title='bbox 1154 1998 1445 2046; x_wconf 90' lang='lat' dir='ltr'>obseruetur</span> <span class='ocrx_word' id='word_1_208' title='bbox 1479 1996 1636 2062; x_wconf 87' lang='lat' dir='ltr'>figilla</span> <span class='ocrx_word' id='word_1_209' title='bbox 1683 2036 1692 2046; x_wconf 87' lang='lat'><em>.</em></span> <span class='ocrx_word' id='word_1_210' title='bbox 1743 2036 1753 2046; x_wconf 92' lang='lat'><strong><em>.</em></strong></span> <span class='ocrx_word' id='word_1_211' title='bbox 1804 2036 1813 2046; x_wconf 89' lang='lat'><strong><em>.</em></strong></span> <span class='ocrx_word' id='word_1_212' title='bbox 1861 1998 2050 2047; x_wconf 89' lang='lat' dir='ltr'>domini</span> <span class='ocrx_word' id='word_1_213' title='bbox 2086 1999 2238 2048; x_wconf 86' lang='lat' dir='ltr'>Alex-</span> 
     </span>
    </p>
   </div>
   <div class='ocr_carea' id='block_1_5' title="bbox 169 2089 2240 2808">
    <p class='ocr_par' dir='ltr' id='par_1_5' title="bbox 169 2089 2240 2808">
     <span class='ocr_line' id='line_1_19' title="bbox 169 2089 2239 2155; baseline 0 -16"><span class='ocrx_word' id='word_1_214' title='bbox 169 2091 314 2140; x_wconf 86' lang='lat' dir='ltr'>andri</span> <span class='ocrx_word' id='word_1_215' title='bbox 339 2091 400 2139; x_wconf 89' lang='lat' dir='ltr'>de</span> <span class='ocrx_word' id='word_1_216' title='bbox 426 2090 616 2140; x_wconf 88' lang='lat' dir='ltr'>Forbas</span> <span class='ocrx_word' id='word_1_217' title='bbox 642 2090 831 2139; x_wconf 89' lang='lat' dir='ltr'>domini</span> <span class='ocrx_word' id='word_1_218' title='bbox 864 2090 1082 2139; x_wconf 87' lang='lat' dir='ltr'>eiusdem</span> <span class='ocrx_word' id='word_1_219' title='bbox 1120 2099 1240 2140; x_wconf 86' lang='lat' dir='ltr'>tunc</span> <span class='ocrx_word' id='word_1_220' title='bbox 1271 2090 1325 2138; x_wconf 88' lang='lat' dir='ltr'>in</span> <span class='ocrx_word' id='word_1_221' title='bbox 1361 2089 1457 2139; x_wconf 90' lang='lat' dir='ltr'>hac</span> <span class='ocrx_word' id='word_1_222' title='bbox 1494 2089 1640 2138; x_wconf 89' lang='lat' dir='ltr'>causa</span> <span class='ocrx_word' id='word_1_223' title='bbox 1668 2090 1934 2155; x_wconf 86' lang='lat' dir='ltr'>justiciarii</span> <span class='ocrx_word' id='word_1_224' title='bbox 1971 2091 2195 2155; x_wconf 86' lang='lat' dir='ltr'>deputati</span> <span class='ocrx_word' id='word_1_225' title='bbox 2230 2120 2239 2130; x_wconf 87' lang='lat'><strong>·</strong></span> 
     </span>
     <span class='ocr_line' id='line_1_20' title="bbox 169 2183 2238 2252; baseline 0.001 -20"><span class='ocrx_word' id='word_1_226' title='bbox 169 2184 356 2232; x_wconf 88' lang='lat' dir='ltr'>domini</span> <span class='ocrx_word' id='word_1_227' title='bbox 386 2183 598 2232; x_wconf 88' lang='lat' dir='ltr'>Henrici</span> <span class='ocrx_word' id='word_1_228' title='bbox 623 2184 684 2232; x_wconf 93' lang='lat' dir='ltr'>de</span> <span class='ocrx_word' id='word_1_229' title='bbox 710 2183 955 2233; x_wconf 90' lang='lat' dir='ltr'>Prestoun</span> <span class='ocrx_word' id='word_1_230' title='bbox 980 2183 1170 2232; x_wconf 91' lang='lat' dir='ltr'>domini</span> <span class='ocrx_word' id='word_1_231' title='bbox 1197 2185 1258 2233; x_wconf 91' lang='lat' dir='ltr'>de</span> <span class='ocrx_word' id='word_1_232' title='bbox 1283 2183 1582 2249; x_wconf 86' lang='lat' dir='ltr'>Fermartyn</span> <span class='ocrx_word' id='word_1_233' title='bbox 1623 2213 1634 2223; x_wconf 92' lang='lat'><strong>·</strong></span> <span class='ocrx_word' id='word_1_234' title='bbox 1676 2184 1959 2233; x_wconf 87' lang='lat' dir='ltr'>Alexandri</span> <span class='ocrx_word' id='word_1_235' title='bbox 1985 2186 2045 2234; x_wconf 89' lang='lat' dir='ltr'>de</span> <span class='ocrx_word' id='word_1_236' title='bbox 2073 2186 2238 2252; x_wconf 74' lang='lat' dir='ltr'>Irwyn</span> 
     </span>
     <span class='ocr_line' id='line_1_21' title="bbox 170 2276 2240 2344; baseline 0.001 -19"><span class='ocrx_word' id='word_1_237' title='bbox 170 2277 357 2326; x_wconf 87' lang='lat' dir='ltr'>domiui</span> <span class='ocrx_word' id='word_1_238' title='bbox 387 2276 586 2326; x_wconf 84' lang='lat' dir='ltr'>Foreste</span> <span class='ocrx_word' id='word_1_239' title='bbox 612 2277 673 2325; x_wconf 94' lang='lat' dir='ltr'>de</span> <span class='ocrx_word' id='word_1_240' title='bbox 698 2276 864 2325; x_wconf 91' lang='lat' dir='ltr'>Drum</span> <span class='ocrx_word' id='word_1_241' title='bbox 889 2304 899 2314; x_wconf 94' lang='lat'><strong>·</strong></span> <span class='ocrx_word' id='word_1_242' title='bbox 926 2276 1121 2325; x_wconf 90' lang='lat' dir='ltr'>Thome</span> <span class='ocrx_word' id='word_1_243' title='bbox 1143 2277 1399 2343; x_wconf 75' lang='lat' dir='ltr'>Brylbane</span> <span class='ocrx_word' id='word_1_244' title='bbox 1425 2277 1615 2325; x_wconf 87' lang='lat' dir='ltr'>domini</span> <span class='ocrx_word' id='word_1_245' title='bbox 1641 2277 1702 2325; x_wconf 84' lang='grc'>(16</span> <span class='ocrx_word' id='word_1_246' title='bbox 1727 2277 1975 2344; x_wconf 87' lang='lat' dir='ltr'>Latherys</span> <span class='ocrx_word' id='word_1_247' title='bbox 1998 2307 2008 2317; x_wconf 90' lang='lat'><strong>·</strong></span> <span class='ocrx_word' id='word_1_248' title='bbox 2035 2279 2240 2328; x_wconf 77' lang='lat' dir='ltr'>Andree</span> 
     </span>
     <span class='ocr_line' id='line_1_22' title="bbox 172 2369 2237 2437; baseline -0 -17"><span class='ocrx_word' id='word_1_249' title='bbox 172 2370 349 2437; x_wconf 88' lang='lat' dir='ltr'>Turyn</span> <span class='ocrx_word' id='word_1_250' title='bbox 390 2372 580 2420; x_wconf 92' lang='lat' dir='ltr'>domini</span> <span class='ocrx_word' id='word_1_251' title='bbox 622 2372 683 2420; x_wconf 88' lang='lat' dir='ltr'>de</span> <span class='ocrx_word' id='word_1_252' title='bbox 726 2370 957 2421; x_wconf 87' lang='lat' dir='ltr'>Fouerne</span> <span class='ocrx_word' id='word_1_253' title='bbox 1005 2400 1016 2410; x_wconf 91' lang='lat'><strong>·</strong></span> <span class='ocrx_word' id='word_1_254' title='bbox 1063 2370 1307 2420; x_wconf 83' lang='lat' dir='ltr'>Willelmi</span> <span class='ocrx_word' id='word_1_255' title='bbox 1344 2370 1405 2418; x_wconf 92' lang='lat' dir='ltr'>de</span> <span class='ocrx_word' id='word_1_256' title='bbox 1448 2369 1703 2418; x_wconf 90' lang='lat' dir='ltr'>Meldrum</span> <span class='ocrx_word' id='word_1_257' title='bbox 1745 2370 1934 2418; x_wconf 91' lang='lat' dir='ltr'>domini</span> <span class='ocrx_word' id='word_1_258' title='bbox 1974 2371 2190 2419; x_wconf 86' lang='lat' dir='ltr'>eiusdem</span> <span class='ocrx_word' id='word_1_259' title='bbox 2228 2401 2237 2411; x_wconf 89' lang='lat'><strong>·</strong></span> 
     </span>
     <span class='ocr_line' id='line_1_23' title="bbox 169 2463 2239 2529; baseline 0.001 -17"><span class='ocrx_word' id='word_1_260' title='bbox 169 2463 418 2512; x_wconf 87' lang='lat' dir='ltr'>Johannis</span> <span class='ocrx_word' id='word_1_261' title='bbox 457 2465 518 2513; x_wconf 91' lang='lat' dir='ltr'>de</span> <span class='ocrx_word' id='word_1_262' title='bbox 561 2463 809 2529; x_wconf 85' lang='lat' dir='ltr'>Ogistoun</span> <span class='ocrx_word' id='word_1_263' title='bbox 847 2464 1038 2512; x_wconf 90' lang='lat' dir='ltr'>domini</span> <span class='ocrx_word' id='word_1_264' title='bbox 1078 2464 1295 2512; x_wconf 91' lang='lat' dir='ltr'>eiusdem</span> <span class='ocrx_word' id='word_1_265' title='bbox 1334 2493 1344 2502; x_wconf 91' lang='lat'><strong>·</strong></span> <span class='ocrx_word' id='word_1_266' title='bbox 1386 2463 1596 2512; x_wconf 88' lang='lat' dir='ltr'>Roberti</span> <span class='ocrx_word' id='word_1_267' title='bbox 1621 2463 1919 2512; x_wconf 87' lang='lat' dir='ltr'>Matillande</span> <span class='ocrx_word' id='word_1_268' title='bbox 1957 2465 2145 2513; x_wconf 90' lang='lat' dir='ltr'>domini</span> <span class='ocrx_word' id='word_1_269' title='bbox 2179 2467 2239 2514; x_wconf 93' lang='lat' dir='ltr'>de</span> 
     </span>
     <span class='ocr_line' id='line_1_24' title="bbox 175 2556 2239 2624; baseline -0 -16"><span class='ocrx_word' id='word_1_270' title='bbox 175 2558 403 2608; x_wconf 87' lang='lat' dir='ltr'>Schewes</span> <span class='ocrx_word' id='word_1_271' title='bbox 437 2588 447 2599; x_wconf 91' lang='lat'><strong>·</strong></span> <span class='ocrx_word' id='word_1_272' title='bbox 483 2559 657 2608; x_wconf 84' lang='lat' dir='ltr'>Dauid</span> <span class='ocrx_word' id='word_1_273' title='bbox 681 2559 743 2607; x_wconf 93' lang='lat' dir='ltr'>de</span> <span class='ocrx_word' id='word_1_274' title='bbox 768 2558 1034 2624; x_wconf 59' lang='lat' dir='ltr'>WVyntoun</span> <span class='ocrx_word' id='word_1_275' title='bbox 1059 2557 1250 2606; x_wconf 89' lang='lat' dir='ltr'>domini</span> <span class='ocrx_word' id='word_1_276' title='bbox 1275 2557 1336 2605; x_wconf 88' lang='lat' dir='ltr'>de</span> <span class='ocrx_word' id='word_1_277' title='bbox 1365 2556 1573 2605; x_wconf 88' lang='lat' dir='ltr'>Handot</span> <span class='ocrx_word' id='word_1_278' title='bbox 1610 2585 1620 2596; x_wconf 89' lang='lat'><strong>·</strong></span> <span class='ocrx_word' id='word_1_279' title='bbox 1655 2556 1876 2621; x_wconf 88' lang='lat' dir='ltr'>Philippi</span> <span class='ocrx_word' id='word_1_280' title='bbox 1904 2557 1964 2604; x_wconf 91' lang='lat' dir='ltr'>de</span> <span class='ocrx_word' id='word_1_281' title='bbox 1991 2557 2239 2607; x_wconf 87' lang='lat' dir='ltr'>Dunbrek</span> 
     </span>
     <span class='ocr_line' id='line_1_25' title="bbox 172 2649 2240 2716; baseline 0 -17"><span class='ocrx_word' id='word_1_282' title='bbox 172 2651 360 2701; x_wconf 89' lang='lat' dir='ltr'>domini</span> <span class='ocrx_word' id='word_1_283' title='bbox 386 2651 604 2700; x_wconf 87' lang='lat' dir='ltr'>eiusdem</span> <span class='ocrx_word' id='word_1_284' title='bbox 635 2680 645 2691; x_wconf 91' lang='lat'><strong>·</strong></span> <span class='ocrx_word' id='word_1_285' title='bbox 681 2651 904 2716; x_wconf 91' lang='lat' dir='ltr'>Philippi</span> <span class='ocrx_word' id='word_1_286' title='bbox 930 2652 991 2700; x_wconf 90' lang='lat' dir='ltr'>de</span> <span class='ocrx_word' id='word_1_287' title='bbox 1020 2650 1285 2701; x_wconf 84' lang='lat' dir='ltr'>Crawfurd</span> <span class='ocrx_word' id='word_1_288' title='bbox 1309 2650 1508 2699; x_wconf 88' lang='lat' dir='ltr'>domini</span> <span class='ocrx_word' id='word_1_289' title='bbox 1524 2651 1586 2699; x_wconf 92' lang='lat' dir='ltr'>de</span> <span class='ocrx_word' id='word_1_290' title='bbox 1612 2649 1833 2716; x_wconf 87' lang='lat' dir='ltr'>Fethray</span> <span class='ocrx_word' id='word_1_291' title='bbox 1871 2676 1882 2686; x_wconf 86' lang='lat'><strong>·</strong></span> <span class='ocrx_word' id='word_1_292' title='bbox 1918 2650 2035 2699; x_wconf 90' lang='lat' dir='ltr'>huic</span> <span class='ocrx_word' id='word_1_293' title='bbox 2062 2651 2240 2716; x_wconf 85' lang='lat' dir='ltr'>scripto</span> 
     </span>
     <span class='ocr_line' id='line_1_26' title="bbox 174 2743 1676 2808; baseline 0.001 -18"><span class='ocrx_word' id='word_1_294' title='bbox 174 2745 284 2791; x_wconf 83' lang='lat' dir='ltr'>sunt</span> <span class='ocrx_word' id='word_1_295' title='bbox 307 2744 522 2808; x_wconf 84' lang='lat' dir='ltr'>appensa</span> <span class='ocrx_word' id='word_1_296' title='bbox 559 2774 569 2784; x_wconf 91' lang='lat'><strong>·</strong></span> <span class='ocrx_word' id='word_1_297' title='bbox 610 2743 794 2793; x_wconf 64' lang='lat' dir='ltr'>Aecum</span> <span class='ocrx_word' id='word_1_298' title='bbox 819 2744 900 2793; x_wconf 92' lang='lat' dir='ltr'>die</span> <span class='ocrx_word' id='word_1_299' title='bbox 926 2751 976 2793; x_wconf 92' lang='lat' dir='ltr'>et</span> <span class='ocrx_word' id='word_1_300' title='bbox 999 2744 1110 2793; x_wconf 87' lang='lat' dir='ltr'>loco</span> <span class='ocrx_word' id='word_1_301' title='bbox 1137 2751 1186 2793; x_wconf 85' lang='lat' dir='ltr'>et</span> <span class='ocrx_word' id='word_1_302' title='bbox 1210 2760 1342 2792; x_wconf 90' lang='lat' dir='ltr'>anno</span> <span class='ocrx_word' id='word_1_303' title='bbox 1367 2743 1676 2808; x_wconf 68' lang='lat' dir='ltr'>supradietis.</span> 
     </span>
    </p>
   </div>
   <div class='ocr_carea' id='block_1_6' title="bbox 176 2911 1286 3000">
    <p class='ocr_par' dir='ltr' id='par_1_6' title="bbox 176 2911 1286 3000">
     <span class='ocr_line' id='line_1_27' title="bbox 176 2911 1286 3000; baseline 0.003 -17"><span class='ocrx_word' id='word_1_304' title='bbox 176 2911 350 2983; x_wconf 82' lang='lat' dir='ltr'>Bulla</span> <span class='ocrx_word' id='word_1_305' title='bbox 373 2934 624 3000; x_wconf 86' lang='lat' dir='ltr'>priuilegii</span> <span class='ocrx_word' id='word_1_306' title='bbox 648 2935 866 2986; x_wconf 89' lang='lat' dir='ltr'>minores</span> <span class='ocrx_word' id='word_1_307' title='bbox 891 2937 1092 2986; x_wconf 91' lang='lat' dir='ltr'>ordines</span> <span class='ocrx_word' id='word_1_308' title='bbox 1117 2937 1286 2986; x_wconf 87' lang='lat' dir='ltr'>dandi.</span> 
     </span>
    </p>
   </div>
   <div class='ocr_carea' id='block_1_7' title="bbox 0 3080 2238 3181">
    <p class='ocr_par' dir='ltr' id='par_1_7' title="bbox 0 3080 2238 3181">
     <span class='ocr_line' id='line_1_28' title="bbox 0 3080 2238 3181; baseline -0 -28"><span class='ocrx_word' id='word_1_309' title='bbox 0 3125 2 3181; x_wconf 25' lang='grc' dir='ltr'><strong>ὲ</strong></span> <span class='ocrx_word' id='word_1_310' title='bbox 61 3118 123 3164; x_wconf 79' lang='lat'>54</span> <span class='ocrx_word' id='word_1_311' title='bbox 181 3080 462 3154; x_wconf 81' lang='lat' dir='ltr'>Martinus</span> <span class='ocrx_word' id='word_1_312' title='bbox 489 3101 744 3167; x_wconf 85' lang='lat' dir='ltr'>episcopus</span> <span class='ocrx_word' id='word_1_313' title='bbox 794 3143 804 3151; x_wconf 91' lang='lat'><strong><em>.</em></strong></span> <span class='ocrx_word' id='word_1_314' title='bbox 855 3143 864 3153; x_wconf 94' lang='lat'>.</span> <span class='ocrx_word' id='word_1_315' title='bbox 916 3144 926 3153; x_wconf 88' lang='lat'><em>.</em></span> <span class='ocrx_word' id='word_1_316' title='bbox 982 3105 1204 3154; x_wconf 86' lang='lat' dir='ltr'>Waltero</span> <span class='ocrx_word' id='word_1_317' title='bbox 1230 3105 1397 3154; x_wconf 85' lang='lat' dir='ltr'>abbati</span> <span class='ocrx_word' id='word_1_318' title='bbox 1444 3145 1454 3154; x_wconf 92' lang='lat'>.</span> <span class='ocrx_word' id='word_1_319' title='bbox 1507 3144 1517 3155; x_wconf 86' lang='lat'><strong>.</strong></span> <span class='ocrx_word' id='word_1_320' title='bbox 1570 3144 1579 3154; x_wconf 93' lang='lat'><em>.</em></span> <span class='ocrx_word' id='word_1_321' title='bbox 1631 3108 1692 3156; x_wconf 88' lang='lat' dir='ltr'>de</span> <span class='ocrx_word' id='word_1_322' title='bbox 1719 3106 2055 3157; x_wconf 88' lang='lat' dir='ltr'>Abirbrothoc</span> <span class='ocrx_word' id='word_1_323' title='bbox 2107 3144 2117 3154; x_wconf 87' lang='lat'><strong>.</strong></span> <span class='ocrx_word' id='word_1_324' title='bbox 2169 3145 2176 3153; x_wconf 93' lang='lat'><strong>.</strong></span> <span class='ocrx_word' id='word_1_325' title='bbox 2230 3145 2238 3152; x_wconf 94' lang='lat'>.</span> 
     </span>
    </p>
   </div>
   <div class='ocr_carea' id='block_1_8' title="bbox 182 3193 2238 3266">
    <p class='ocr_par' dir='ltr' id='par_1_8' title="bbox 182 3193 2238 3266">
     <span class='ocr_line' id='line_1_29' title="bbox 182 3193 2238 3266; baseline 0.002 -23"><span class='ocrx_word' id='word_1_326' title='bbox 182 3194 387 3243; x_wconf 89' lang='lat' dir='ltr'>salutem</span> <span class='ocrx_word' id='word_1_327' title='bbox 437 3233 445 3241; x_wconf 94' lang='lat'><strong>.</strong></span> <span class='ocrx_word' id='word_1_328' title='bbox 495 3234 504 3241; x_wconf 94' lang='lat'>.</span> <span class='ocrx_word' id='word_1_329' title='bbox 556 3233 563 3241; x_wconf 92' lang='lat'><strong><em>.</em></strong></span> <span class='ocrx_word' id='word_1_330' title='bbox 615 3193 743 3242; x_wconf 82' lang='lat' dir='ltr'>Sane</span> <span class='ocrx_word' id='word_1_331' title='bbox 782 3194 903 3244; x_wconf 86' lang='lat' dir='ltr'>ficut</span> <span class='ocrx_word' id='word_1_332' title='bbox 937 3195 1159 3246; x_wconf 87' lang='lat' dir='ltr'>exhibita</span> <span class='ocrx_word' id='word_1_333' title='bbox 1192 3199 1335 3248; x_wconf 90' lang='lat' dir='ltr'>nobis</span> <span class='ocrx_word' id='word_1_334' title='bbox 1371 3217 1532 3265; x_wconf 91' lang='lat' dir='ltr'>nuper</span> <span class='ocrx_word' id='word_1_335' title='bbox 1566 3218 1658 3266; x_wconf 89' lang='lat' dir='ltr'>pro</span> <span class='ocrx_word' id='word_1_336' title='bbox 1690 3210 1832 3266; x_wconf 88' lang='lat' dir='ltr'>parte</span> <span class='ocrx_word' id='word_1_337' title='bbox 1866 3203 2027 3250; x_wconf 87' lang='lat' dir='ltr'>vestra</span> <span class='ocrx_word' id='word_1_338' title='bbox 2058 3201 2238 3265; x_wconf 90' lang='lat' dir='ltr'>peticio</span> 
     </span>
    </p>
   </div>
  </div>
 </body>
</html>
