2762 3834
39 740 46 978 1

40 1064 121 1334 ἴω
170 1172 224 1180 ..

42 1421 46 1560 !

42 1622 46 1723 ἰ

43 1726 45 1758 ι

43 1794 46 1824 ι

614 355 1042 409 REGISTRUM
1075 356 1173 405 DE
1210 355 1771 407 ABERBROTHOC.
2126 361 2223 415 375

172 495 370 559 pensum
406 491 698 541 duodecimo
735 491 814 539 die
846 489 1023 538 mensis
1061 488 1298 538 Octobris
1335 506 1465 537 anno
1498 490 1704 539 Domini
1737 498 1803 539 m⁰
1836 492 2221 556 quingentesimo

173 590 360 635 octauo,

172 834 366 921 Kepty
389 858 563 904 octaua
585 870 700 919 pars
725 870 838 902 cum
863 853 1023 902 crofta
1047 853 1238 902 fabrice
1265 872 1322 903 ac
1347 856 1492 903 domo
1519 857 1733 907 eiusdem
1759 858 2003 909 affedatur
2030 860 2221 909 Thome

169 949 388 1014 Peyrson
415 955 464 997 et
489 946 706 996 Mariote
731 946 901 1011 sponse
926 946 1021 994 sue.

263 1171 271 1179 .
325 1132 501 1180 Pateat
536 1171 544 1179 .
579 1169 588 1177 .
628 1169 637 1178 .
680 1148 770 1179 nos
795 1129 1070 1196 Georgium
1096 1130 1323 1178 abbatem
1360 1167 1371 1178 .
1410 1169 1420 1178 .
1456 1170 1465 1179 .
1500 1132 1560 1180 de
1585 1133 1805 1181 Arbroth
1846 1174 1854 1182 .
1898 1171 1908 1181 .
1947 1171 1957 1182 .
1999 1134 2222 1183 affedaffe

175 1264 184 1274 .
220 1263 229 1273 .
264 1264 274 1273 .
311 1224 504 1272 Thorne
529 1223 735 1272 Peirson
761 1230 810 1272 et
834 1222 1051 1271 Mariote
1073 1222 1242 1287 sponse
1267 1221 1348 1270 sue
1373 1223 1608 1271 moderne
1645 1261 1655 1272 .
1693 1262 1703 1272 .
1739 1262 1750 1273 .
1786 1226 2006 1274 oaauam
2032 1234 2221 1290 partem

171 1319 232 1366 de
267 1317 437 1382 Kepty
479 1355 488 1364 .
530 1356 538 1364 .
580 1355 589 1364 .
630 1333 687 1364 ac
730 1315 888 1364 eciam
932 1315 1141 1364 croftam
1178 1313 1394 1364 nostram
1435 1324 1660 1366 vocatam
1703 1318 1909 1367 croftam
1950 1319 2133 1369 fabrice
2159 1328 2223 1368 et

172 1416 323 1457 totam
347 1416 540 1473 partem
565 1408 738 1456 domus
763 1407 951 1456 fabrice
974 1424 1084 1456 cum
1112 1414 1221 1456 orto
1248 1409 1311 1457 ad
1345 1410 1553 1458 eandem
1578 1411 1824 1474 spectante
1850 1428 1879 1459 a
1902 1412 2047 1459 domo
2077 1412 2223 1476 ipfius

174 1501 366 1550 Thome
405 1518 553 1565 quam
591 1500 796 1565 pofl'edit
826 1499 1130 1548 hereditarie
1163 1501 1216 1548 in
1248 1501 1525 1549 feodifirma
1557 1519 1616 1550 ex
1647 1510 1790 1566 parte
1828 1502 2125 1552 occidentali
2160 1504 2223 1551 ad

173 1595 370 1642 domum
397 1593 476 1641 ubi
506 1610 639 1641 nunc
665 1600 832 1642 manet
854 1592 889 1641 J
893 1593 1114 1642 ohannes
1140 1592 1405 1659 Mathyson
1443 1611 1503 1642 ex
1538 1602 1678 1658 parte
1716 1595 1943 1644 orientali
1968 1612 2079 1644 cum
2116 1604 2224 1644 orto

176 1688 237 1734 ad
262 1703 368 1734 eam
394 1686 641 1750 spectante
677 1715 687 1724 ·
728 1684 981 1734 Soluendo
1026 1723 1037 1734 .
1083 1723 1093 1733 .
1133 1725 1142 1734 .
1185 1703 1275 1750 pro
1313 1689 1487 1734 octaua
1510 1678 1643 1735 dicta
1665 1695 1807 1751 parte
1832 1687 2064 1751 magistro
2095 1705 2223 1736 com-

177 1778 427 1827 munitatis
475 1778 682 1843 triginta
722 1788 823 1826 tres
870 1778 1048 1826 solidos
1088 1787 1137 1826 et
1176 1786 1389 1842 quatuor
1437 1779 1666 1827 denarios
1709 1819 1717 1827 .
1761 1819 1769 1827 .
1813 1817 1823 1826 .
1867 1787 2062 1828 monete
2109 1819 2118 1827 .
2162 1818 2171 1827 .
2214 1819 2223 1827 .

180 1869 349 1919 Scocie
386 1871 448 1919 ad
491 1911 499 1919 .
543 1908 553 1918 .
600 1907 611 1917 .
651 1871 890 1919 terminos
915 1870 1266 1920 Penthecostes
1291 1880 1341 1921 et
1369 1870 1535 1920 Sancti
1570 1871 1779 1920 Martini
1816 1911 1825 1919 .
1862 1909 1873 1920 .
1909 1909 1917 1918 .
1960 1880 2009 1920 et
2045 1873 2226 1920 ducent

233 2002 241 2011 .
290 2003 307 2035 ·.
343 1964 464 2012 duos
496 1963 796 2028 plaustratus
826 1963 1082 2028 glebarum
1121 1964 1321 2028 quando
1359 1962 1552 2012 onerati
1589 1963 1774 2012 fuerint
1812 1993 1822 2003 ·
1859 1971 1909 2012 et
1942 1981 2032 2028 pro
2070 1964 2226 2012 crofta

175 2056 393 2120 predicta
431 2073 488 2104 ac
531 2056 676 2103 domo
718 2055 906 2103 fabrice
950 2073 1061 2103 cum
1103 2063 1213 2104 orto
1260 2056 1451 2105 soluent
1490 2096 1499 2104 .
1545 2096 1553 2104 .
1603 2095 1611 2104 .
1662 2055 1920 2104 tresdecim
1962 2055 2138 2104 solidos
2177 2065 2224 2103 et

177 2157 385 2212 quatuor
409 2148 640 2197 denarios
665 2155 862 2197 monete
885 2148 1106 2212 predicte
1143 2150 1207 2197 ad
1243 2149 1365 2198 duos
1403 2150 1520 2197 anni
1547 2149 1783 2197 terminos
1808 2157 1861 2198 ut
1884 2150 2128 2213 prefatum
2154 2149 2224 2198 est

286 2281 295 2289 .
343 2240 578 2305 magistro
602 2240 788 2289 fabrice
829 2280 837 2289 .
878 2281 886 2290 .
929 2281 938 2289 .
984 2240 1197 2290 Necnon
1237 2282 1245 2290 .
1287 2282 1295 2290 .
1337 2282 1345 2290 .
1395 2240 1734 2290 sustentabunt
1758 2241 1997 2304 prefatam
2024 2241 2220 2288 domum

284 2374 292 2382 .
335 2335 387 2382 in
413 2334 639 2382 omnibus
664 2333 871 2382 edificiis
897 2334 992 2382 suis
1022 2373 1030 2382 .
1065 2373 1074 2382 .
1110 2374 1119 2382 .
1150 2342 1298 2397 prout
1322 2333 1576 2381 inuenitur
1601 2340 1821 2395 tempore
1845 2331 2076 2379 introitus
2113 2370 2121 2378 .
2160 2369 2168 2378 .
2208 2369 2217 2379 .

176 2425 239 2475 Et
282 2464 292 2474 .
338 2464 349 2474 .
396 2464 406 2474 .
451 2425 487 2474 fi
524 2426 798 2475 defecerint
842 2463 853 2474 .
899 2462 909 2474 .
957 2463 967 2475 .
1014 2427 1065 2474 in
1103 2427 1269 2490 aliquo
1314 2463 1324 2473 .
1371 2463 1381 2473 .
1429 2464 1436 2472 .
1479 2431 1627 2488 prout
1661 2424 1713 2471 in
1760 2460 1770 2471 .
1817 2460 1827 2470 .
1873 2460 1884 2470 .
1927 2420 2218 2470 affedatione

177 2519 455 2567 continetur
495 2518 665 2567 licebit
702 2518 845 2566 nobis
890 2556 899 2566 .
947 2556 957 2567 .
1003 2556 1014 2567 .
1062 2518 1145 2583 [de
1181 2516 1435 2583 predictis]
1482 2554 1493 2564 .
1536 2553 1546 2563 .
1593 2554 1603 2563 .
1650 2515 1906 2579 disponere
1941 2542 1951 2552 ·
1983 2514 2218 2563 Preterea

177 2611 373 2660 venient
410 2651 417 2660 .
462 2650 471 2659 .
515 2650 524 2659 .
563 2611 625 2659 ad
648 2594 820 2659 vomnes,
843 2610 1034 2658 nostras
1059 2611 1222 2660 curias
1246 2610 1298 2657 in
1323 2607 1605 2656 Almeraria
1631 2614 1789 2656 tentas
1831 2646 1839 2654 .
1884 2646 1892 2654 .
1936 2646 1945 2654 .
1990 2604 2215 2670 Sigillum

280 2743 289 2752 .
333 2703 537 2768 capituli
578 2743 587 2751 .
625 2743 634 2752 .
672 2742 681 2752 .
723 2703 1032 2767 presentibus
1065 2703 1137 2751 est
1160 2701 1426 2768 appensum
1463 2699 1655 2748 decimo
1687 2699 1842 2747 tercio
1880 2698 1960 2748 die
1987 2697 2214 2747 Offlmbris

176 2812 302 2843 anno
326 2795 531 2844 Domini
555 2802 622 2843 m⁰
647 2795 883 2860 quingen⁰
907 2797 1094 2843 mazano,
