2586 3834
234 859 329 907 509

232 2934 328 2977 510

379 363 474 408 402
826 350 1245 405 REGISTRUM
1265 349 1374 399 DE
1408 345 1963 397 ABERBROTHOC.

383 559 751 631 Molendinum
775 577 913 624 iuxta
937 574 1164 622 Burntun
1190 572 1250 619 de
1276 569 1410 617 Athe
1435 576 1485 617 et
1508 567 1714 616 dimidia
1746 585 1861 633 pars
1897 569 1958 617 de
1994 569 2040 617 le
2075 568 2206 618 Estir
2241 569 2408 619 Grene

381 672 654 721 affedantur
677 669 712 717 J
715 667 895 716 ohanni
918 665 1040 729 Myl.

379 830 505 901 Nos
554 848 799 911 Georgius
849 883 858 893 .
910 882 921 893 .
972 880 983 893 .
1032 844 1180 892 abbas
1232 881 1241 891 .
1293 880 1304 890 .
1356 880 1366 890 .
1416 843 1477 890 de
1525 842 1751 891 Arbroth
1798 881 1808 891 .
1858 879 1868 890 .
1917 881 1926 890 .
1975 841 2242 891 affedamus
2285 881 2294 889 .
2340 880 2350 891 .
2397 880 2407 890 .

377 941 411 988 J
414 937 734 987 ohanni‘Mill
756 934 1069 999 carpentario
1095 941 1144 982 et
1168 933 1389 982 Roberto
1414 933 1524 999 Myl
1546 934 1648 982 filio
1675 934 1781 983 eius
1822 973 1830 983 .
1874 973 1883 982 .
1929 971 1941 982 .
1983 934 2203 983 nostrum
2227 935 2409 984 molen·

378 1032 544 1079 dinum
570 1029 734 1077 iacens
757 1028 896 1076 iuxta
920 1026 1178 1075 Bruntone
1204 1026 1265 1073 de
1290 1025 1431 1090 Athy
1450 1025 1700 1090 wlgariter
1724 1034 1950 1075 vocatum
1968 1026 2140 1091 Raysls
2164 1026 2275 1092 Myl
2299 1044 2410 1075 cum

376 1122 468 1168 suis
510 1157 520 1167 .
557 1159 566 1168 .
604 1156 614 1167 .
652 1117 972 1182 pertinenciis
1016 1154 1026 1164 .
1063 1154 1073 1164 .
1120 1154 1131 1164 .
1171 1116 1348 1180 quibus
1388 1117 1671 1181 gaudebant
1712 1125 1827 1166 ante
1873 1117 2227 1167 confeffionem
2273 1118 2409 1166 istius

376 1209 682 1260 affedationis
720 1237 730 1248 ·
770 1226 828 1257 ac
853 1208 1010 1257 eciam
1054 1245 1065 1256 .
1111 1244 1121 1255 .
1166 1244 1179 1255 .
1222 1207 1580 1258 dimidietatem
1614 1217 1747 1259 terre
1782 1210 1834 1275 ly
1858 1209 2160 1275 Estyrgrene
2184 1211 2245 1259 de
2270 1210 2409 1275 Athy

378 1341 388 1351 .
431 1341 441 1351 .
486 1339 498 1351 .
540 1318 631 1366 pro
656 1309 760 1350 toto
784 1308 1004 1365 tempore
1028 1300 1130 1349 vite
1153 1301 1424 1349 eorundem
1466 1337 1478 1349 .
1522 1337 1534 1348 .
1581 1338 1593 1348 .
1635 1300 1921 1365 incipiendo
1950 1301 2031 1350 die
2066 1302 2181 1351 date
2215 1301 2408 1366 presen-

377 1394 504 1442 cium
541 1430 552 1441 .
592 1430 603 1441 .
642 1429 653 1440 .
693 1391 941 1442 soluendo
982 1429 993 1440 .
1032 1429 1043 1440 .
1085 1429 1096 1440 .
1132 1409 1223 1456 pro
1261 1428 1273 1440 .
1311 1429 1322 1440 .
1361 1429 1373 1439 .
1409 1391 1694 1441 molendino
1725 1392 2086 1457 quinquaginta
2109 1400 2208 1442 tres
2232 1393 2409 1441 solidos

375 1492 424 1533 et
448 1491 658 1548 quatuor
682 1483 912 1531 denarios
956 1519 967 1530 .
1013 1520 1024 1530 .
1070 1499 1094 1530 .’
1128 1490 1325 1531 monete
1363 1520 1374 1532 .
1511 1482 1685 1533 Seocie
1710 1484 1775 1532 ad
1912 1521 1923 1532 .
1960 1483 2083 1534 festa
2125 1521 2136 1532 .
2181 1522 2192 1532 .
2233 1522 2244 1532 .
2284 1484 2408 1532 Pen-

374 1574 614 1623 theeostes
654 1582 702 1622 et
743 1572 909 1623 Sanffi
952 1573 1160 1622 Martini
1203 1611 1215 1622 .
1255 1611 1265 1621 .
1307 1610 1317 1623 .
1355 1592 1413 1623 ac
1457 1612 1467 1623 .
1514 1613 1524 1623 .
1569 1613 1581 1624 .
1624 1591 1716 1640 pro
1752 1575 1804 1641 ly
1840 1574 2141 1642 Estyrgrene
2184 1614 2195 1624 .
2238 1614 2248 1624 .
2293 1614 2303 1624 .
2347 1578 2409 1624 ad

376 1665 611 1714 terminos
636 1665 867 1713 vietualia
899 1664 1121 1713 soluendi
1146 1667 1254 1713 οᾶο
1278 1665 1435 1714 bollas
1459 1666 1598 1714 ordei
1621 1666 1739 1715 boni
1763 1673 1813 1715 et
1835 1666 1949 1731 puri
1981 1694 1991 1705 ·
2021 1673 2075 1714 et
2098 1666 2273 1730 viginti
2309 1674 2408 1714 tres

374 1756 552 1804 solidos
574 1763 771 1804 monete
793 1756 1016 1820 predifi'oe
1041 1758 1104 1805 ad
1128 1757 1364 1805 terminos
1386 1757 1634 1821 predfflcos
1671 1796 1680 1806 .
1715 1786 1727 1806 v.
1765 1796 1775 1806 .
1813 1775 1924 1806 cum
1946 1757 2325 1823 sexcaponibus
2360 1767 2408 1807 et

375 1849 580 1897 totidem
602 1848 750 1912 pullis
777 1849 957 1897 adultis
983 1880 994 1890 ·
1020 1849 1086 1898 Et
1110 1849 1368 1898 inuenient
1390 1850 1532 1897 nobis
1551 1866 1709 1898 vnum·
1725 1849 2163 1914 seruum‘tempore
2187 1851 2409 1899 autumni

377 1940 441 1987 ad
474 1938 755 1987 metendum
792 1945 842 1987 et
874 1939 1545 1988 introducendummostrum
1574 1957 1785 2005 granum
1819 1941 1871 1989 10
1906 1941 2016 1989 1000
2051 1941 2314 2005 principali
2349 1942 2409 1989 de

378 2028 518 2093 Athy
542 2028 674 2076 omni
698 2045 828 2076 anno
852 2028 987 2078 salua
1015 2028 1102 2078 fibi
1139 2032 1367 2080 marcede
1400 2032 1486 2081 sua
1521 2032 1641 2081 ficut
1675 2032 1759 2081 alii
1795 2033 1922 2081 serui
1953 2033 2135 2081 habent
2172 2059 2181 2069 ·
2218 2032 2283 2081 Et
2319 2050 2407 2096 pro

379 2120 511 2167 omni
552 2119 648 2167 alio
690 2119 897 2168 seruicio
939 2129 988 2169 et
1028 2137 1177 2169 onere
1215 2122 1346 2171 idem
1386 2122 1643 2171 Johannes
1680 2123 1861 2173 seruiet
1901 2124 2041 2172 nobis
2083 2123 2136 2171 10
2179 2124 2262 2171 sua
2302 2132 2406 2171 arte

378 2211 688 2275 carpentaria
710 2228 800 2275 pro
825 2211 908 2259 suo
933 2211 1174 2276 stipendio
1200 2231 1291 2262 000
1312 2212 1525 2280 [licebit]
1551 2230 1663 2262 eum
1679 2214 1891 2263 conduci
1915 2213 2096 2262 alicubi
2122 2214 2155 2262 fi
2179 2215 2405 2278 primitus

375 2302 525 2350 fuerit
548 2302 611 2350 ad
635 2317 833 2365 operam
858 2301 1071 2351 nostram
1098 2302 1401 2371 [requifitus]
1427 2326 1438 2345 ··
1464 2304 1701 2354 Preterea
1725 2306 1759 2353 fi
1792 2341 1803 2353 .
1832 2342 1843 2353 .
1872 2329 1884 2353 .·
1921 2305 2048 2354 male
2070 2305 2405 2369 persoluentes

382 2391 519 2456 [eto.]
568 2429 580 2439 .
621 2428 633 2440 .
670 2431 680 2441 .
728 2391 881 2456 Apud
928 2429 939 2440 .
981 2430 992 2441 .
1035 2431 1046 2442 .
1086 2395 1356 2458 capitulum
1399 2396 1625 2444 vicesimo
1667 2397 1748 2445 die
1788 2395 1963 2444 menfis
2001 2395 2231 2444 Januarii
2276 2413 2404 2444 anno

378 2481 583 2530 Domini
606 2482 857 2531 millefimo
882 2484 1270 2548 quingentesimo
1294 2487 1501 2535 (10011110.

380 2728 587 2801 0801110
610 2750 732 2799 Pars
754 2752 974 2817 Grangie
998 2754 1060 2802 de
1085 2754 1325 2805 Connane
1350 2757 1593 2807 assedatur
1614 2757 1650 2807 J
1652 2757 2023 2822 ohanni:Rany.

380 2967 389 2977 .
522 2929 695 2978 Pateat
744 2946 767 2977 ·.·
795 2968 809 2979 .
854 2967 866 2980 .
905 2948 995 2980 nos
1021 2932 1291 2999 Georgium
1332 2974 1342 2984 .
1386 2976 1395 2984 .
1438 2975 1450 2985 .
1491 2939 1713 2988 abbatem
1761 2976 1772 2987 .
1817 2976 1829 2987 .
1872 2978 1881 2987 .
1926 2940 1986 2988 de
2011 2940 2233 2988 Arbroth
2277 2977 2287 2987 .
2332 2977 2342 2987 .
2388 2977 2398 2988 .

379 3018 600 3067 affedaffe
640 3056 652 3067 .
691 3056 703 3068 .
742 3056 753 3067 .
791 3019 1011 3069 Johanni
1046 3022 1189 3088 Rany
1221 3032 1270 3073 et
1307 3025 1522 3075 Cristine
1556 3029 2111 3092 sponse-:sue‘·moderne
2137 3038 2185 3079 et
2210 3030 2400 3079 Thome

380 3108 524 3172 Rany
548 3109 648 3156 filio
692 3146 702 3156 .
747 3146 757 3157 .
803 3146 813 3157 .
854 3110 1098 3159 Johannis
1141 3150 1151 3160 .
1190 3151 1199 3161 .
1239 3151 1249 3161 .
1290 3117 1510 3166 odanam
1535 3127 1726 3183 partam
1753 3120 1867 3169 ville
1891 3120 2054 3170 nostre
2082 3122 2303 3186 Grangie
2341 3123 2400 3169 de

2573 3606 2579 3788 Ξ
