2742 3848
565 371 664 421 536
1202 375 1500 426 CARTAE
1539 374 2010 426 ORIGINALES.

562 585 920 660 Confirmacio
944 604 1077 669 regis
1104 602 1313 652 Roberti
1339 602 1402 650 de
1427 602 1564 651 tostis
1589 602 1652 650 de
1678 601 1834 651 Perth
1867 630 1878 641 ·
1910 604 1972 653 de
1998 602 2179 653 Forfar
2209 632 2219 643 ·
2252 612 2302 654 et
2325 605 2638 656 libertatibus

561 701 816 750 toftorum.

413 886 507 937 III.
563 866 840 938 Robcrtus
881 922 890 931 .
937 920 946 931 .
994 919 1005 930 .
1047 898 1139 931 rex
1167 880 1502 931 Scottorum.
1546 921 1556 931 .
1595 921 1604 930 .
1643 883 1874 933 omnibus
1915 923 1926 933 .
1966 924 1976 934 .
2020 923 2030 934 .
2072 885 2279 935 salutem
2305 914 2316 924 ·
2343 884 2524 936 Sciatis
2548 904 2639 936 nos

398 2572 490 2623 IV.

557 976 815 1044 inspexisse
854 1014 865 1025 .
904 1014 914 1025 .
951 1013 961 1024 .
1001 981 1165 1024 cartas
1195 1013 1206 1024 .
1244 1012 1256 1023 .
1293 1012 1304 1024 .
1343 974 1590 1025 Willelmi
1614 977 1749 1042 regis
1771 975 1948 1027 Scocie
1973 979 2036 1028 de
2062 979 2203 1029 toftis
2230 980 2293 1029 de
2318 979 2474 1030 Perth
2502 988 2552 1030 et
2575 982 2638 1031 de

555 1072 735 1122 Forfar
761 1077 810 1120 et
835 1070 897 1119 de
921 1067 1240 1119 libertatibus
1264 1068 1506 1121 toftorum
1531 1068 1833 1118 monasterio
1870 1109 1880 1119 .
1917 1109 1927 1119 .
1967 1109 1976 1120 .
2016 1071 2079 1121 de
2105 1071 2479 1124 Abbirbrothoc
2517 1112 2527 1123 .
2572 1113 2582 1124 .
2625 1114 2635 1123 .

555 1163 804 1216 concessas
839 1163 894 1212 in
928 1162 1024 1212 hec
1059 1162 1216 1211 verba
1256 1191 1267 1202 ·
1311 1161 1592 1212 Willelmus
1631 1162 1739 1212 Dei
1767 1164 1942 1228 gracia
1977 1182 2067 1214 rex
2094 1164 2382 1216 Scottorum
2408 1168 2637 1217 omnibus

558 1259 674 1325 [etc.
702 1258 833 1308 utin
860 1256 979 1307 Vol.
1005 1255 1048 1305 I.
1080 1255 1181 1304 Nn.
1212 1259 1289 1315 10,
1321 1259 1399 1315 11,
1431 1259 1510 1315 12,
1541 1255 1645 1322 13.]
1699 1293 1710 1305 .
1762 1295 1773 1305 .
1822 1297 1831 1306 .
1884 1256 2024 1316 Quas
2058 1258 2261 1324 quidem
2301 1268 2466 1310 cartas
2506 1300 2518 1310 .
2568 1301 2577 1311 .
2626 1302 2636 1311 .

551 1353 906 1418 inperpetuum
931 1350 1284 1399 confirmamus
1310 1378 1320 1390 ·
1348 1348 1411 1398 In
1438 1349 1580 1398 cuius
1604 1350 1679 1398 rei
1701 1350 2040 1400 testimonium
2065 1352 2285 1418 presenti
2308 1363 2446 1405 carte
2467 1355 2634 1405 nostre

552 1445 763 1511 sigillum
806 1444 1030 1493 nostrum
1070 1442 1388 1508 precepimus
1430 1443 1618 1509 apponi
1660 1471 1671 1481 ·
1714 1444 1920 1494 testibus
1970 1483 1981 1493 .
2030 1485 2041 1495 .
2091 1485 2100 1494 .
2145 1445 2401 1496 Willelmo
2444 1447 2634 1499 Sancti-

550 1541 737 1589 andree
777 1568 787 1578 ·
828 1537 1056 1587 Henrico
1082 1536 1434 1587 Aberdonenfi
1471 1567 1483 1578 ·
1524 1537 1698 1587 Dauid
1728 1537 2037 1588 Morauienfi
2062 1548 2113 1590 et
2136 1539 2173 1589 J
2176 1540 2374 1591 ohanne
2410 1541 2632 1609 Brechy-

548 1631 687 1682 nenfi
729 1670 739 1681 .
779 1672 789 1681 .
828 1671 836 1680 .
879 1630 1123 1696 episcopis
1162 1660 1173 1670 ·
1213 1629 1382 1680 Adam
1422 1630 1593 1697 priore
1639 1630 1999 1683 Sanctiandree
2038 1662 2049 1672 ·
2091 1633 2312 1701 Hugone
2352 1636 2532 1686 abbate
2569 1638 2632 1688 de

546 1726 919 1793 Dunfermelyn
969 1753 979 1763 ·
1026 1725 1279 1775 Edwardo
1327 1726 1390 1775 de
1438 1725 1605 1792 Bruys
1653 1725 1857 1774 domino
1909 1726 2159 1777 Galwidie
2206 1728 2365 1778 fratre
2412 1729 2582 1779 nostro
2620 1762 2629 1771 ·

546 1820 720 1870 Dauid
763 1820 944 1869 comite
987 1818 1196 1869 Atholie
1245 1818 1619 1868 constabulario
1666 1819 1837 1868 nostro
1890 1818 2066 1870 Scocie
2116 1851 2125 1861 ·
2181 1821 2379 1871 Thoma
2427 1823 2629 1873 Ranulfi

548 1915 730 1964 comite
757 1913 989 1963 Morauie
1013 1921 1197 1979 nepote
1221 1912 1391 1962 nostro
1425 1942 1436 1953 ·
1471 1921 1521 1963 et
1545 1913 1819 1963 Malcolmo
1846 1915 2028 1965 comite
2054 1916 2116 1965 de
2142 1915 2417 1966 Leuenanx
2449 1945 2459 1955 ·
2494 1921 2629 1983 apud

545 2008 760 2057 Fontem
787 2006 964 2058 Scocie
990 2024 1122 2058 anno
1148 2007 1294 2073 regni
1319 2007 1476 2056 nostri
1501 2007 1727 2074 septimo.

542 2362 718 2435 Carta
742 2382 875 2449 regis
901 2382 1113 2432 Roberti
1138 2383 1200 2431 de
1224 2382 1460 2432 libertate
1483 2390 1619 2431 terre
1645 2383 1708 2431 de
1734 2381 1983 2449 Tarvays.

544 2549 822 2622 Robertus
865 2611 874 2620 .
919 2609 928 2618 .
973 2609 983 2618 .
1026 2587 1118 2620 rex
1159 2569 1446 2621 Scottorum
1481 2570 1710 2620 omnibus
1755 2609 1766 2620 .
1810 2609 1820 2620 .
1863 2609 1873 2619 .
1916 2570 2122 2621 salutem
2162 2601 2171 2611 -
2214 2570 2394 2622 Sciatis
2425 2572 2542 2638 [etc.
2568 2582 2623 2622 ut

541 2664 596 2712 in
634 2664 754 2713 Vol.
791 2663 833 2713 I.
878 2664 979 2714 No.
1015 2664 1156 2731 278]
1213 2702 1224 2713 .
1275 2703 1284 2713 .
1334 2704 1345 2714 .
1395 2663 1631 2713 Testibus
1691 2701 1703 2713 .
1763 2700 1775 2712 .
1835 2702 1844 2711 .
1899 2662 2156 2713 Willelmo
2207 2662 2568 2715 Sanctiandree
2611 2695 2619 2702 ·

543 2756 771 2805 Henrico
791 2756 1128 2806 Abirdonenfi
1161 2786 1171 2796 ·
1206 2757 1459 2806 Nicholao
1484 2755 1831 2806 Dunblanenfi
1862 2784 1872 2794 ·
1904 2763 1954 2806 et
1978 2756 2015 2806 J
2018 2756 2215 2806 ohanne
2242 2757 2619 2825 Brechynnenfi

602 2888 611 2897 .
658 2888 667 2898 .
712 2849 957 2914 episcopis
995 2879 1006 2888 ·
1046 2850 1298 2898 Edwardo
1340 2850 1403 2899 de
1445 2850 1612 2916 Bruys
1654 2850 1857 2899 domino
1908 2849 2170 2899 Galwadie
2209 2850 2365 2900 fratre
2406 2852 2572 2902 nostro
2610 2881 2619 2891 ·

545 2941 804 2992 Willelmo
847 2942 1029 2991 comite
1071 2941 1292 2991 Roffenfi
1337 2967 1349 2980 ·
1398 2941 1671 2992 Malcolmo
1713 2943 1895 2993 comite
1938 2943 2000 2993 de
2039 2943 2311 2993 Leuenaux
2361 2975 2371 2984 -
2424 2944 2620 2994 Thoma

545 3035 803 3101 Ranulphi
844 3042 1028 3101 nepote
1070 3035 1240 3084 nostro
1287 3063 1298 3074 ·
1347 3043 1398 3084 et
1448 3035 1679 3085 Gilberto
1728 3036 1790 3085 de
1839 3036 1992 3102 Haya
2039 3035 2404 3086 constabulario
2451 3038 2620 3087 nostro

549 3129 725 3180 Scocie
753 3161 762 3171 -
788 3129 1029 3179 militibus
1054 3155 1064 3165 ·
1089 3129 1223 3193 apud
1249 3127 1436 3177 Dunde
1469 3129 1767 3178 duodecimo
1792 3128 1874 3178 die
1900 3129 2095 3194 Aprilis
2121 3147 2253 3179 anno
2289 3131 2434 3196 regni
2463 3132 2619 3180 nostri

548 3222 720 3287 septim
727 3240 770 3271 ο.
