2762 3834
561 434 625 479 34
1008 419 1436 475 REGISTRUM
1468 416 1566 467 DE
1602 411 2167 465 ABERBROTHOC.

564 633 738 706 Carta
760 651 999 703 territorii
1025 651 1086 699 de
1112 645 1373 697 Glammis.

451 830 514 873 35
567 810 828 883 Omnibus
865 864 877 876 .
917 864 929 876 .
967 864 978 875 .
1015 825 1272 874 Johannes
1311 858 1322 870 .
1363 859 1375 869 .
1415 859 1425 869 .
1463 818 1657 885 [abbas]
1693 856 1705 868 .
1747 855 1759 867 .
1799 855 1810 868 .
1849 819 1911 867 de
1934 818 2275 870 Abirbrothoc
2300 857 2313 869 .
2341 858 2353 869 .
2382 858 2394 870 .
2419 822 2631 872 salutem

630 959 641 970 .
691 958 702 969 .
750 918 966 968 Nouerit
990 914 1283 966 vniuerfitas
1308 913 1472 962 vestra
1487 929 1585 961 'nos
1611 910 1856 961 beneficia
1881 910 1923 963 ,J
1926 910 2137 961 ohannis
2173 912 2353 979 Lyoun
2378 914 2431 962 in
2455 914 2626 964 labore

566 1012 765 1064 consilio
790 1019 839 1061 et
864 1010 1051 1061 auxilio
1074 1010 1218 1057 nobis
1257 1045 1267 1056 .
1308 1044 1319 1055 .
1359 1043 1370 1055 .
1407 1004 1753 1070 multipliciter
1784 1004 2007 1069 impensa
2031 1011 2081 1054 et
2102 1005 2236 1055 facta
2260 1006 2628 1058 confiderantes

567 1146 577 1156 .
618 1145 629 1155 .
669 1143 680 1154 .
717 1102 955 1168 solempni
996 1103 1209 1151 tradsatu
1249 1099 1302 1148 in
1343 1098 1561 1162 capitulo
1602 1096 1771 1147 nostro
1811 1097 2078 1162 prehabito
2117 1136 2128 1147 .
2169 1136 2181 1148 .
2222 1136 2233 1147 .
2271 1106 2322 1148 et
2359 1137 2371 1148 .
2411 1136 2423 1148 .
2462 1137 2474 1148 .
2513 1117 2628 1149 con-

564 1198 700 1249 sensu
751 1235 762 1246 .
814 1234 824 1245 .
876 1233 888 1244 .
936 1193 1092 1243 nostri
1117 1192 1323 1257 capituli
1373 1229 1384 1240 .
1436 1229 1448 1240 .
1501 1228 1512 1240 .
1561 1192 1626 1241 ad
1650 1191 1992 1241 feodofirmam
2019 1191 2248 1240 dimisisse
2293 1230 2304 1240 .
2350 1230 2361 1241 .
2409 1230 2420 1240 .
2468 1192 2629 1242 eidem

564 1292 598 1341 J
601 1289 784 1341 ohanni
809 1289 985 1354 Lyovn
1025 1325 1036 1336 .
1075 1324 1086 1335 .
1127 1323 1139 1335 .
1176 1293 1362 1335 terram
1387 1285 1452 1333 ad
1474 1301 1567 1333 nos
1603 1321 1623 1335 .,
1656 1322 1668 1334 .
1708 1322 1720 1334 .
1756 1284 1890 1334 infra
1922 1285 2232 1335 territorium
2268 1287 2330 1335 de
2369 1286 2631 1353 Glammys

564 1386 898 1451 pertinentem
921 1409 932 1421 ·
959 1381 1252 1430 Tenendam
1272 1417 1303 1449 ί.
1343 1416 1355 1428 .
1395 1415 1408 1426 .
1445 1378 1655 1427 liberam
1681 1395 1712 1428 a
1734 1377 1986 1428 solucione
2011 1378 2205 1428 decime
2228 1379 2446 1444 garbalis
2472 1379 2633 1429 cuius-

568 1494 761 1542 cunque
786 1475 947 1524 eidem
970 1473 1006 1523 J
1009 1472 1192 1522 ohanni
1218 1479 1268 1521 et
1290 1471 1560 1521 heredibus
1584 1470 1685 1521 suis
1715 1508 1727 1520 .
1766 1507 1778 1520 .
1818 1508 1829 1518 .
1866 1471 1921 1520 in
1945 1471 2094 1522 feodo
2119 1478 2170 1520 et
2193 1471 2476 1521 hereditate
2517 1509 2529 1521 .
2570 1509 2581 1521 .
2624 1510 2634 1520 .

568 1588 678 1620 cum
703 1569 930 1619 omnibus
968 1605 979 1617 .
1018 1604 1031 1616 .
1071 1604 1082 1615 .
1118 1565 1259 1615 iustis
1293 1565 1622 1631 pertinenciis
1657 1564 1754 1613 suis
1776 1565 2165 1631 zquibuscunque
2203 1602 2215 1614 .
2255 1603 2266 1614 .
2306 1602 2318 1614 .
2355 1565 2634 1614 Reddendo

567 1665 683 1714 inde
709 1662 966 1713 annuatim
993 1699 1003 1710 .
1034 1699 1044 1709 .
1073 1698 1083 1710 .
1111 1660 1443 1726 quadraginta
1466 1658 1647 1708 solidos
1672 1658 2024 1725 sterlingorum
2049 1659 2113 1708 ad
2136 1657 2259 1707 festa
2282 1658 2636 1708 Penthecostes

572 1767 621 1807 et
648 1754 1056 1808 SanctiMartini
1090 1754 1143 1802 in
1183 1770 1325 1819 yeme
1365 1791 1376 1801 .
1417 1790 1427 1801 .
1467 1790 1479 1801 .
1517 1759 1568 1801 et
1604 1751 1836 1801 faciendo
1860 1769 2026 1802 .vnam
2064 1753 2243 1802 sectam
2292 1753 2431 1802 curie
2470 1753 2636 1801 nostre

572 1850 770 1916 capitali
809 1849 941 1914 apud
981 1847 1279 1900 Carnconan
1319 1846 1579 1897 annuatim
1618 1846 1835 1895 tenende
1873 1845 2101 1910 proxime
2135 1846 2246 1910 post
2281 1846 2459 1896 festum
2492 1846 2638 1895 Beati

574 1943 834 1993 Michaelis
873 1950 1066 1993 tantum
1102 1959 1194 2007 pro
1233 1979 1244 1990 .
1284 1979 1295 1990 .
1337 1979 1348 1990 .
1385 1939 1609 1989 seruiciis
1647 1976 1658 1989 .
1699 1977 1710 1988 .
1738 1977 1763 1988 ..
1802 1957 1899 2004 que
1935 1939 1998 1989 de
2035 1939 2167 1988 diota
2201 1947 2338 1989 terra
2379 1940 2515 2006 exigi
2552 1957 2638 2005 po·

574 2044 741 2086 terunt
789 2074 800 2085 .
852 2073 863 2084 .
906 2073 929 2084 ,.
978 2035 1115 2085 salua
1160 2034 1304 2084 nobis
1351 2033 1614 2099 regalitate
1662 2033 1725 2082 in*
1763 2042 1901 2083 terra
1945 2031 2173 2098 predicta
2220 2062 2230 2073 ·
2280 2033 2421 2082 Idem
2481 2033 2639 2082 eciam

572 2130 607 2179 J
610 2130 828 2178 ohannes
854 2135 903 2177 et
925 2128 1134 2177 heredes
1159 2127 1232 2176 sui
1256 2127 1450 2177 nobis..
1491 2164 1502 2175 .
1543 2164 1554 2176 .
1592 2129 1883 2179 fidelitatem
1917 2130 2105 2180 facient
2128 2148 2221 2195 pro
2247 2138 2397 2180 terra·
2417 2131 2641 2196 predicta

573 2223 749 2287 quibus
773 2222 911 2271 nullo
932 2222 1082 2272 modo
1108 2221 1279 2270 licebit
1303 2221 1485 2269 dicaam
1526 2227 1710 2270 terram
1752 2220 1852 2270 sine
1888 2222 2057 2271 nostro
2095 2260 2106 2272 .
2148 2260 2159 2272 .
2199 2261 2211 2272 .
2250 2223 2487 2272 consensu
2525 2261 2536 2272 .
2578 2261 2588 2273 .
2630 2261 2640 2272 .

574 2317 799 2383 vendere*
815 2316 1092 2379 cuicunque
1118 2315 1198 2363 vel
1222 2331 1314 2379 pro
1339 2321 1584 2379 perpetuo
1613 2314 1958 2380 impignorare
1983 2315 2083 2364 fiue
2109 2316 2230 2364 dare
2267 2343 2278 2355 ·
2313 2315 2376 2365 In
2402 2316 2543 2365 cuius
2567 2316 2641 2364 rei

576 2409 906 2459 testimonium
929 2409 1145 2474 presenti
1172 2416 1307 2458 carte
1332 2407 1498 2457 nostre
1519 2425 1612 2473 per
1638 2408 1839 2472 modum
1865 2409 2151 2475 cyrograffy
2173 2409 2396 2458 confe6te
2421 2408 2642 2458 nostrum

579 2503 887 2567 apposuimus
910 2502 1121 2566 figillum
1148 2519 1408 2551 commune
1436 2533 1446 2543 ·
1473 2502 1618 2551 alteri
1645 2518 1762 2550 vero
1787 2502 1919 2567 parti
1943 2502 2091 2552 huius
2125 2512 2263 2553 carte
2287 2504 2501 2569 figillum
2526 2504 2642 2552 dicei

581 2595 825 2644 Johannis
869 2595 1144 2660 appofitum
1187 2595 1258 2643 est
1297 2603 1529 2659 patenter
1576 2624 1587 2634 ·
1635 2594 1758 2656 teste
1807 2596 1982 2644 eodem
2029 2595 2199 2644 nostro
2247 2597 2466 2662 capitulo
2509 2598 2643 2662 apud

1030 2687 1101 2712 ..ιο

586 2779 753 2827 tofimo
778 2778 1127 2843 septuagesimo
1143 2779 1343 2845 quinto,

589 2957 880 3030 Monefuth
909 2978 1093 3027 uicarie
1119 2979 1235 3027 vnio
1259 2996 1349 3043 per
1374 2980 1666 3030 Villelmum
1697 2981 2053 3033 Sanstiandree
2078 2982 2375 3048 episcopum.

474 3149 537 3195 :315
589 3124 869 3198 Uniuerfis
908 3181 919 3192 .
957 3181 968 3191 .
1008 3181 1019 3191 .
1058 3141 1259 3192 ecclesie
1295 3144 1410 3192 filiis
1449 3182 1460 3193 .
1496 3183 1506 3193 .
1546 3183 1557 3194 .
1583 3146 1860 3195 Willelmus
1899 3184 1910 3195 .
1951 3184 1962 3196 .
2002 3185 2013 3195 .
2051 3147 2256 3198 ecclesie
2291 3147 2645 3198 Sanfflandree

592 3236 814 3286 minister
854 3235 1053 3284 humilis
1095 3234 1297 3285 salutem
1338 3273 1348 3283 .
1389 3274 1399 3284 .
1440 3274 1450 3284 .
1491 3236 1617 3287 Cum
1658 3276 1668 3286 .
1709 3275 1720 3286 .
1760 3276 1771 3288 .
1810 3239 2015 3289 ecclesia
2050 3248 2101 3289 et
2140 3240 2493 3290 monasterium
2532 3279 2542 3290 .
2584 3279 2594 3290 .
2636 3280 2646 3289 .
