2762 3834
601 384 698 429 358
1050 374 1474 429 REGISTRUM
1507 372 1605 423 DE
1641 370 2199 422 ABERBROTHOC.

603 515 666 562 ad
713 514 952 562 orientem
995 541 1005 551 ·
1046 512 1163 559 item
1209 508 1426 573 quinque
1470 505 1647 554 solidos
1691 503 1845 552 annui
1884 503 2110 553 redditus
2151 505 2213 553 de
2251 512 2361 554 orto
2400 504 2650 554 «Iohannis

606 604 859 653 Hadstone
900 604 1093 651 iacente
1134 602 1186 649 in
1227 599 1459 648 Lorburn
1496 613 1557 645 ex
1598 603 1739 660 parte
1779 595 1983 645 australi
2019 584 2152 646 inter
2187 603 2374 645 terram
2407 597 2647 647 Willelmi

605 696 882 747 Cristesone
906 711 966 743 ex
990 702 1130 758 parte
1156 691 1385 740 orientali
1411 697 1460 738 et
1483 697 1668 738 terram
1696 687 1905 738 Roberti
1931 687 2048 738 Scot
2073 706 2130 737 ex
2155 696 2297 753 parte
2322 689 2618 739 occidentali
2635 719 2646 728 ·

603 790 718 836 item
754 787 827 834 iiii
851 802 873 834 s
898 793 947 834 et
973 784 1057 833 viii
1083 784 1115 832 d
1139 783 1291 831 annui
1326 782 1550 831 redditus
1585 782 1647 830 de
1683 788 1821 831 terra
1844 781 2096 847 Nycholai
2127 781 2337 831 Baxstar
2370 783 2564 831 iacente
2596 782 2649 850 in

602 879 831 927 Lorburn
856 893 915 924 ex
940 882 1080 940 parte
1106 873 1306 923 australi
1330 874 1463 922 inter
1498 881 1684 922 terram
1709 874 1988 923 Alexandri
2024 874 2228 924 Hunter
2251 875 2316 924 ad
2340 875 2649 923 occidentem
2716 855 2721 861 ⁸

604 980 650 1019 et
686 978 869 1018 terram
899 966 1099 1034 [meam]
1128 967 1380 1031 propriam
1417 965 1481 1014 ad
1516 966 1759 1015 orientem
1799 994 1810 1005 ·
1848 966 1968 1015 item
2001 966 2057 1015 iii
2087 984 2110 1015 s
2141 967 2294 1015 annui
2328 966 2552 1016 redditus
2588 968 2651 1015 de

604 1073 735 1110 terra
758 1061 793 1110 J
796 1059 1004 1109 ohannis
1029 1058 1231 1107 Akman
1266 1058 1463 1107 iacente
1488 1058 1540 1106 in
1565 1058 1797 1107 Lorburn
1822 1076 1882 1107 ex
1906 1066 2049 1123 parte
2083 1059 2263 1108 boriali
2298 1059 2431 1109 inter
2467 1067 2651 1108 terram

603 1154 654 1202 N
656 1153 852 1219 ycholai
879 1151 1085 1201 Baxstar
1110 1152 1174 1199 ad
1199 1150 1440 1200 orientem
1466 1157 1515 1199 et
1539 1157 1722 1199 terram
1750 1150 1944 1201 Thome
1979 1151 2191 1217 Cowper
2216 1152 2281 1201 ad
2304 1152 2615 1201 occidentem
2641 1179 2652 1189 ·

604 1248 720 1295 item
759 1245 865 1294 xiiii
900 1262 922 1292 s
955 1252 1003 1293 et
1037 1244 1123 1292 viii
1161 1244 1193 1291 d
1229 1243 1383 1291 annui
1417 1243 1642 1292 redditus
1678 1243 1740 1292 de
1776 1252 1912 1293 terra
1942 1243 2157 1293 Walteri
2198 1242 2316 1294 Seot
2355 1225 2550 1293 iacente
2591 1261 2652 1293 ex

604 1347 743 1403 parte
768 1335 1065 1386 occidentali
1089 1337 1150 1385 de
1178 1334 1393 1401 Cobgait
1418 1335 1549 1386 inter
1574 1343 1758 1385 terram
1782 1336 1818 1385 J
1820 1336 2030 1385 ohannis
2068 1335 2351 1402 Cummyng
2375 1337 2438 1386 ad
2461 1337 2652 1386 boriam

605 1440 651 1479 et
690 1440 871 1479 terram
912 1429 947 1478 J
950 1429 1159 1477 ohannis
1199 1427 1412 1478 Carvale
1448 1428 1515 1477 ad
1552 1428 1770 1477 austrum
1808 1457 1819 1468 ·
1858 1429 1977 1478 item
2009 1429 2082 1477 iiii
2121 1446 2143 1477 s
2184 1430 2246 1478 de
2282 1437 2417 1478 terra
2440 1429 2654 1478 Walteri

606 1523 811 1572 Baxstar
847 1523 1039 1571 iacente
1071 1539 1132 1570 ex
1166 1528 1308 1586 parte
1343 1520 1574 1569 orientali
1607 1522 1669 1570 de
1700 1521 1752 1587 ly
1778 1520 1997 1570 Brothac
2032 1521 2165 1571 inter
2200 1529 2385 1571 terram
2421 1521 2654 1570 Nicholai

608 1618 810 1665 Hornar
851 1633 911 1664 ex
955 1622 1161 1679 utraque
1207 1622 1350 1679 parte
1398 1614 1770 1663 coadiacentem
1809 1642 1820 1652 ·
1862 1613 1981 1662 item
2030 1613 2084 1662 iii
2131 1631 2154 1662 s
2194 1614 2256 1662 de
2302 1621 2439 1662 terra
2484 1612 2655 1662 Dauid

608 1708 857 1757 Durward
897 1708 1092 1756 iacente
1131 1706 1264 1755 inter
1304 1714 1490 1755 terram
1530 1705 1724 1754 Thome
1764 1705 1878 1756 Scal
1919 1706 1983 1755 ad
2022 1706 2214 1755 boriam
2255 1714 2305 1755 et
2346 1723 2655 1755 communem

608 1800 847 1848 venellam
891 1801 953 1848 ad
992 1799 1209 1848 austrum
1247 1828 1259 1839 ·
1296 1799 1415 1847 item
1441 1799 1510 1847 vii
1535 1815 1557 1846 s
1582 1799 1630 1848 vi
1656 1799 1687 1847 d
1718 1799 1780 1847 de
1809 1808 1945 1848 terra
1976 1797 2149 1847 Dauid
2181 1797 2340 1864 Mudy
2365 1798 2558 1847 iacente
2594 1815 2654 1846 ex

607 1901 746 1957 parte
772 1891 1068 1941 occidentali
1093 1892 1154 1940 de
1183 1891 1396 1957 Cobgait
1419 1891 1552 1940 inter
1586 1898 1770 1940 terram
1797 1891 2039 1940 Willelmi
2073 1891 2324 1940 Dauisone
2350 1892 2413 1940 ad
2438 1892 2656 1940 austrum

609 1994 657 2033 et
692 1994 875 2034 terram
911 1984 1117 2033 Roberti
1157 1982 1274 2034 Scot
1310 1984 1373 2032 ad
1407 1984 1600 2033 boriam
1638 2012 1649 2022 ·
1686 1984 1806 2033 item
1841 1984 1916 2033 iiii
1940 2002 1962 2033 s
1986 1985 2048 2033 de
2073 1992 2209 2033 terra
2243 1983 2414 2033 Dauid
2452 1982 2656 2049 Seygait

610 2080 800 2127 iacente
824 2078 876 2125 in
905 2076 1116 2141 Cobgait
1141 2094 1198 2125 ex
1224 2084 1366 2141 parte
1387 2076 1619 2126 orientali
1636 2077 1769 2126 inter
1791 2084 1976 2126 terram
1993 2075 2163 2126 Dauid
2182 2075 2421 2125 Fararad
2440 2075 2656 2124 austrum

611 2180 658 2219 et
703 2180 885 2219 terram
929 2169 1097 2218 Dauid
1140 2169 1385 2236 Tailyour
1428 2171 1493 2219 ad
1534 2169 1725 2218 boriam
1767 2198 1777 2209 ·
1821 2170 1937 2219 item
1980 2169 2029 2219 vi
2067 2187 2089 2218 s
2131 2170 2193 2217 de
2237 2176 2370 2217 terra
2410 2167 2657 2216 Johannis

613 2263 861 2327 Nycholai
900 2263 1093 2311 iacente
1136 2280 1195 2311 ex
1235 2270 1377 2327 parte
1419 2262 1651 2311 orientali
1693 2262 1811 2311 Vici
1849 2261 1969 2310 Fori
2006 2262 2140 2310 inter
2180 2268 2365 2310 terram
2408 2259 2657 2325 Nycholai

616 2356 816 2403 Hornar
851 2355 913 2402 ad
949 2354 1165 2403 austrum
1201 2362 1251 2402 et
1285 2329 1470 2403 terram
1505 2353 1751 2403 Johannis
1785 2352 1930 2402 Seras
1962 2353 2027 2402 ad
2057 2353 2257 2401 boream
2294 2379 2306 2391 ·
2344 2351 2463 2400 item
2488 2350 2523 2398 ii
2548 2367 2570 2398 s
2595 2350 2656 2399 de

615 2464 757 2495 orreo
779 2446 1019 2495 Willelmi
1053 2446 1310 2495 Dauidson
1345 2446 1539 2495 iacente
1574 2446 1626 2494 in
1661 2445 1964 2510 Marcatgait
1998 2445 2130 2493 inter
2158 2451 2343 2493 terram
2379 2442 2657 2491 Alexandri

616 2539 737 2587 Lam
776 2539 840 2586 ad
876 2537 1088 2586 austrum
1127 2545 1176 2586 et
1211 2546 1394 2586 terram
1430 2537 1602 2586 Dauid
1635 2537 1758 2587 Lam
1796 2538 1860 2586 ad
1892 2536 2084 2585 boriam
2124 2567 2135 2578 ·
2171 2535 2291 2585 item
2324 2552 2355 2583 x
2380 2552 2403 2583 s
2430 2535 2492 2583 de
2524 2543 2658 2584 terra

618 2629 858 2677 Willelmi
894 2629 1162 2693 Dowglace
1198 2629 1393 2678 iacente
1429 2630 1481 2678 in
1520 2628 1733 2694 Cobgait
1771 2646 1832 2678 ex
1868 2635 2010 2693 parte
2042 2627 2273 2676 orientali
2308 2627 2440 2676 inter
2474 2634 2655 2676 terram

622 2722 825 2771 Roberti
848 2721 1083 2770 Watsone
1122 2722 1183 2770 ad
1220 2722 1411 2770 boriam
1449 2729 1498 2793 et
1536 2729 1719 2771 terram
1755 2720 2002 2770 Johannis
2040 2719 2265 2769 Diksone
2304 2719 2368 2767 ad
2404 2718 2621 2767 austrum
2644 2746 2654 2756 ·

620 2815 737 2862 item
774 2813 830 2860 iii
867 2829 889 2860 s
926 2813 987 2860 de
1029 2821 1163 2860 terra
1200 2813 1403 2861 Ricardi
1443 2813 1694 2862 Feldefair
1731 2814 1926 2862 iacente
1964 2812 2017 2860 in
2056 2810 2311 2859 Bowlishil
2357 2811 2487 2859 inter
2529 2810 2656 2859 viam

621 2905 808 2969 regiam
833 2904 895 2951 ad
921 2903 1160 2951 orientem
1184 2911 1232 2952 et
1256 2911 1439 2952 terram
1464 2905 1651 2953 domini
1687 2904 1858 2953 Dauid
1890 2902 2006 2952 Scot
2041 2903 2106 2951 ad
2140 2902 2448 2951 occidentem
2490 2930 2500 2939 ·
2538 2902 2656 2951 item

623 2997 689 3045 xii
716 2994 944 3043 denarios
968 2995 1028 3042 de
1052 3002 1186 3042 terra
1206 2994 1392 3042 domini
1416 2993 1586 3044 Dauid
1610 2995 1727 3044 Soot
1749 2995 1943 3044 iacente
1968 3011 2028 3043 ex
2051 3000 2193 3058 parte
2219 2993 2515 3042 occidentali
2541 2992 2656 3042 Vici

624 3087 740 3135 Fori
784 3085 918 3134 Noui
962 3085 1092 3133 inter
1129 3093 1311 3133 terram
1356 3085 1563 3134 Roberti
1610 3085 1728 3136 Scot
1766 3087 1828 3135 ad
1865 3087 2067 3135 boream
2108 3092 2158 3135 et
2197 3091 2379 3133 terram
2420 3084 2655 3133 heredum

629 3179 649 3243 [
940 3175 960 3241 ]
988 3175 1179 3224 Pillane
1205 3176 1268 3224 ad
1292 3176 1508 3224 austrum
1531 3202 1542 3214 ·
1567 3176 1684 3225 item
1707 3178 1842 3226 xxxii
1866 3178 1899 3226 d
1922 3178 1984 3226 de
2008 3185 2144 3226 terra
2162 3175 2398 3230 Duneani
2422 3175 2655 3224 Buchane
