2762 3834
637 329 1064 382 REGISTRUM
1097 332 1194 382 DE
1228 331 1783 384 ABERBROTHOC.
2134 337 2222 391 171

193 528 406 600 Littera
429 549 768 598 conductionis
794 555 1094 616 carpentarii
1116 572 1206 619 pro
1231 562 1334 606 toto
1359 563 1578 622 tempore
1603 557 1715 606 vite.

52 739 142 790 192
195 709 330 782 Hec
354 731 621 780 indentura
645 731 775 779 facta
798 733 929 796 apud
954 733 1291 785 Abirbrothoc
1315 738 1540 787 vicefimo
1566 739 1738 803 quinto
1770 738 1850 787 die
1890 738 2062 788 menfis
2086 738 2226 788 Junii

194 841 324 872 anno
348 823 555 872 Domini
578 822 831 872 millefimo
857 825 1334 890 quadringentefimo
1365 829 1712 894 septuagefimo
1747 838 1922 895 quarto
1952 831 2082 880 inter
2118 868 2128 879 .
2166 868 2177 879 .
2215 869 2225 879 .

197 916 481 980 Georgeum
515 953 525 963 .
558 952 570 964 .
603 954 612 964 .
644 915 872 964 abbatem
902 953 912 964 .
946 953 956 963 .
989 953 1000 964 .
1034 917 1094 964 de
1130 918 1465 968 Abirbrothoc
1498 938 1556 969 ac
1592 929 1888 970 conuentum
1921 922 2133 971 eiusdem
2169 940 2229 971 ex

194 1024 294 1055 vna
315 1016 364 1055 et
391 1006 697 1071 Stephanum
721 1005 830 1055 Liel
857 1006 1018 1054 ciuem
1043 1006 1392 1059 Sanctiandree
1416 1013 1637 1075 partibus
1663 1030 1722 1061 ex
1759 1013 1916 1062 altera
1951 1049 1963 1061 .
1998 1051 2009 1062 .
2045 1050 2057 1062 .
2090 1014 2229 1062 attes-

194 1105 327 1147 tatur
347 1099 480 1163 quod
502 1098 634 1146 inter
658 1105 824 1162 partes
842 1097 1091 1161 predictas
1122 1135 1133 1147 .
1169 1136 1181 1148 .
1214 1135 1225 1146 .
1262 1103 1435 1150 extetit
1467 1139 1478 1150 .
1518 1141 1528 1151 .
1563 1142 1571 1151 .
1608 1105 1956 1153 concordatum
1975 1105 2229 1154 videlicet·

198 1189 347 1246 Quod
385 1226 395 1237 .
435 1226 446 1238 .
477 1227 485 1236 .
517 1190 667 1238 abbas
683 1196 731 1238 et
748 1199 1022 1238 conuentus
1040 1190 1383 1241 conduxerunt
1415 1231 1425 1240 .
1453 1230 1464 1240 .
1497 1231 1508 1241 .
1544 1193 1845 1258 Stephanum
1865 1196 2228 1259 carpentarium

197 1281 260 1329 ad
285 1282 588 1346 operandum
619 1319 629 1330 .
664 1318 675 1329 .
708 1319 718 1330 .
748 1281 802 1329 in
828 1280 986 1329 officio
1011 1283 1323 1345 carpentarie
1349 1300 1407 1331 ac
1440 1283 1491 1331 in
1517 1285 1648 1332 omni
1673 1285 1770 1333 alio
1792 1302 1938 1349 opere
1961 1285 2127 1351 ligneo
2152 1286 2230 1334 vel

196 1373 248 1420 in
285 1389 577 1437 quacunque
615 1372 713 1421 alia
745 1373 964 1437 prasstica
1002 1373 1171 1437 lignea
1211 1389 1356 1436 quam
1395 1391 1623 1438 vmquam
1656 1413 1667 1423 .
1703 1412 1714 1423 .
1751 1415 1760 1424 .
1796 1377 2016 1425 exercuit
2055 1384 2140 1425 aut
2177 1377 2229 1424 in

196 1464 362 1513 futuro
384 1481 615 1513 exercere
638 1464 822 1529 poterit
845 1464 897 1512 in
923 1464 1218 1512 monasterio
1243 1465 1327 1512 suo
1363 1501 1374 1512 .
1409 1501 1420 1512 .
1460 1502 1472 1513 .
1509 1472 1594 1513 aut
1618 1465 1734 1514 alibi
1758 1466 1838 1514 vbi
1861 1466 2101 1530 placuerit
2133 1506 2142 1516 .
2178 1504 2189 1515 .
2217 1505 2227 1514 .

198 1557 364 1605 abbati
389 1563 439 1605 et
463 1556 732 1606 conuentui
767 1595 778 1606 .
812 1593 823 1604 .
861 1594 871 1605 .
906 1554 1209 1627 Stephanum
1233 1572 1440 1604 onerare
1476 1573 1566 1620 pro
1605 1563 1708 1605 toto
1746 1563 1966 1621 tempore
1991 1558 2072 1606 sue
2096 1558 2229 1606 vite·

198 1648 263 1697 Et
304 1648 485 1713 prefati
517 1688 526 1697 .
568 1685 579 1696 .
617 1686 628 1696 .
664 1647 947 1712 persoluent
994 1647 1249 1696 annuatim
1291 1684 1303 1695 .
1336 1684 1348 1695 .
1385 1684 1397 1695 .
1435 1645 1684 1708 Stephano
1724 1665 1815 1712 pro
1853 1649 2102 1697 laboribus
2138 1649 2231 1697 suis

297 1778 309 1788 .
353 1740 532 1805 viginti
574 1756 767 1788 marcas
810 1778 819 1788 .
864 1779 873 1788 .
915 1777 925 1787 .
966 1748 1163 1788 monete
1203 1776 1214 1787 .
1255 1776 1266 1786 .
1311 1774 1322 1786 .
1370 1736 1545 1787 Scocie
1585 1776 1595 1786 .
1639 1776 1650 1786 .
1696 1775 1706 1786 .
1747 1739 1978 1787 videlicet
2019 1740 2231 1804 quinque

198 1848 389 1879 marcas
414 1830 547 1879 omni
572 1838 749 1895 quarta
771 1838 913 1895 parte
939 1830 1056 1879 anni
1090 1868 1102 1879 .
1138 1868 1149 1879 .
1185 1869 1194 1879 .
1223 1847 1314 1895 pro
1349 1831 1577 1879 mercede
1612 1831 1697 1879 sua
1732 1849 1789 1880 ac
1825 1831 1979 1880 eciam
2015 1849 2104 1896 pro
2140 1833 2233 1881 suis

198 1922 456 1970 esculentis
481 1929 530 1970 et
544 1921 822 1986 poculentis
846 1950 857 1960 ·
881 1922 1119 1970 Preterea
1134 1922 1167 1969 fi
1188 1922 1443 1987 contingat
1474 1960 1484 1971 .
1525 1961 1535 1971 .
1576 1960 1586 1971 .
1624 1921 1926 1987 Stephanum
1945 1940 2055 1971 cum
2071 1923 2232 1987 aliquo

199 2022 337 2063 extra
370 2014 533 2062 locum
568 2012 787 2062 nostrum
811 2015 1007 2079 operari
1032 2014 1255 2079 quamuis
1278 2030 1368 2078 per
1391 2030 1481 2062 nos
1504 2013 1818 2062 licenciatum
1854 2021 2045 2079 tempus
2070 2015 2233 2063 absen-

199 2105 272 2154 cie
297 2122 386 2170 per
423 2143 434 2154 .
468 2144 478 2155 .
511 2143 522 2154 .
555 2106 782 2155 abbatem
813 2143 824 2154 .
865 2145 875 2154 .
912 2143 923 2155 .
961 2105 1347 2155 considerabitur
1372 2112 1421 2154 et
1454 2144 1463 2154 .
1494 2143 1504 2153 .
1538 2143 1548 2154 .
1585 2105 1723 2154 iuxta
1757 2105 2106 2155 discrecionem
2129 2143 2141 2155 .
2177 2145 2186 2154 .
2221 2144 2231 2154 .

199 2196 387 2245 abbatis
422 2234 432 2244 .
467 2233 478 2245 .
515 2235 525 2245 .
559 2196 611 2245 in
644 2196 789 2245 feodo
828 2197 912 2245 suo
953 2197 1172 2261 predfflo
1209 2196 1534 2246 defalcabitur
1567 2204 1616 2246 et
1656 2197 1948 2245 allocabitur
1973 2226 1983 2237 ·
2009 2197 2231 2247 Vlterius

200 2288 235 2336 fi
278 2289 497 2353 prefatus
546 2289 823 2354 Stephanus
867 2297 1099 2339 oneratus
1140 2289 1288 2338 fuerit
1328 2305 1418 2353 per
1451 2328 1461 2338 .
1495 2326 1506 2337 .
1541 2325 1552 2337 .
1590 2289 1811 2337 abbatem
1850 2295 1899 2337 et
1934 2297 2230 2338 conuentum

198 2380 261 2428 ad
305 2387 445 2429 extra
482 2397 573 2445 pro
620 2381 941 2445 reparacione
983 2381 1298 2430 ecclesiarum
1333 2381 1528 2428 suarum
1566 2380 1761 2444 operari
1800 2415 1812 2427 .
1848 2417 1858 2428 .
1900 2417 1911 2428 .
1953 2379 2230 2444 persoluent

203 2508 213 2518 .
252 2509 262 2519 .
298 2509 308 2519 .
345 2471 596 2536 Stephano
622 2473 755 2521 omni
780 2472 860 2521 die
886 2472 1126 2537 operabili
1149 2489 1241 2537 pro
1266 2471 1485 2536 expenfis
1511 2471 1606 2519 suis
1632 2478 1842 2535 quatuor
1877 2471 2104 2520 denarios
2129 2499 2140 2511 ·
2166 2471 2231 2520 Et

198 2563 414 2626 prefatus
455 2562 733 2628 Stephanus
770 2564 1022 2612 inchoabit
1061 2581 1182 2628 opus
1221 2563 1354 2611 omni
1393 2563 1472 2612 die
1503 2562 1740 2627 operabili
1773 2562 1897 2611 hora
1927 2563 2098 2626 quinta
2119 2570 2230 2611 ante

201 2655 463 2703 merediem
487 2663 536 2704 et
558 2655 698 2704 finiet
721 2655 847 2705 hora
880 2656 1087 2720 septima
1125 2655 1234 2720 post
1267 2654 1534 2702 merediem
1577 2661 1676 2702 tam
1714 2653 1765 2701 in
1808 2652 1956 2702 estate
1997 2671 2143 2717 quam
2179 2654 2230 2701 in

202 2761 340 2809 yeme
364 2773 375 2784 ·
398 2746 464 2795 Et
488 2746 524 2794 fi
549 2747 612 2795 fic
637 2747 1003 2796 continuauerit
1028 2747 1161 2794 omni
1186 2746 1266 2795 die
1291 2745 1529 2810 operabili
1563 2781 1573 2792 .
1604 2783 1614 2794 .
1650 2783 1660 2793 .
1694 2744 1892 2793 habebit
1915 2745 1978 2792 ad
2001 2752 2231 2809 gentacu-

201 2835 299 2883 lum
324 2835 458 2885 suum
483 2844 533 2886 et
554 2838 618 2886 ad
641 2837 777 2886 suum
802 2838 995 2886 seruum
1020 2836 1056 2885 fi
1080 2854 1226 2901 quem
1249 2835 1477 2885 habuerit
1498 2853 1646 2884 vnum
1681 2851 1888 2899 paruum
1910 2852 2087 2899 panem
2122 2835 2229 2883 aule

203 2932 251 2973 et
276 2943 419 2974 vnam
442 2927 658 2991 pinetam
683 2927 878 2976 seruifie
903 2927 1245 2976 conuentualis
1281 2933 1330 2974 et
1365 2933 1557 2975 tantum
1587 2925 1792 2989 recipiet
1822 2925 1930 2989 post
1965 2925 2229 2974 merediem

201 3031 289 3079 pro
311 3017 578 3066 refectione
603 3018 686 3066 sua
710 3025 759 3066 et
783 3017 911 3066 serui
934 3017 1005 3066 sui
1028 3017 1063 3067 fi
1087 3035 1232 3082 quem
1256 3018 1434 3067 habeat
1449 3046 1459 3057 ·
1481 3017 1547 3066 Et
1578 3054 1588 3064 .
1630 3053 1642 3065 .
1674 3052 1686 3066 .
1721 3023 1861 3064 extra
1884 3015 2227 3064 monasterium

206 3141 217 3153 .
251 3145 260 3155 .
298 3144 309 3155 .
340 3125 451 3157 cum
471 3109 607 3158 nullo
625 3109 909 3174 operabitur
928 3107 1028 3158 fine
1047 3109 1256 3158 licencia
1287 3145 1297 3157 .
1330 3147 1340 3158 .
1381 3145 1392 3157 .
1429 3107 1618 3157 abbatis
1658 3145 1667 3155 .
1696 3143 1708 3156 .
1743 3144 1753 3155 .
1785 3106 1850 3155 Et
1866 3106 2097 3170 predictis
2117 3122 2227 3154 con-
