2762 3834
478 762 573 813 478

440 2345 444 2349 ’
477 2331 573 2381 479

621 358 718 403 382
1070 348 1494 400 REGISTRUM
1529 345 1625 395 DE
1663 342 2217 405 ABERBROTHOC.

626 556 799 629 Carta
823 574 1058 625 Nieholai
1083 572 1318 622 Morison.

627 739 887 811 Omnibus
923 796 932 805 .
959 795 968 805 .
996 794 1005 805 .
1045 755 1294 819 Georgius
1317 752 1468 801 abbas
1493 790 1502 801 .
1529 790 1539 801 .
1566 791 1575 800 .
1602 752 1664 802 de
1687 752 1915 801 Arbroth
1939 790 1949 801 .
1987 791 1996 801 .
2034 790 2044 801 .
2069 752 2272 801 salutem
2301 791 2311 800 .
2338 792 2347 801 .
2374 792 2383 801 .
2416 753 2672 803 Noueritis

626 867 714 898 nos
738 847 918 897 dedisse
964 886 972 896 .
1012 885 1021 895 .
1060 885 1069 894 .
1107 844 1355 893 Nicholao
1382 842 1605 892 Morison
1630 844 1726 893 suis
1749 845 2014 894 heredibus
2038 852 2088 894 et
2111 844 2360 911 affignatis
2395 884 2405 895 .
2443 886 2452 895 .
2491 885 2501 895 .
2538 854 2671 896 teue-

625 949 842 990 mentum
883 938 1105 988 nostrum
1152 977 1161 987 .
1210 977 1220 986 .
1270 977 1279 985 .
1318 938 1488 986 iacens
1530 937 1581 986 in
1622 938 1676 1004 ly
1715 938 2006 988 Rattonraw
2047 938 2181 988 inter
2222 947 2380 988 terras
2422 941 2670 1005 quondam

624 1033 858 1082 Duncani
878 1032 1116 1082 Buchane
1141 1048 1202 1080 ex
1225 1030 1450 1096 partibus
1475 1029 1678 1079 australi
1703 1030 2001 1080 occidentali
2026 1037 2077 1079 et
2095 1030 2274 1079 boriali
2295 1039 2343 1080 et
2362 1049 2671 1081 communem

625 1126 868 1174 venellam
894 1141 954 1173 ex
978 1132 1121 1188 parte
1146 1122 1378 1172 orientali
1417 1151 1427 1161 ·
1467 1122 1802 1187 quodquidem
1840 1160 1851 1171 .
1887 1159 1898 1171 .
1937 1159 1947 1171 .
1982 1122 2099 1171 olim
2124 1122 2218 1172 fuit
2240 1123 2478 1172 heredum
2503 1123 2673 1173 Dauid

623 1218 770 1266 Alani
796 1233 931 1265 nunc
956 1222 1122 1265 autem
1152 1232 1242 1280 per
1280 1214 1499 1264 diuersas
1540 1215 1703 1264 curias
1741 1232 1799 1264 ac
1836 1214 2107 1280 legittimos
2130 1216 2375 1280 processus
2399 1233 2593 1266 necnon
2625 1226 2674 1266 et

623 1329 711 1375 per
731 1309 1131 1374 recognicionem
1158 1308 1211 1356 in
1235 1307 1465 1356 manibus
1493 1307 1674 1356 nostris
1707 1307 1832 1356 iuste
1864 1308 2068 1357 deuenit
2103 1348 2112 1357 .
2150 1348 2160 1356 .
2198 1347 2207 1357 .
2245 1308 2521 1358 Reddendo
2558 1349 2567 1358 .
2610 1349 2619 1358 .
2663 1350 2672 1359 .

624 1402 864 1452 monacho
890 1400 1256 1451 communitatis
1294 1436 1304 1448 .
1347 1437 1358 1449 .
1399 1437 1410 1448 .
1447 1400 1719 1449 tresdeeem
1748 1400 1926 1449 solidos
1958 1408 2007 1449 et
2043 1407 2253 1465 quatuor
2285 1401 2515 1449 denarios
2558 1441 2567 1449 .
2611 1441 2620 1450 .
2663 1442 2672 1450 .

623 1504 818 1544 monete
858 1532 868 1542 .
901 1534 911 1543 .
945 1534 954 1543 .
990 1493 1162 1542 Scocie
1188 1493 1252 1542 ad
1275 1532 1287 1543 .
1321 1531 1331 1540 .
1367 1530 1379 1541 .
1404 1491 1528 1541 festa
1551 1531 1562 1541 .
1595 1530 1607 1542 .
1642 1530 1654 1542 .
1683 1493 2032 1543 Penthecostes
2056 1500 2106 1543 et
2130 1492 2296 1542 Sanffi
2322 1492 2529 1542 Martini
2564 1531 2575 1543 .
2613 1533 2622 1542 .
2662 1532 2673 1542 .

625 1590 860 1637 Preterea
894 1624 905 1634 .
949 1621 961 1635 .
998 1625 1009 1635 .
1048 1591 1388 1635 tenementum
1411 1583 1509 1632 suis
1534 1583 1755 1649 expensis
1793 1622 1805 1633 .
1849 1621 1860 1633 .
1900 1622 1911 1634 .
1948 1593 2049 1634 tam
2074 1584 2174 1650 ipse
2200 1602 2347 1650 quam
2370 1585 2578 1634 heredes
2601 1586 2673 1634 sui

630 1720 638 1728 .
680 1721 688 1728 .
730 1720 738 1728 .
779 1679 1118 1729 sustentabunt
1142 1716 1152 1726 .
1189 1715 1200 1725 .
1236 1714 1249 1725 .
1283 1693 1446 1741 neque
1474 1713 1484 1724 .
1523 1714 1533 1724 .
1574 1713 1585 1724 .
1612 1676 1664 1725 in
1689 1676 1857 1741 aliqua
1875 1683 2018 1742 parte
2050 1717 2060 1726 .
2095 1716 2104 1726 .
2140 1716 2149 1726 .
2180 1677 2392 1726 deficere
2415 1677 2674 1742 pacientur

628 1772 806 1836 Neque
840 1771 1032 1820 licitum
1057 1770 1152 1818 erit
1174 1768 1383 1833 prefatis
1427 1804 1438 1817 .
1490 1805 1501 1816 .
1553 1804 1565 1817 .
1609 1776 1945 1819 tenementum
1990 1808 2000 1818 .
2047 1805 2061 1818 .
2105 1806 2116 1818 .
2160 1768 2378 1819 alienare
2427 1808 2436 1818 .
2474 1809 2483 1817 .
2521 1809 2531 1818 .
2573 1769 2673 1818 fine

624 1864 791 1913 nostra
813 1865 1011 1929 speciali
1033 1863 1244 1913 licencia
1268 1903 1278 1912 .
1322 1903 1330 1912 .
1375 1903 1384 1912 .
1428 1863 1579 1912 Anno
1603 1860 1811 1912 Domini
1834 1867 1902 1909 m⁰
1925 1867 1972 1910 v⁰
1996 1863 2180 1909 octauo.

626 2120 820 2191 Milhil
845 2141 1087 2191 afl'edatur
1114 2141 1339 2192 Henrieo
1367 2142 1576 2192 Guthre.

630 2361 639 2371 .
680 2361 689 2371 .
728 2362 738 2372 .
775 2323 949 2372 Pateat
988 2361 1000 2371 .
1041 2361 1051 2371 .
1093 2362 1104 2372 .
1141 2341 1232 2372 nos
1259 2324 1535 2390 Georgium
1574 2362 1585 2373 .
1626 2361 1638 2373 .
1680 2360 1692 2372 .
1729 2324 1955 2373 abbatem
1993 2360 2004 2371 .
2039 2359 2051 2370 .
2089 2362 2098 2371 .
2133 2323 2196 2371 de
2212 2322 2523 2371 Abbirbroth
2558 2360 2568 2370 .
2608 2360 2619 2370 .
2657 2358 2669 2371 .
2761 2300 2762 2308 ἵ

628 2414 850 2484 αίΐθᾴειίΐθ
895 2454 906 2465 .
950 2453 960 2464 .
1002 2454 1013 2464 .
1058 2416 1282 2465 Henrico
1319 2416 1513 2466 Guthre
1548 2417 1778 2483 burgensi
1815 2418 1878 2465 de
1913 2416 2136 2465 Arbroth
2162 2423 2211 2465 et
2235 2415 2494 2465 Elizabeth
2529 2415 2673 2481 Lyell

628 2508 797 2571 sponse
822 2508 902 2555 sue
927 2509 1163 2556 moderne
1186 2516 1235 2557 et
1258 2508 1293 2557 J
1296 2508 1477 2557 ohanni
1504 2509 1698 2559 Guthre
1722 2509 1825 2557 filio
1849 2508 2029 2557 seniori
2054 2508 2324 2556 eorundem
2366 2545 2376 2555 .
2417 2546 2428 2555 .
2468 2545 2479 2556 .
2516 2515 2672 2556 terras

630 2597 818 2646 nostras
853 2600 914 2647 de
950 2598 1132 2664 Mylhil
1175 2637 1186 2648 .
1231 2637 1243 2648 .
1288 2637 1300 2648 .
1338 2617 1433 2665 pro
1471 2601 1696 2650 terminis
1734 2602 1906 2650 decem
1950 2608 2000 2649 et
2038 2617 2218 2649 nouem
2258 2617 2501 2649 annorum
2547 2637 2558 2648 .
2604 2637 2615 2646 .
2659 2636 2670 2647 .

632 2690 947 2754 quasquidem
982 2727 994 2739 .
1027 2727 1038 2739 .
1071 2728 1082 2740 .
1114 2691 1149 2740 J
1153 2693 1334 2741 acobus
1373 2730 1384 2741 .
1425 2730 1436 2742 .
1477 2731 1487 2741 .
1525 2700 1670 2758 pater
1709 2731 1720 2742 .
1754 2730 1766 2742 .
1805 2730 1817 2741 .
1854 2691 2065 2741 Henrici
2089 2692 2263 2741 habuit
2300 2729 2311 2740 .
2351 2729 2361 2740 .
2402 2728 2413 2739 .
2452 2699 2671 2756 tempore

632 2781 953 2829 eonfeetionis
970 2781 1107 2830 istius
1124 2799 1216 2846 pro
1235 2783 1417 2832 eisdem
1435 2785 1659 2834 terminis
1682 2814 1694 2826 ·
1720 2785 1973 2836 Soluendo
2009 2824 2020 2834 .
2057 2823 2066 2832 .
2101 2823 2110 2832 .
2148 2783 2479 2850 quadraginta
2494 2783 2671 2832 solidos

684 2910 695 2919 .
732 2911 742 2920 .
778 2879 974 2921 monete
1014 2909 1025 2920 .
1069 2909 1080 2920 .
1125 2910 1136 2920 .
1182 2871 1355 2923 Scocie
1379 2875 1443 2923 ad
1481 2913 1491 2923 .
1532 2912 1543 2924 .
1586 2913 1597 2925 .
1636 2877 1874 2926 terminos
1899 2875 2248 2925 Penthecostes
2273 2883 2322 2925 et
2349 2874 2515 2925 Sanffl
2539 2874 2671 2924 Mar-

631 2965 723 3013 tini
757 3001 767 3012 .
807 3001 817 3011 .
858 3001 868 3011 .
910 2962 974 3011 Et
1011 2962 1046 3011 fi
1085 2964 1341 3030 contingat
1380 2965 1508 3030 ipsos
1550 3007 1558 3015 .
1604 3007 1612 3016 .
1656 3007 1666 3018 .
1708 2969 1970 3018 iniuriosos
2009 2967 2102 3018 effe
2139 3005 2152 3017 .
2193 3005 2204 3017 .
2242 3006 2252 3016 .
2290 2974 2374 3017 aut
2404 2967 2533 3016 male
2562 2983 2670 3032 per-

631 3056 874 3105 soluentes
897 3054 1066 3103 licebit
1089 3055 1231 3103 nobis
1271 3092 1283 3104 .
1326 3095 1335 3103 .
1379 3094 1389 3104 .
1433 3058 1494 3106 de
1536 3098 1544 3106 .
1583 3098 1592 3107 .
1633 3098 1643 3106 .
1685 3061 1830 3110 terris
1867 3060 2125 3126 disponere
2166 3099 2175 3109 .
2218 3099 2228 3109 .
2271 3098 2282 3109 .
2324 3059 2511 3108 Datum
2554 3099 2562 3107 .
2605 3098 2615 3107 .
2657 3098 2665 3106 .

632 3165 762 3199 anno
787 3146 992 3196 Domini
1016 3152 1086 3208 m?
1107 3146 1343 3210 qulngen⁰
1367 3164 1515 3197 nono.
