2762 3834
561 381 654 425 102
1002 373 1429 426 REGISTRUM
1463 371 1560 421 DE
1596 368 2160 421 ABERBROTHOC.

557 514 731 587 Carta
754 543 997 584 terrarum
1021 531 1460 582 ecclesiasticarum
1484 530 1545 577 de
1572 528 1625 578 N
1626 526 1794 577 eutile.

412 687 506 736 119
559 672 822 745 Omnibus
858 731 868 741 .
910 730 919 740 .
963 729 972 740 .
1015 690 1293 739 Malcomus
1330 727 1340 737 .
1374 727 1383 736 .
1417 727 1426 736 .
1461 686 1611 735 abbas
1650 723 1660 736 .
1700 725 1711 736 .
1750 725 1759 736 .
1798 687 1860 736 de
1886 687 2227 738 Abirbrothoc
2264 727 2274 737 .
2311 727 2321 738 .
2358 725 2369 737 .
2408 690 2611 739 salutem

682 824 691 832 .
743 784 957 832 Nouerit
999 781 1290 830 vniuerfitas
1332 780 1495 828 vestra
1535 778 1670 843 quod
1712 796 1824 827 cum
1858 788 1995 829 terra
2035 781 2097 830 de
2137 779 2380 830 Lathame
2414 799 2509 846 que
2548 783 2612 831 ad

557 876 859 925 Willelmum
883 876 944 923 de
973 873 1290 923 Strathachin
1314 872 1608 937 burgensem
1636 871 1698 919 de
1723 869 1909 919 Dunde
1935 872 2218 936 pertinebat
2244 872 2404 922 vfibus
2428 874 2610 923 nostris

553 968 778 1034 perutilis
803 966 915 1016 esset
938 974 986 1016 et
1010 965 1279 1014 necessaria
1301 972 1507 1029 propter
1531 965 1826 1014 multimoda
1863 965 2131 1016 afiamenta
2164 966 2282 1015 inde
2314 967 2612 1032 prouenien-

554 1064 630 1110 cia
654 1079 714 1111 ex
738 1079 796 1110 eo
819 1061 951 1125 quod
973 1059 1197 1124 predicta
1221 1065 1357 1107 terra
1381 1056 1438 1106 fit
1463 1075 1560 1106 vna
1583 1059 1728 1123 pecia
1765 1059 1974 1107 dominii
2007 1060 2162 1108 nostri
2186 1060 2248 1108 de
2276 1059 2612 1108 Abirbrothoc

553 1156 808 1219 eidemque
835 1153 1100 1202 coniunssta
1136 1190 1144 1200 .
1182 1190 1191 1199 .
1230 1189 1239 1200 .
1276 1150 1408 1199 idem
1440 1150 1718 1200 Willelmus
1749 1191 1759 1201 .
1793 1191 1804 1201 .
1839 1192 1849 1201 .
1886 1153 2029 1201 nobis
2054 1154 2264 1202 eandem
2288 1160 2473 1202 terram
2504 1192 2512 1202 .
2551 1193 2561 1202 .
2600 1194 2609 1202 .

551 1250 764 1314 quietam
790 1247 1153 1312 imperpetuum
1181 1244 1414 1293 clamauit
1437 1244 1510 1293 ita
1549 1282 1561 1294 .
1599 1283 1608 1292 .
1647 1283 1656 1293 .
1691 1245 1825 1308 quod
1859 1261 1951 1309 pro
1985 1244 2081 1293 hac
2117 1282 2127 1293 .
2167 1284 2177 1294 .
2215 1283 2225 1294 .
2262 1245 2611 1310 quietaclama-

551 1342 690 1390 cione
739 1340 962 1388 dedimus
1005 1377 1013 1386 .
1055 1377 1064 1386 .
1109 1353 1120 1363 ·
1157 1337 1411 1386 Willelmo
1448 1376 1457 1386 .
1494 1376 1503 1386 .
1542 1376 1551 1385 .
1595 1337 1648 1385 in
1697 1336 2007 1386 excambium
2056 1375 2066 1386 .
2113 1374 2122 1384 .
2168 1376 2177 1386 .
2218 1344 2377 1387 terras
2417 1338 2610 1387 nostras

543 1418 900 1483 'ecclesiasticas
938 1433 998 1480 de
1035 1431 1082 1479 le
1117 1430 1390 1496 Kyrktoun
1429 1431 1490 1479 de
1529 1429 1736 1480 Neutile
1776 1467 1786 1477 .
1825 1467 1834 1478 .
1875 1468 1884 1477 .
1924 1446 2037 1477 cum
2076 1429 2243 1495 garbis
2286 1430 2611 1479 decimalibus

550 1528 819 1577 earundem
861 1526 1081 1574 iacentes
1123 1524 1173 1572 in
1215 1523 1478 1588 regalitate
1520 1524 1690 1572 nostra
1741 1561 1751 1572 .
1806 1561 1818 1572 .
1871 1562 1881 1571 .
1931 1523 2065 1571 infra
2106 1523 2508 1572 vicecomitatum
2550 1525 2611 1573 de

548 1621 724 1670 Forfar
757 1649 767 1659 ·
806 1618 1072 1667 Tenendas
1111 1656 1120 1665 .
1164 1657 1173 1666 .
1217 1657 1226 1666 .
1266 1617 1316 1665 in
1350 1617 1495 1665 feodo
1534 1625 1583 1665 et
1621 1616 1897 1665 hereditate
1950 1616 2300 1681 inperpetuum
2334 1657 2343 1665 .
2383 1655 2393 1665 .
2434 1617 2612 1666 ‚iuris-

550 1714 760 1763 dictione
785 1711 950 1760 nostre
975 1710 1248 1775 regalitatis
1271 1711 1463 1775 semper
1487 1709 1624 1758 salua
1655 1738 1665 1748 ·
1700 1708 1978 1758 Reddendo
2005 1748 2014 1757 .
2053 1749 2062 1757 .
2102 1749 2110 1758 .
2135 1727 2283 1758 vnam
2304 1711 2610 1774 presenciam

549 1805 854 1871 personalem
878 1804 931 1851 in
968 1804 1151 1868 placito
1190 1802 1358 1851 nostro
1399 1802 1600 1867 capitali
1642 1803 1860 1852 tenendo
1901 1803 2033 1866 apud
2076 1802 2407 1852 Carnconane
2442 1804 2611 1853 imme-

550 1899 681 1947 diate
720 1896 827 1962 post
865 1895 1041 1945 festum
1085 1894 1298 1961 [SanCti]
1339 1894 1604 1944 Michaelis
1641 1924 1652 1934 ·
1688 1895 1755 1945 Et
1794 1895 1831 1943 fi
1870 1896 2143 1961 contingat.
2170 1896 2326 1944 difilsas
2364 1904 2523 1945 terras
2558 1897 2610 1945 in

550 1990 775 2039 manibus
799 1988 977 2036 nostris
1012 2027 1020 2036 .
1056 2027 1066 2037 .
1096 2027 1105 2036 .
1147 1988 1342 2036 ratione
1370 1989 1535 2037 warde
1562 1988 1824 2038 consistere
1850 1990 2077 2038 volumus
2112 2029 2121 2038 .
2160 2029 2169 2038 .
2209 2029 2218 2038 .
2245 1990 2379 2055 quod
2401 1990 2611 2039 heredes

551 2124 559 2131 .
598 2123 607 2132 .
645 2122 655 2133 .
690 2083 805 2131 dicei
830 2082 1071 2131 Willelmi
1097 2083 1238 2131 diais
1262 2083 1428 2148 garbis
1453 2082 1776 2132 decimalibus
1811 2122 1820 2132 .
1859 2122 1868 2131 .
1907 2120 1918 2131 .
1950 2083 2203 2148 gaudeant
2234 2122 2243 2132 .
2279 2122 2288 2132 .
2327 2122 2336 2132 .
2372 2083 2610 2132 Preterea

550 2178 582 2224 sl
624 2175 879 2241 contingat
926 2214 936 2224 .
992 2215 1000 2224 .
1053 2213 1063 2224 .
1092 2175 1399 2224 Willelmum
1438 2176 1648 2225 heredes
1685 2216 1695 2225 .
1847 2183 1932 2225 aut
1979 2176 2241 2241 affignatos
2281 2177 2334 2225 in
2375 2177 2612 2242 predicitis

551 2268 694 2317 terris
731 2307 741 2317 .
784 2307 793 2317 .
836 2306 847 2317 .
886 2285 998 2317 cum
1022 2269 1188 2333 garbis
1213 2269 1536 2318 decimalibus
1573 2308 1583 2318 .
1626 2308 1636 2318 .
1680 2308 1690 2318 .
1727 2286 1818 2334 per
1841 2286 1932 2317 nos
1969 2308 1979 2318 .
2024 2308 2034 2318 .
2079 2308 2088 2317 .
2124 2269 2409 2334 perturbari
2440 2269 2611 2318 licebit

552 2401 559 2409 .
604 2401 613 2409 .
658 2360 948 2409 .Willelmo
991 2399 1001 2429 .·
1051 2399 1059 2409 .
1106 2399 1115 2408 .
1160 2370 1208 2410 et
1255 2361 1352 2409 suis
1397 2400 1408 2410 .
1456 2400 1467 2410 .
1515 2400 1526 2410 .
1565 2362 1630 2411 ad
1682 2399 1692 2410 .
1742 2400 1753 2410 .
1805 2400 1816 2410 .
1866 2369 2026 2411 terras
2074 2362 2136 2410 de
2178 2362 2420 2411 Lathame
2471 2399 2482 2410 .
2534 2398 2545 2409 .
2597 2399 2609 2409 .

550 2454 761 2502 liberum
796 2453 979 2502 habere
1020 2454 1289 2518 regressum
1330 2492 1341 2503 .
1388 2493 1399 2503 .
1447 2493 1456 2503 .
1499 2454 1562 2503 In
1606 2455 1745 2504 cuius
1770 2454 1843 2503 rei
1869 2454 2204 2503 testimonium
2243 2453 2454 2520 figillum
2495 2490 2506 2502 .
2546 2491 2556 2502 .
2598 2490 2609 2501 .

553 2544 755 2608 capituli
794 2582 805 2593 .
845 2582 856 2593 .
898 2581 909 2592 .
946 2545 1017 2593 est
1042 2546 1307 2610 appensum
1345 2585 1356 2596 .
1397 2585 1407 2595 .
1449 2585 1459 2596 .
1498 2548 1691 2597 decimo
1717 2550 1893 2597 ostano
1918 2547 1999 2597 die
2033 2545 2211 2596 menfis
2237 2546 2453 2611 Augusti
2479 2563 2611 2595 anno

554 2635 759 2685 Domini
783 2641 851 2684 m⁰
865 2643 998 2685 cccc⁰
1016 2637 1419 2703 quinquagesimo
1445 2640 1638 2690 octauo.

555 2890 771 2961 Littera
794 2908 1133 2958 testimonialis
1158 2909 1219 2957 de
1243 2909 1417 2959 saifina
1440 2911 1556 2960 data
1577 2911 1630 2960 in
1655 2911 1826 2962 Perth.

412 3095 506 3139 120
557 3070 839 3143 Vniuerfis
877 3125 888 3136 .
931 3126 940 3137 .
982 3126 993 3138 .
1030 3088 1320 3137 Alexander
1359 3088 1475 3139 Scot
1518 3127 1529 3139 .
1569 3127 1581 3139 .
1621 3127 1632 3139 .
1669 3109 1794 3161 v⁴nus
1834 3092 2131 3141 balliuorum
2172 3092 2319 3158 burgi
2357 3093 2418 3140 de
2456 3092 2611 3142 Perth

562 3221 574 3233 .
617 3221 628 3233 .
670 3221 681 3232 .
719 3183 922 3231 salutem
959 3211 968 3220 ·
1009 3181 1137 3231 Cum
1161 3180 1296 3246 pium
1321 3181 1378 3230 fit
1419 3218 1431 3230 .
1474 3218 1486 3231 .
1529 3219 1541 3231 .
1578 3182 1776 3231 veritati
1814 3183 2148 3233 testimonium
2183 3184 2447 3249 perhibere
2489 3222 2500 3233 .
2545 3222 2555 3232 .
2598 3224 2608 3234 .
