2762 3834
668 393 1095 445 REGISTRUM
1128 397 1225 447 DE
1259 400 1815 458 ABERBROTHOC.
2158 420 2251 466 281

284 563 294 573 .
346 563 357 573 .
406 524 696 574 Alexander
735 527 795 574 de
840 526 1216 604 Ouchtirlowny
1254 542 1394 597 pater
1436 535 1614 586 Jacobi
1664 538 2039 610 Ouchtirlowny
2084 546 2253 597 latoris

220 617 526 681 presencium
574 617 697 666 obiit
741 655 751 665 .
795 655 806 665 .
852 656 863 666 .
907 619 1091 669 saifitus
1134 659 1146 671 .
1192 660 1204 671 .
1248 662 1259 673 .
1301 627 1363 675 de
1407 630 1641 693 predictis
1686 632 1831 681 terris
1875 671 1886 683 .
1925 671 1937 683 .
1975 672 1987 684 .
2031 644 2078 685 et
2125 641 2256 702 quod

220 708 374 757 distas
399 708 618 757 Jacobus
643 709 713 758 est
747 709 1019 775 legittimus
1057 750 1068 761 .
1106 751 1116 762 .
1151 752 1161 762 .
1198 715 1340 775 heres
1378 755 1389 766 .
1429 756 1440 767 .
1479 758 1490 768 .
1528 721 1805 772 Alexandri
1843 726 1997 789 patris
2031 728 2102 776 sui
2139 766 2149 776 .
2188 766 2200 778 .
2241 768 2251 778 .

217 807 267 849 et
304 801 438 863 quod
473 800 543 848 est
577 800 819 865 legittime
858 803 1003 852 etatis
1044 832 1055 843 ·
1097 812 1145 854 et
1184 810 1314 871 quod
1349 811 1410 858 de
1444 812 1584 860 nobis
1619 820 1850 864 tenentur
1883 817 1934 865 in
1972 819 2131 883 capite
2166 837 2255 884 per

217 892 434 940 wardam
459 898 508 941 et
531 892 773 941 releuium
798 922 808 932 ·
839 895 974 943 vobis
998 895 1151 960 igitur
1195 934 1206 946 .
1246 936 1257 947 .
1296 936 1308 948 .
1349 903 1636 952 mandamus
1662 907 1889 970 quatinus
1913 909 2040 958 (11ἃο
2064 910 2100 959 J
2102 912 2253 959 acobo

282 1022 294 1034 .
347 1023 358 1035 .
412 985 635 1035 saisinam
691 1024 701 1035 .
757 1023 769 1035 .
825 1025 836 1035 .
893 976 1246 1038 hereditariam
1293 1027 1305 1040 .
1353 1029 1365 1040 .
1415 1029 1427 1041 .
1474 995 1804 1058 predicstarum
1842 1005 2083 1050 terrarum
2129 1038 2141 1050 .
2186 1039 2197 1050 .
2241 1040 2251 1050 .

215 1078 425 1127 tradatis
472 1079 715 1143 capiendo
763 1078 1076 1129 securitatem
1123 1083 1256 1146 quod
1299 1084 1440 1132 nobis
1480 1086 1629 1136 faciat
1669 1089 1800 1152 quod
1837 1091 1897 1139 de
1936 1092 2044 1140 iure
2089 1093 2252 1143 facere

213 1176 411 1219 tenetur
448 1207 459 1218 .
499 1207 510 1218 .
549 1207 561 1218 .
599 1170 754 1235 Apud
782 1171 1122 1222 Abirbrothoc
1147 1174 1279 1223 sexto
1305 1176 1384 1223 die
1408 1177 1583 1226 menfis
1607 1178 1732 1228 Maii
1757 1198 1886 1230 anno
1918 1182 2123 1233 Domini
2157 1192 2250 1234 616.

212 1262 528 1327 nonogefimo
553 1263 728 1311 tercio.

210 1514 498 1586 Affedacio
523 1543 698 1600 quarte
722 1536 878 1601 partis
903 1537 964 1586 de
989 1537 1035 1585 16
1057 1554 1232 1603 manys
1257 1539 1318 1588 de
1343 1539 1498 1606 Athy.

210 1699 489 1772 *Uniuerfis
512 1730 680 1787 pateat
730 1760 740 1770 .
790 1759 802 1771 .
854 1759 864 1771 .
911 1740 1001 1770 nos
1025 1721 1198 1771 Dauid
1241 1761 1251 1771 .
1295 1762 1306 1772 .
1352 1762 1362 1773 .
1405 1726 1631 1775 abbatem
1674 1764 1685 1775 .
1727 1765 1737 1774 .
1780 1765 1789 1775 .
1833 1729 1893 1777 de
1917 1729 2251 1781 Abirbrothoc

316 1851 326 1862 .
370 1814 595 1863 affedaffe
633 1850 645 1861 .
682 1852 693 1863 .
730 1852 740 1862 .
779 1814 1005 1864 Waltero
1029 1806 1311 1881 ‘Lychtoun
1354 1825 1403 1866 et
1441 1817 1629 1883 Agneti
1668 1819 1836 1884 sponse
1877 1820 1958 1869 sue
2002 1858 2013 1869 .
2056 1859 2067 1870 .
2111 1859 2122 1871 .
2163 1841 2250 1888 pro

209 1913 312 1955 toto
350 1914 572 1971 tempore
618 1907 718 1955 vite
762 1944 773 1956 .
927 1914 1155 1972 quartam
1200 1916 1389 1973 partem
1439 1917 1684 1959 terrarum
1729 1912 1844 1961 ville
1890 1912 2051 1963 nostre
2097 1916 2159 1963 de
2204 1916 2250 1964 le

206 2014 381 2063 manys
407 1998 468 2047 de
495 1997 636 2062 Athy
663 2016 809 2063 quam
833 2016 968 2048 1111116
993 2007 1239 2065 occupant
1280 2038 1291 2049 .
1333 2038 1344 2048 .
1383 2038 1394 2049 .
1436 2000 1684 2051 Soluendo
1723 2040 1735 2051 .
1774 2040 1785 2051 .
1825 2041 1837 2052 .
1875 2004 2052 2070 viginti
2074 2006 2249 2055 solidos

324 2127 335 2138 .
377 2098 575 2139 monete
619 2128 630 2139 .
677 2128 687 2139 .
732 2129 744 2139 .
791 2091 964 2141 Scocie
992 2109 1088 2140 vna
1113 2109 1223 2140 cum
1261 2093 1529 2141 obtodecim
1563 2093 1707 2142 bollis
1743 2095 1975 2145 frumenti
2015 2123 2026 2134 ·
2067 2103 2115 2145 et
2150 2104 2248 2147 tres

206 2181 392 2230 firlotas
415 2182 652 2232 frumenti
696 2214 706 2224 ·
749 2183 829 2231 sex
854 2183 1042 2232 firlotas
1067 2184 1176 2233 albe
1201 2184 1386 2232 farrine
1430 2213 1439 2223 ·
1483 2184 1706 2234 mensure
1730 2186 1824 2234 fori
1850 2188 2091 2237 currentis
2132 2217 2143 2227 ·
2185 2190 2247 2237 ad

206 2273 442 2322 terminos
483 2311 494 2322 .
541 2311 552 2322 .
598 2311 608 2322 .
651 2274 875 2323 soluendi
918 2313 930 2323 .
973 2313 984 2324 .
1027 2313 1037 2323 .
1081 2293 1191 2325 cum
1227 2276 1310 2324 sex
1349 2275 1618 2339 caponibus
1653 2278 1733 2324 sex
1769 2277 1915 2341 pullis
1951 2288 2173 2343 rynmart
2198 2288 2246 2328 et

205 2365 313 2414 aliis
348 2365 712 2415 huibandorum
746 2368 978 2417 oneribus
1017 2406 1027 2417 .
1069 2406 1080 2417 .
1121 2406 1131 2417 .
1170 2368 1406 2416 Preterea
1441 2365 1475 2413 fi
1519 2403 1529 2414 .
1569 2404 1580 2414 .
1619 2404 1631 2415 .
1674 2366 1924 2416 Walterus
1959 2377 2043 2418 aut
2073 2369 2243 2434 Agnes

320 2495 331 2506 .
374 2458 502 2507 male
543 2459 880 2523 persoluentes
919 2469 1004 2509 aut
1037 2460 1180 2509 nobis
1222 2495 1233 2507 .
1278 2495 1288 2506 .
1334 2495 1344 2507 .
1386 2458 1604 2506 iniuriosi
1644 2495 1654 2506 .
1694 2495 1705 2506 .
1745 2496 1755 2506 .
1793 2458 2042 2508 existerint
2076 2461 2243 2510 licebit

203 2549 342 2597 nobis
387 2586 398 2597 .
443 2586 455 2597 .
502 2587 513 2598 .
557 2550 618 2599 de
664 2588 674 2598 .
719 2588 729 2598 .
775 2589 785 2599 .
829 2552 976 2599 terris
1016 2553 1079 2600 ad
1123 2589 1134 2600 .
1180 2589 1191 2599 .
1232 2588 1242 2599 .
1285 2550 1480 2599 libitum
1522 2587 1533 2598 .
1578 2587 1589 2598 .
1635 2587 1645 2598 .
1689 2550 1943 2614 disponere
1981 2588 1992 2599 .
2032 2588 2042 2599 .
2081 2588 2093 2600 .
2133 2551 2242 2600 Nec

202 2640 370 2690 licebit
405 2641 475 2689 eis
514 2678 525 2690 .
564 2679 575 2690 .
614 2679 626 2690 .
666 2642 848 2691 (11616111
885 2651 1112 2708 quartam
1147 2650 1338 2709 partem
1374 2642 1522 2690 alicui
1559 2681 1568 2690 .
1609 2681 1618 2689 .
1660 2681 1669 2689 .
1707 2642 1921 2690 affedare
1957 2642 2055 2691 11116
2078 2644 2242 2691 nostra

203 2730 415 2781 licencia
447 2733 668 2781 cottariis
719 2771 729 2782 .
782 2771 793 2782 .
843 2771 854 2782 .
905 2734 1123 2799 exceptis
1174 2773 1184 2783 .
1237 2773 1247 2783 .
1299 2772 1310 2783 .
1358 2734 1511 2798 Apud
1560 2770 1571 2781 .
1623 2769 1634 2780 .
1687 2770 1696 2780 .
1748 2733 2014 2798 capitulum
2052 2735 2239 2782 decimo

202 2823 335 2872 sexto
360 2824 439 2874 die
465 2825 640 2874 menfis
663 2825 698 2875 J
701 2826 806 2874 unii
830 2843 960 2875 anno
985 2826 1193 2875 Domini
1217 2826 1468 2875 millefimo
1495 2831 1656 2875 ccccmo
1680 2825 1990 2890 nonogesimo
2015 2825 2182 2874 tercio.

1143 3259 1229 3302 ΞΝ
