<?xml version="1.0" encoding="UTF-8"?>
<!DOCTYPE html PUBLIC "-//W3C//DTD XHTML 1.0 Transitional//EN"
    "http://www.w3.org/TR/xhtml1/DTD/xhtml1-transitional.dtd">
<html xmlns="http://www.w3.org/1999/xhtml" xml:lang="en" lang="en">
 <head>
  <title>
</title>
<meta http-equiv="Content-Type" content="text/html;charset=utf-8" />
  <meta name='ocr-system' content='tesseract 3.04.00' />
  <meta name='ocr-capabilities' content='ocr_page ocr_carea ocr_par ocr_line ocrx_word'/>
</head>
<body>
  <div class='ocr_page' id='page_1' title='image "./libersthomedea8602arbruoft_0320.png"; bbox 0 0 2762 3834; ppageno 0'>
   <div class='ocr_carea' id='block_1_1' title="bbox 436 1958 532 2002">
    <p class='ocr_par' dir='ltr' id='par_1_1' title="bbox 436 1958 532 2002">
     <span class='ocr_line' id='line_1_1' title="bbox 436 1958 532 2002; baseline 0 0"><span class='ocrx_word' id='word_1_1' title='bbox 436 1958 532 2002; x_wconf 80' lang='lat'>258</span> 
     </span>
    </p>
   </div>
   <div class='ocr_carea' id='block_1_2' title="bbox 590 367 2173 428">
    <p class='ocr_par' dir='ltr' id='par_1_2' title="bbox 590 367 2173 428">
     <span class='ocr_line' id='line_1_2' title="bbox 590 367 2173 428; baseline -0.007 0"><span class='ocrx_word' id='word_1_2' title='bbox 590 383 687 428; x_wconf 79' lang='lat'>220</span> <span class='ocrx_word' id='word_1_3' title='bbox 1032 374 1453 427; x_wconf 88' lang='lat' dir='ltr'>REGISTRUM</span> <span class='ocrx_word' id='word_1_4' title='bbox 1487 371 1584 420; x_wconf 92' lang='lat' dir='ltr'>DE</span> <span class='ocrx_word' id='word_1_5' title='bbox 1620 367 2173 418; x_wconf 86' lang='lat' dir='ltr'><strong>ABERBROTHOC.</strong></span> 
     </span>
    </p>
   </div>
   <div class='ocr_carea' id='block_1_3' title="bbox 586 500 2626 1011">
    <p class='ocr_par' dir='ltr' id='par_1_3' title="bbox 586 500 2626 1011">
     <span class='ocr_line' id='line_1_3' title="bbox 590 500 2626 576; baseline -0.005 -17"><span class='ocrx_word' id='word_1_6' title='bbox 590 519 779 576; x_wconf 82' lang='lat' dir='ltr'>partem</span> <span class='ocrx_word' id='word_1_7' title='bbox 806 509 919 558; x_wconf 80' lang='lat' dir='ltr'>ville</span> <span class='ocrx_word' id='word_1_8' title='bbox 943 508 1105 560; x_wconf 90' lang='lat' dir='ltr'>nostre</span> <span class='ocrx_word' id='word_1_9' title='bbox 1139 508 1199 555; x_wconf 91' lang='lat' dir='ltr'>de</span> <span class='ocrx_word' id='word_1_10' title='bbox 1224 506 1459 569; x_wconf 86' lang='lat' dir='ltr'>Baldowy</span> <span class='ocrx_word' id='word_1_11' title='bbox 1485 519 1593 551; x_wconf 90' lang='lat' dir='ltr'>cum</span> <span class='ocrx_word' id='word_1_12' title='bbox 1621 500 1824 549; x_wconf 86' lang='lat' dir='ltr'>decimis</span> <span class='ocrx_word' id='word_1_13' title='bbox 1847 500 2132 565; x_wconf 86' lang='lat' dir='ltr'>garbalibus</span> <span class='ocrx_word' id='word_1_14' title='bbox 2156 540 2166 549; x_wconf 87' lang='lat'><strong>.</strong></span> <span class='ocrx_word' id='word_1_15' title='bbox 2193 539 2202 549; x_wconf 92' lang='lat'><strong><em>.</em></strong></span> <span class='ocrx_word' id='word_1_16' title='bbox 2229 540 2238 550; x_wconf 94' lang='lat'><strong>.</strong></span> <span class='ocrx_word' id='word_1_17' title='bbox 2264 517 2355 566; x_wconf 87' lang='lat' dir='ltr'>pro</span> <span class='ocrx_word' id='word_1_18' title='bbox 2380 509 2484 551; x_wconf 90' lang='lat' dir='ltr'>toto</span> <span class='ocrx_word' id='word_1_19' title='bbox 2510 508 2626 550; x_wconf 91' lang='lat' dir='ltr'>tem-</span> 
     </span>
     <span class='ocr_line' id='line_1_4' title="bbox 591 591 2623 666; baseline -0.005 -16"><span class='ocrx_word' id='word_1_20' title='bbox 591 618 710 666; x_wconf 85' lang='lat' dir='ltr'>pore</span> <span class='ocrx_word' id='word_1_21' title='bbox 735 600 833 648; x_wconf 82' lang='lat' dir='ltr'>vite</span> <span class='ocrx_word' id='word_1_22' title='bbox 857 639 867 649; x_wconf 89' lang='lat'><strong>.</strong></span> <span class='ocrx_word' id='word_1_23' title='bbox 893 638 903 648; x_wconf 94' lang='lat'><strong>.</strong></span> <span class='ocrx_word' id='word_1_24' title='bbox 930 639 939 648; x_wconf 93' lang='lat'><strong>.</strong></span> <span class='ocrx_word' id='word_1_25' title='bbox 964 598 1173 647; x_wconf 88' lang='lat' dir='ltr'>termino</span> <span class='ocrx_word' id='word_1_26' title='bbox 1197 613 1313 645; x_wconf 81' lang='lat' dir='ltr'>vero</span> <span class='ocrx_word' id='word_1_27' title='bbox 1337 593 1567 643; x_wconf 83' lang='lat' dir='ltr'><strong>introitus</strong></span> <span class='ocrx_word' id='word_1_28' title='bbox 1591 631 1601 641; x_wconf 89' lang='lat'><strong>.</strong></span> <span class='ocrx_word' id='word_1_29' title='bbox 1628 631 1637 641; x_wconf 94' lang='lat'><strong>.</strong></span> <span class='ocrx_word' id='word_1_30' title='bbox 1664 630 1674 640; x_wconf 91' lang='lat'><strong>.</strong></span> <span class='ocrx_word' id='word_1_31' title='bbox 1699 592 1750 639; x_wconf 91' lang='lat' dir='ltr'>in</span> <span class='ocrx_word' id='word_1_32' title='bbox 1776 591 1906 639; x_wconf 66' lang='lat' dir='ltr'>dieta</span> <span class='ocrx_word' id='word_1_33' title='bbox 1937 591 2140 640; x_wconf 86' lang='lat' dir='ltr'>dimidia</span> <span class='ocrx_word' id='word_1_34' title='bbox 2163 599 2304 657; x_wconf 86' lang='lat' dir='ltr'>parte</span> <span class='ocrx_word' id='word_1_35' title='bbox 2340 632 2350 642; x_wconf 89' lang='lat'><em>.</em></span> <span class='ocrx_word' id='word_1_36' title='bbox 2386 632 2396 642; x_wconf 90' lang='grc'><strong>.</strong></span> <span class='ocrx_word' id='word_1_37' title='bbox 2433 633 2443 642; x_wconf 91' lang='grc'><strong>.</strong></span> <span class='ocrx_word' id='word_1_38' title='bbox 2480 609 2623 657; x_wconf 87' lang='lat' dir='ltr'>quam</span> 
     </span>
     <span class='ocr_line' id='line_1_5' title="bbox 592 681 2625 754; baseline -0.004 -14"><span class='ocrx_word' id='word_1_39' title='bbox 592 708 721 740; x_wconf 89' lang='lat' dir='ltr'>nunc</span> <span class='ocrx_word' id='word_1_40' title='bbox 747 697 989 754; x_wconf 84' lang='lat' dir='ltr'>occupant</span> <span class='ocrx_word' id='word_1_41' title='bbox 1024 727 1033 737; x_wconf 91' lang='lat'><strong>.</strong></span> <span class='ocrx_word' id='word_1_42' title='bbox 1070 727 1080 736; x_wconf 93' lang='lat'><strong>.</strong></span> <span class='ocrx_word' id='word_1_43' title='bbox 1117 726 1126 736; x_wconf 92' lang='lat'>.</span> <span class='ocrx_word' id='word_1_44' title='bbox 1163 686 1432 750; x_wconf 85' lang='lat' dir='ltr'>incipiente</span> <span class='ocrx_word' id='word_1_45' title='bbox 1457 684 1509 731; x_wconf 92' lang='lat' dir='ltr'>in</span> <span class='ocrx_word' id='word_1_46' title='bbox 1534 683 1655 731; x_wconf 88' lang='lat' dir='ltr'>festo</span> <span class='ocrx_word' id='word_1_47' title='bbox 1680 681 1996 731; x_wconf 89' lang='lat' dir='ltr'>Pentecostes</span> <span class='ocrx_word' id='word_1_48' title='bbox 2021 683 2185 732; x_wconf 90' lang='lat' dir='ltr'>datam</span> <span class='ocrx_word' id='word_1_49' title='bbox 2210 683 2514 748; x_wconf 80' lang='lat' dir='ltr'>presencium</span> <span class='ocrx_word' id='word_1_50' title='bbox 2539 684 2625 731; x_wconf 87' lang='lat' dir='ltr'>im-</span> 
     </span>
     <span class='ocr_line' id='line_1_6' title="bbox 591 773 2625 842; baseline -0.002 -13"><span class='ocrx_word' id='word_1_51' title='bbox 591 780 800 829; x_wconf 84' lang='lat' dir='ltr'>mediate</span> <span class='ocrx_word' id='word_1_52' title='bbox 827 779 1054 842; x_wconf 88' lang='lat' dir='ltr'>sequente</span> <span class='ocrx_word' id='word_1_53' title='bbox 1086 816 1096 826; x_wconf 86' lang='lat'><strong>.</strong></span> <span class='ocrx_word' id='word_1_54' title='bbox 1122 816 1132 826; x_wconf 92' lang='lat'><strong>.</strong></span> <span class='ocrx_word' id='word_1_55' title='bbox 1159 814 1170 824; x_wconf 87' lang='lat'><strong>.</strong></span> <span class='ocrx_word' id='word_1_56' title='bbox 1194 776 1468 824; x_wconf 88' lang='lat' dir='ltr'>Reddendo</span> <span class='ocrx_word' id='word_1_57' title='bbox 1493 814 1502 823; x_wconf 95' lang='lat'>.</span> <span class='ocrx_word' id='word_1_58' title='bbox 1529 813 1539 823; x_wconf 90' lang='lat'>.</span> <span class='ocrx_word' id='word_1_59' title='bbox 1572 813 1582 823; x_wconf 91' lang='lat'><strong>.</strong></span> <span class='ocrx_word' id='word_1_60' title='bbox 1614 790 1706 838; x_wconf 91' lang='lat' dir='ltr'>pro</span> <span class='ocrx_word' id='word_1_61' title='bbox 1741 773 1884 822; x_wconf 83' lang='lat' dir='ltr'>firma</span> <span class='ocrx_word' id='word_1_62' title='bbox 1907 813 1917 823; x_wconf 89' lang='lat'><strong>.</strong></span> <span class='ocrx_word' id='word_1_63' title='bbox 1954 811 1965 822; x_wconf 92' lang='lat'><strong>.</strong></span> <span class='ocrx_word' id='word_1_64' title='bbox 2000 814 2010 823; x_wconf 93' lang='lat'><strong>.</strong></span> <span class='ocrx_word' id='word_1_65' title='bbox 2045 774 2262 839; x_wconf 90' lang='lat' dir='ltr'>quinque</span> <span class='ocrx_word' id='word_1_66' title='bbox 2286 776 2437 824; x_wconf 89' lang='lat' dir='ltr'>libras</span> <span class='ocrx_word' id='word_1_67' title='bbox 2462 782 2511 824; x_wconf 89' lang='lat' dir='ltr'>et</span> <span class='ocrx_word' id='word_1_68' title='bbox 2534 792 2625 839; x_wconf 91' lang='lat' dir='ltr'>pro</span> 
     </span>
     <span class='ocr_line' id='line_1_7' title="bbox 590 865 2624 919; baseline -0.002 0"><span class='ocrx_word' id='word_1_69' title='bbox 590 871 780 919; x_wconf 83' lang='lat' dir='ltr'>decima</span> <span class='ocrx_word' id='word_1_70' title='bbox 796 908 806 918; x_wconf 88' lang='lat'><strong>.</strong></span> <span class='ocrx_word' id='word_1_71' title='bbox 832 908 841 918; x_wconf 92' lang='lat'><strong>.</strong></span> <span class='ocrx_word' id='word_1_72' title='bbox 868 908 878 918; x_wconf 88' lang='lat'><strong>.</strong></span> <span class='ocrx_word' id='word_1_73' title='bbox 904 876 1003 917; x_wconf 89' lang='lat' dir='ltr'>tres</span> <span class='ocrx_word' id='word_1_74' title='bbox 1027 868 1176 915; x_wconf 90' lang='lat' dir='ltr'>libras</span> <span class='ocrx_word' id='word_1_75' title='bbox 1200 867 1281 915; x_wconf 86' lang='lat' dir='ltr'>sex</span> <span class='ocrx_word' id='word_1_76' title='bbox 1307 865 1483 914; x_wconf 89' lang='lat' dir='ltr'>solidos</span> <span class='ocrx_word' id='word_1_77' title='bbox 1508 873 1558 915; x_wconf 90' lang='lat' dir='ltr'>et</span> <span class='ocrx_word' id='word_1_78' title='bbox 1583 866 1690 913; x_wconf 71' lang='grc' dir='ltr'>οᾶο</span> <span class='ocrx_word' id='word_1_79' title='bbox 1715 865 1945 914; x_wconf 81' lang='lat' dir='ltr'>denarios</span> <span class='ocrx_word' id='word_1_80' title='bbox 1963 905 1973 915; x_wconf 94' lang='lat'><strong>.</strong></span> <span class='ocrx_word' id='word_1_81' title='bbox 1994 905 2003 914; x_wconf 94' lang='lat'><strong>.</strong></span> <span class='ocrx_word' id='word_1_82' title='bbox 2026 902 2037 913; x_wconf 93' lang='lat'><strong>.</strong></span> <span class='ocrx_word' id='word_1_83' title='bbox 2057 875 2254 916; x_wconf 89' lang='lat' dir='ltr'>monete</span> <span class='ocrx_word' id='word_1_84' title='bbox 2275 906 2311 917; x_wconf 91' lang='lat'>..</span> <span class='ocrx_word' id='word_1_85' title='bbox 2332 907 2341 916; x_wconf 92' lang='lat'><strong>.</strong></span> <span class='ocrx_word' id='word_1_86' title='bbox 2366 866 2564 916; x_wconf 89' lang='lat' dir='ltr'>Scocie.</span> <span class='ocrx_word' id='word_1_87' title='bbox 2585 907 2593 917; x_wconf 95' lang='lat'><em>.</em></span> <span class='ocrx_word' id='word_1_88' title='bbox 2616 906 2624 915; x_wconf 93' lang='lat'><strong>.</strong></span> 
     </span>
     <span class='ocr_line' id='line_1_8' title="bbox 586 956 2623 1011; baseline -0.001 -1"><span class='ocrx_word' id='word_1_89' title='bbox 586 963 649 1011; x_wconf 81' lang='lat' dir='ltr'>ad</span> <span class='ocrx_word' id='word_1_90' title='bbox 674 961 905 1010; x_wconf 88' lang='lat' dir='ltr'>terminos</span> <span class='ocrx_word' id='word_1_91' title='bbox 930 959 1203 1007; x_wconf 90' lang='lat' dir='ltr'>huiusmodi</span> <span class='ocrx_word' id='word_1_92' title='bbox 1227 958 1391 1005; x_wconf 89' lang='lat' dir='ltr'>firmas</span> <span class='ocrx_word' id='word_1_93' title='bbox 1428 964 1476 1005; x_wconf 83' lang='lat' dir='ltr'>et</span> <span class='ocrx_word' id='word_1_94' title='bbox 1505 956 1722 1006; x_wconf 87' lang='lat' dir='ltr'>decimas</span> <span class='ocrx_word' id='word_1_95' title='bbox 1757 956 1978 1006; x_wconf 91' lang='lat' dir='ltr'>soluendi</span> <span class='ocrx_word' id='word_1_96' title='bbox 2015 959 2270 1007; x_wconf 91' lang='lat' dir='ltr'>consuetos</span> <span class='ocrx_word' id='word_1_97' title='bbox 2295 966 2478 1007; x_wconf 89' lang='lat' dir='ltr'>etcum</span> <span class='ocrx_word' id='word_1_98' title='bbox 2521 998 2531 1008; x_wconf 89' lang='grc'><strong>.</strong></span> <span class='ocrx_word' id='word_1_99' title='bbox 2567 998 2578 1008; x_wconf 93' lang='grc'><strong>.</strong></span> <span class='ocrx_word' id='word_1_100' title='bbox 2615 998 2623 1008; x_wconf 95' lang='grc'><strong>.</strong></span> 
     </span>
    </p>
   </div>
   <div class='ocr_carea' id='block_1_4' title="bbox 580 1047 2625 1556">
    <p class='ocr_par' dir='ltr' id='par_1_4' title="bbox 580 1047 2625 1556">
     <span class='ocr_line' id='line_1_9' title="bbox 583 1047 2625 1115; baseline -0.001 -14"><span class='ocrx_word' id='word_1_101' title='bbox 583 1053 689 1101; x_wconf 83' lang='lat' dir='ltr'>aliis</span> <span class='ocrx_word' id='word_1_102' title='bbox 736 1050 966 1100; x_wconf 89' lang='lat' dir='ltr'>oneribus</span> <span class='ocrx_word' id='word_1_103' title='bbox 1013 1049 1375 1097; x_wconf 81' lang='lat' dir='ltr'>husbandorum</span> <span class='ocrx_word' id='word_1_104' title='bbox 1414 1087 1423 1097; x_wconf 90' lang='lat'>.</span> <span class='ocrx_word' id='word_1_105' title='bbox 1463 1087 1472 1097; x_wconf 89' lang='lat'>.</span> <span class='ocrx_word' id='word_1_106' title='bbox 1516 1088 1525 1098; x_wconf 89' lang='lat'><strong>.</strong></span> <span class='ocrx_word' id='word_1_107' title='bbox 1566 1047 1677 1096; x_wconf 91' lang='lat' dir='ltr'>Nec</span> <span class='ocrx_word' id='word_1_108' title='bbox 1723 1048 1892 1097; x_wconf 85' lang='lat' dir='ltr'>licebit</span> <span class='ocrx_word' id='word_1_109' title='bbox 1936 1049 2168 1113; x_wconf 62' lang='lat' dir='ltr'>predictis</span> <span class='ocrx_word' id='word_1_110' title='bbox 2207 1090 2216 1099; x_wconf 91' lang='lat'><strong>.</strong></span> <span class='ocrx_word' id='word_1_111' title='bbox 2255 1090 2264 1100; x_wconf 92' lang='lat'><strong>.</strong></span> <span class='ocrx_word' id='word_1_112' title='bbox 2306 1089 2315 1099; x_wconf 95' lang='lat'><strong>.</strong></span> <span class='ocrx_word' id='word_1_113' title='bbox 2356 1050 2625 1115; x_wconf 55' lang='lat' dir='ltr'>prediaam</span> 
     </span>
     <span class='ocr_line' id='line_1_10' title="bbox 582 1139 2625 1206; baseline 0 -15"><span class='ocrx_word' id='word_1_114' title='bbox 582 1143 829 1192; x_wconf 83' lang='lat' dir='ltr'>dimidiam</span> <span class='ocrx_word' id='word_1_115' title='bbox 856 1149 1045 1206; x_wconf 89' lang='lat' dir='ltr'>partem</span> <span class='ocrx_word' id='word_1_116' title='bbox 1081 1180 1091 1190; x_wconf 86' lang='lat'><strong>.</strong></span> <span class='ocrx_word' id='word_1_117' title='bbox 1127 1180 1136 1189; x_wconf 92' lang='lat'><strong>.</strong></span> <span class='ocrx_word' id='word_1_118' title='bbox 1174 1179 1184 1189; x_wconf 89' lang='lat'><strong>.</strong></span> <span class='ocrx_word' id='word_1_119' title='bbox 1211 1140 1425 1189; x_wconf 77' lang='lat' dir='ltr'>affedare</span> <span class='ocrx_word' id='word_1_120' title='bbox 1459 1180 1468 1189; x_wconf 92' lang='lat'><strong><em>.</em></strong></span> <span class='ocrx_word' id='word_1_121' title='bbox 1503 1180 1513 1189; x_wconf 92' lang='lat'><strong>.</strong></span> <span class='ocrx_word' id='word_1_122' title='bbox 1548 1180 1557 1189; x_wconf 89' lang='lat'><strong>.</strong></span> <span class='ocrx_word' id='word_1_123' title='bbox 1594 1140 1695 1189; x_wconf 81' lang='lat' dir='ltr'>{ine</span> <span class='ocrx_word' id='word_1_124' title='bbox 1719 1139 1887 1189; x_wconf 86' lang='lat' dir='ltr'>nostra</span> <span class='ocrx_word' id='word_1_125' title='bbox 1910 1140 2156 1191; x_wconf 85' lang='lat' dir='ltr'>licencia.</span> <span class='ocrx_word' id='word_1_126' title='bbox 2191 1181 2201 1191; x_wconf 93' lang='lat'>.</span> <span class='ocrx_word' id='word_1_127' title='bbox 2237 1181 2246 1191; x_wconf 91' lang='lat'><strong><em>.</em></strong></span> <span class='ocrx_word' id='word_1_128' title='bbox 2278 1143 2478 1191; x_wconf 84' lang='lat' dir='ltr'>cotariis</span> <span class='ocrx_word' id='word_1_129' title='bbox 2503 1143 2625 1192; x_wconf 90' lang='lat' dir='ltr'>dun-</span> 
     </span>
     <span class='ocr_line' id='line_1_11' title="bbox 582 1231 2622 1298; baseline 0 -15"><span class='ocrx_word' id='word_1_130' title='bbox 582 1244 715 1283; x_wconf 84' lang='lat' dir='ltr'>taxat</span> <span class='ocrx_word' id='word_1_131' title='bbox 741 1233 957 1298; x_wconf 86' lang='lat' dir='ltr'>exceptis</span> <span class='ocrx_word' id='word_1_132' title='bbox 981 1260 992 1271; x_wconf 92' lang='lat'><strong>·</strong></span> <span class='ocrx_word' id='word_1_133' title='bbox 1015 1232 1252 1281; x_wconf 86' lang='lat' dir='ltr'>Preterea</span> <span class='ocrx_word' id='word_1_134' title='bbox 1276 1231 1309 1279; x_wconf 88' lang='lat' dir='ltr'>fi</span> <span class='ocrx_word' id='word_1_135' title='bbox 1335 1232 1543 1297; x_wconf 68' lang='lat' dir='ltr'>prediffi</span> <span class='ocrx_word' id='word_1_136' title='bbox 1576 1272 1586 1282; x_wconf 88' lang='lat'><strong>.</strong></span> <span class='ocrx_word' id='word_1_137' title='bbox 1621 1271 1631 1281; x_wconf 91' lang='lat'>.</span> <span class='ocrx_word' id='word_1_138' title='bbox 1664 1271 1675 1281; x_wconf 90' lang='lat'><strong>.</strong></span> <span class='ocrx_word' id='word_1_139' title='bbox 1713 1231 1841 1281; x_wconf 89' lang='lat' dir='ltr'>male</span> <span class='ocrx_word' id='word_1_140' title='bbox 1866 1231 2200 1297; x_wconf 85' lang='lat' dir='ltr'>persoluentes</span> <span class='ocrx_word' id='word_1_141' title='bbox 2225 1243 2310 1282; x_wconf 91' lang='lat' dir='ltr'>aut</span> <span class='ocrx_word' id='word_1_142' title='bbox 2339 1234 2481 1283; x_wconf 90' lang='lat' dir='ltr'>nobis</span> <span class='ocrx_word' id='word_1_143' title='bbox 2517 1272 2529 1283; x_wconf 93' lang='lat'><strong>.</strong></span> <span class='ocrx_word' id='word_1_144' title='bbox 2566 1275 2575 1284; x_wconf 93' lang='lat'>.</span> <span class='ocrx_word' id='word_1_145' title='bbox 2613 1275 2622 1284; x_wconf 92' lang='lat'><strong>.</strong></span> 
     </span>
     <span class='ocr_line' id='line_1_12' title="bbox 580 1324 2624 1390; baseline 0 -17"><span class='ocrx_word' id='word_1_146' title='bbox 580 1325 796 1374; x_wconf 86' lang='lat' dir='ltr'>iniuriofi</span> <span class='ocrx_word' id='word_1_147' title='bbox 834 1364 843 1373; x_wconf 92' lang='lat'><strong>.</strong></span> <span class='ocrx_word' id='word_1_148' title='bbox 881 1364 890 1374; x_wconf 87' lang='lat'><strong>.</strong></span> <span class='ocrx_word' id='word_1_149' title='bbox 928 1364 937 1374; x_wconf 91' lang='lat'><strong>.</strong></span> <span class='ocrx_word' id='word_1_150' title='bbox 974 1324 1160 1373; x_wconf 88' lang='lat' dir='ltr'>fuerint</span> <span class='ocrx_word' id='word_1_151' title='bbox 1183 1324 1351 1373; x_wconf 89' lang='lat' dir='ltr'>licebit</span> <span class='ocrx_word' id='word_1_152' title='bbox 1375 1324 1517 1372; x_wconf 88' lang='lat' dir='ltr'>nobis</span> <span class='ocrx_word' id='word_1_153' title='bbox 1543 1364 1552 1373; x_wconf 92' lang='lat'><strong>.</strong></span> <span class='ocrx_word' id='word_1_154' title='bbox 1590 1364 1599 1373; x_wconf 91' lang='lat'><strong>.</strong></span> <span class='ocrx_word' id='word_1_155' title='bbox 1638 1363 1647 1372; x_wconf 86' lang='lat'><strong>.</strong></span> <span class='ocrx_word' id='word_1_156' title='bbox 1684 1324 1746 1373; x_wconf 90' lang='lat' dir='ltr'>de</span> <span class='ocrx_word' id='word_1_157' title='bbox 1774 1324 1996 1389; x_wconf 67' lang='lat' dir='ltr'>predicta</span> <span class='ocrx_word' id='word_1_158' title='bbox 2020 1325 2226 1374; x_wconf 88' lang='lat' dir='ltr'>dimidia</span> <span class='ocrx_word' id='word_1_159' title='bbox 2249 1334 2390 1390; x_wconf 88' lang='lat' dir='ltr'>parte</span> <span class='ocrx_word' id='word_1_160' title='bbox 2415 1366 2424 1375; x_wconf 92' lang='lat'><strong>.</strong></span> <span class='ocrx_word' id='word_1_161' title='bbox 2451 1366 2460 1376; x_wconf 94' lang='lat'><strong>.</strong></span> <span class='ocrx_word' id='word_1_162' title='bbox 2487 1366 2497 1375; x_wconf 90' lang='lat'><strong>.</strong></span> <span class='ocrx_word' id='word_1_163' title='bbox 2534 1327 2624 1375; x_wconf 88' lang='lat' dir='ltr'>dis-</span> 
     </span>
     <span class='ocr_line' id='line_1_13' title="bbox 580 1414 2622 1481; baseline 0.001 -17"><span class='ocrx_word' id='word_1_164' title='bbox 580 1433 763 1481; x_wconf 88' lang='lat' dir='ltr'>ponere</span> <span class='ocrx_word' id='word_1_165' title='bbox 801 1455 811 1465; x_wconf 90' lang='lat'>.</span> <span class='ocrx_word' id='word_1_166' title='bbox 849 1456 858 1465; x_wconf 93' lang='lat'>.</span> <span class='ocrx_word' id='word_1_167' title='bbox 896 1456 906 1466; x_wconf 88' lang='lat'><strong>.</strong></span> <span class='ocrx_word' id='word_1_168' title='bbox 952 1416 1102 1480; x_wconf 92' lang='lat' dir='ltr'>Apud</span> <span class='ocrx_word' id='word_1_169' title='bbox 1125 1414 1474 1464; x_wconf 87' lang='lat' dir='ltr'>monasterium</span> <span class='ocrx_word' id='word_1_170' title='bbox 1508 1454 1518 1465; x_wconf 91' lang='lat'><strong>.</strong></span> <span class='ocrx_word' id='word_1_171' title='bbox 1556 1455 1565 1464; x_wconf 97' lang='lat'><strong><em>.</em></strong></span> <span class='ocrx_word' id='word_1_172' title='bbox 1604 1455 1612 1464; x_wconf 92' lang='lat'><strong><em>.</em></strong></span> <span class='ocrx_word' id='word_1_173' title='bbox 1647 1415 1874 1464; x_wconf 82' lang='lat' dir='ltr'>xxiiidie</span> <span class='ocrx_word' id='word_1_174' title='bbox 1897 1415 2073 1465; x_wconf 75' lang='lat' dir='ltr'>mensis</span> <span class='ocrx_word' id='word_1_175' title='bbox 2096 1416 2237 1466; x_wconf 85' lang='lat' dir='ltr'>Junii</span> <span class='ocrx_word' id='word_1_176' title='bbox 2263 1434 2393 1466; x_wconf 89' lang='lat' dir='ltr'>anno</span> <span class='ocrx_word' id='word_1_177' title='bbox 2417 1417 2622 1467; x_wconf 87' lang='lat' dir='ltr'>Domini</span> 
     </span>
     <span class='ocr_line' id='line_1_14' title="bbox 590 1511 724 1556; baseline 0.007 -1"><span class='ocrx_word' id='word_1_178' title='bbox 590 1511 724 1556; x_wconf 82' lang='lat'>1485.</span> 
     </span>
    </p>
   </div>
   <div class='ocr_carea' id='block_1_5' title="bbox 586 1765 1494 1843">
    <p class='ocr_par' dir='ltr' id='par_1_5' title="bbox 586 1765 1494 1843">
     <span class='ocr_line' id='line_1_15' title="bbox 586 1765 1494 1843; baseline -0.011 -8"><span class='ocrx_word' id='word_1_179' title='bbox 586 1765 867 1836; x_wconf 80' lang='lat' dir='ltr'>Affedaeio</span> <span class='ocrx_word' id='word_1_180' title='bbox 893 1790 1134 1830; x_wconf 87' lang='lat' dir='ltr'>terrarum</span> <span class='ocrx_word' id='word_1_181' title='bbox 1159 1779 1219 1827; x_wconf 92' lang='lat' dir='ltr'>de</span> <span class='ocrx_word' id='word_1_182' title='bbox 1245 1777 1494 1843; x_wconf 76' lang='lat' dir='ltr'>Kynclun,</span> 
     </span>
    </p>
   </div>
   <div class='ocr_carea' id='block_1_6' title="bbox 584 1929 2622 3109">
    <p class='ocr_par' dir='ltr' id='par_1_6' title="bbox 584 1929 2622 3109">
     <span class='ocr_line' id='line_1_16' title="bbox 587 1929 2621 2014; baseline -0.004 -14"><span class='ocrx_word' id='word_1_183' title='bbox 587 1929 860 2002; x_wconf 85' lang='lat' dir='ltr'>Uniuerfis</span> <span class='ocrx_word' id='word_1_184' title='bbox 884 1957 1050 2014; x_wconf 87' lang='lat' dir='ltr'>pateat</span> <span class='ocrx_word' id='word_1_185' title='bbox 1082 1988 1091 1998; x_wconf 93' lang='lat'><strong>.</strong></span> <span class='ocrx_word' id='word_1_186' title='bbox 1129 1987 1138 1997; x_wconf 93' lang='lat'><strong>.</strong></span> <span class='ocrx_word' id='word_1_187' title='bbox 1175 1987 1185 1997; x_wconf 88' lang='lat'><strong>.</strong></span> <span class='ocrx_word' id='word_1_188' title='bbox 1219 1964 1307 1995; x_wconf 91' lang='lat' dir='ltr'>nos</span> <span class='ocrx_word' id='word_1_189' title='bbox 1330 1946 1501 1995; x_wconf 86' lang='lat' dir='ltr'>Dauid</span> <span class='ocrx_word' id='word_1_190' title='bbox 1538 1985 1546 1994; x_wconf 92' lang='lat'><em>.</em></span> <span class='ocrx_word' id='word_1_191' title='bbox 1584 1984 1594 1994; x_wconf 88' lang='lat'><strong>.</strong></span> <span class='ocrx_word' id='word_1_192' title='bbox 1632 1984 1642 1994; x_wconf 92' lang='lat'><strong>.</strong></span> <span class='ocrx_word' id='word_1_193' title='bbox 1675 1945 1902 1993; x_wconf 84' lang='lat' dir='ltr'>abbatem</span> <span class='ocrx_word' id='word_1_194' title='bbox 1935 1983 1945 1993; x_wconf 91' lang='lat'><strong>.</strong></span> <span class='ocrx_word' id='word_1_195' title='bbox 1986 1983 1995 1993; x_wconf 92' lang='lat'><strong>.</strong></span> <span class='ocrx_word' id='word_1_196' title='bbox 2034 1983 2044 1993; x_wconf 89' lang='lat'><strong>.</strong></span> <span class='ocrx_word' id='word_1_197' title='bbox 2077 1944 2139 1993; x_wconf 88' lang='lat' dir='ltr'>de</span> <span class='ocrx_word' id='word_1_198' title='bbox 2161 1943 2498 1993; x_wconf 89' lang='lat' dir='ltr'>Abirbrothoc</span> <span class='ocrx_word' id='word_1_199' title='bbox 2529 1981 2538 1991; x_wconf 89' lang='lat'><strong>.</strong></span> <span class='ocrx_word' id='word_1_200' title='bbox 2569 1981 2578 1991; x_wconf 92' lang='lat'>.</span> <span class='ocrx_word' id='word_1_201' title='bbox 2611 1980 2621 1990; x_wconf 87' lang='lat'><strong>.</strong></span> 
     </span>
     <span class='ocr_line' id='line_1_17' title="bbox 585 2035 2622 2090; baseline -0.002 0"><span class='ocrx_word' id='word_1_202' title='bbox 585 2040 806 2090; x_wconf 78' lang='lat' dir='ltr'>affedaffe</span> <span class='ocrx_word' id='word_1_203' title='bbox 836 2080 846 2090; x_wconf 87' lang='lat'><strong>.</strong></span> <span class='ocrx_word' id='word_1_204' title='bbox 884 2080 893 2090; x_wconf 90' lang='lat'>.</span> <span class='ocrx_word' id='word_1_205' title='bbox 931 2080 941 2089; x_wconf 88' lang='lat'><strong>.</strong></span> <span class='ocrx_word' id='word_1_206' title='bbox 978 2039 1227 2089; x_wconf 90' lang='lat' dir='ltr'>Willelmo</span> <span class='ocrx_word' id='word_1_207' title='bbox 1255 2037 1468 2087; x_wconf 89' lang='lat' dir='ltr'>Tulloch</span> <span class='ocrx_word' id='word_1_208' title='bbox 1495 2066 1506 2077; x_wconf 87' lang='lat'><strong>·</strong></span> <span class='ocrx_word' id='word_1_209' title='bbox 1532 2035 1821 2085; x_wconf 87' lang='lat' dir='ltr'>Alexandro</span> <span class='ocrx_word' id='word_1_210' title='bbox 1848 2035 1997 2085; x_wconf 89' lang='lat' dir='ltr'>Tullo</span> <span class='ocrx_word' id='word_1_211' title='bbox 2022 2063 2033 2073; x_wconf 95' lang='lat'><strong>·</strong></span> <span class='ocrx_word' id='word_1_212' title='bbox 2057 2042 2107 2085; x_wconf 87' lang='lat' dir='ltr'>et</span> <span class='ocrx_word' id='word_1_213' title='bbox 2131 2035 2226 2084; x_wconf 88' lang='lat' dir='ltr'>suis</span> <span class='ocrx_word' id='word_1_214' title='bbox 2256 2035 2622 2085; x_wconf 86' lang='lat' dir='ltr'>coadiutoribus</span> 
     </span>
     <span class='ocr_line' id='line_1_18' title="bbox 586 2127 2621 2198; baseline -0.003 -16"><span class='ocrx_word' id='word_1_215' title='bbox 586 2133 802 2183; x_wconf 91' lang='lat' dir='ltr'>Roberto</span> <span class='ocrx_word' id='word_1_216' title='bbox 838 2133 1010 2198; x_wconf 91' lang='lat' dir='ltr'>Peddy</span> <span class='ocrx_word' id='word_1_217' title='bbox 1035 2159 1045 2169; x_wconf 94' lang='lat'><strong>·</strong></span> <span class='ocrx_word' id='word_1_218' title='bbox 1069 2130 1302 2180; x_wconf 91' lang='lat' dir='ltr'>Donaldo</span> <span class='ocrx_word' id='word_1_219' title='bbox 1338 2129 1512 2195; x_wconf 88' lang='lat' dir='ltr'>Peddy</span> <span class='ocrx_word' id='word_1_220' title='bbox 1538 2157 1549 2169; x_wconf 87' lang='lat'><strong>·</strong></span> <span class='ocrx_word' id='word_1_221' title='bbox 1574 2128 1795 2177; x_wconf 88' lang='lat' dir='ltr'>Patricio</span> <span class='ocrx_word' id='word_1_222' title='bbox 1829 2128 2033 2176; x_wconf 88' lang='lat' dir='ltr'>Andree</span> <span class='ocrx_word' id='word_1_223' title='bbox 2058 2156 2069 2167; x_wconf 94' lang='lat'><strong>·</strong></span> <span class='ocrx_word' id='word_1_224' title='bbox 2095 2134 2144 2176; x_wconf 89' lang='lat' dir='ltr'>et</span> <span class='ocrx_word' id='word_1_225' title='bbox 2167 2127 2419 2176; x_wconf 89' lang='lat' dir='ltr'>Willelmo</span> <span class='ocrx_word' id='word_1_226' title='bbox 2449 2127 2621 2194; x_wconf 74' lang='lat' dir='ltr'>Peddy</span> 
     </span>
     <span class='ocr_line' id='line_1_19' title="bbox 584 2219 2620 2287; baseline -0.003 -13"><span class='ocrx_word' id='word_1_227' title='bbox 584 2265 593 2274; x_wconf 92' lang='lat'><strong>.</strong></span> <span class='ocrx_word' id='word_1_228' title='bbox 631 2264 641 2274; x_wconf 92' lang='lat'><strong>.</strong></span> <span class='ocrx_word' id='word_1_229' title='bbox 683 2264 692 2274; x_wconf 93' lang='lat'>.</span> <span class='ocrx_word' id='word_1_230' title='bbox 732 2234 888 2274; x_wconf 85' lang='lat' dir='ltr'>terras</span> <span class='ocrx_word' id='word_1_231' title='bbox 927 2223 1040 2272; x_wconf 87' lang='lat' dir='ltr'>ville</span> <span class='ocrx_word' id='word_1_232' title='bbox 1082 2221 1244 2272; x_wconf 89' lang='lat' dir='ltr'>nostre</span> <span class='ocrx_word' id='word_1_233' title='bbox 1285 2222 1347 2270; x_wconf 90' lang='lat' dir='ltr'>de</span> <span class='ocrx_word' id='word_1_234' title='bbox 1386 2220 1700 2287; x_wconf 90' lang='lat' dir='ltr'>Kynclwyne</span> <span class='ocrx_word' id='word_1_235' title='bbox 1747 2259 1757 2269; x_wconf 93' lang='lat'><strong>.</strong></span> <span class='ocrx_word' id='word_1_236' title='bbox 1800 2258 1811 2270; x_wconf 90' lang='lat'><strong>.</strong></span> <span class='ocrx_word' id='word_1_237' title='bbox 1852 2260 1863 2270; x_wconf 83' lang='lat'>.</span> <span class='ocrx_word' id='word_1_238' title='bbox 1903 2219 2168 2284; x_wconf 87' lang='lat' dir='ltr'>vnicuique</span> <span class='ocrx_word' id='word_1_239' title='bbox 2210 2226 2447 2284; x_wconf 88' lang='lat' dir='ltr'>quantum</span> <span class='ocrx_word' id='word_1_240' title='bbox 2489 2236 2620 2268; x_wconf 92' lang='lat' dir='ltr'>nunc</span> 
     </span>
     <span class='ocr_line' id='line_1_20' title="bbox 585 2310 2619 2380; baseline -0.002 -17"><span class='ocrx_word' id='word_1_241' title='bbox 585 2325 792 2380; x_wconf 85' lang='lat' dir='ltr'>occupat</span> <span class='ocrx_word' id='word_1_242' title='bbox 818 2332 913 2364; x_wconf 86' lang='lat' dir='ltr'>vna</span> <span class='ocrx_word' id='word_1_243' title='bbox 936 2332 1045 2363; x_wconf 89' lang='lat' dir='ltr'>cum</span> <span class='ocrx_word' id='word_1_244' title='bbox 1071 2314 1273 2363; x_wconf 86' lang='lat' dir='ltr'>decimis</span> <span class='ocrx_word' id='word_1_245' title='bbox 1297 2313 1579 2378; x_wconf 85' lang='lat' dir='ltr'>garbalibus</span> <span class='ocrx_word' id='word_1_246' title='bbox 1600 2352 1610 2362; x_wconf 88' lang='lat'><strong>.</strong></span> <span class='ocrx_word' id='word_1_247' title='bbox 1637 2351 1647 2361; x_wconf 93' lang='lat'><strong><em>.</em></strong></span> <span class='ocrx_word' id='word_1_248' title='bbox 1670 2351 1680 2361; x_wconf 94' lang='lat'><strong><em>.</em></strong></span> <span class='ocrx_word' id='word_1_249' title='bbox 1705 2328 1796 2376; x_wconf 89' lang='lat' dir='ltr'>pro</span> <span class='ocrx_word' id='word_1_250' title='bbox 1820 2310 2033 2360; x_wconf 84' lang='lat' dir='ltr'>termino</span> <span class='ocrx_word' id='word_1_251' title='bbox 2059 2311 2241 2376; x_wconf 87' lang='lat' dir='ltr'>septem</span> <span class='ocrx_word' id='word_1_252' title='bbox 2267 2328 2507 2361; x_wconf 84' lang='lat' dir='ltr'>annorum</span> <span class='ocrx_word' id='word_1_253' title='bbox 2530 2349 2540 2360; x_wconf 88' lang='lat'><strong>.</strong></span> <span class='ocrx_word' id='word_1_254' title='bbox 2568 2348 2579 2359; x_wconf 87' lang='lat'><strong>.</strong></span> <span class='ocrx_word' id='word_1_255' title='bbox 2608 2348 2619 2359; x_wconf 91' lang='lat'><strong>.</strong></span> 
     </span>
     <span class='ocr_line' id='line_1_21' title="bbox 585 2402 2620 2474; baseline -0.002 -18"><span class='ocrx_word' id='word_1_256' title='bbox 585 2408 795 2457; x_wconf 90' lang='lat' dir='ltr'>termino</span> <span class='ocrx_word' id='word_1_257' title='bbox 820 2424 936 2455; x_wconf 89' lang='lat' dir='ltr'>vero</span> <span class='ocrx_word' id='word_1_258' title='bbox 961 2406 1192 2455; x_wconf 86' lang='lat' dir='ltr'>introitus</span> <span class='ocrx_word' id='word_1_259' title='bbox 1229 2443 1239 2453; x_wconf 91' lang='lat'><strong>.</strong></span> <span class='ocrx_word' id='word_1_260' title='bbox 1282 2444 1291 2454; x_wconf 90' lang='lat'><strong>.</strong></span> <span class='ocrx_word' id='word_1_261' title='bbox 1335 2443 1345 2453; x_wconf 92' lang='lat'><strong><em>.</em></strong></span> <span class='ocrx_word' id='word_1_262' title='bbox 1381 2404 1651 2469; x_wconf 89' lang='lat' dir='ltr'>incipiente</span> <span class='ocrx_word' id='word_1_263' title='bbox 1687 2404 1739 2452; x_wconf 91' lang='lat' dir='ltr'>in</span> <span class='ocrx_word' id='word_1_264' title='bbox 1779 2402 1947 2469; x_wconf 91' lang='lat' dir='ltr'>[festo]</span> <span class='ocrx_word' id='word_1_265' title='bbox 1987 2402 2489 2474; x_wconf 79' lang='lat' dir='ltr'>Pentecostesdatam</span> <span class='ocrx_word' id='word_1_266' title='bbox 2512 2419 2620 2467; x_wconf 91' lang='lat' dir='ltr'>pre·</span> 
     </span>
     <span class='ocr_line' id='line_1_22' title="bbox 589 2494 2619 2561; baseline -0.002 -15"><span class='ocrx_word' id='word_1_267' title='bbox 589 2499 799 2546; x_wconf 89' lang='lat' dir='ltr'>sencium</span> <span class='ocrx_word' id='word_1_268' title='bbox 825 2497 1104 2546; x_wconf 82' lang='lat' dir='ltr'>immediate</span> <span class='ocrx_word' id='word_1_269' title='bbox 1126 2497 1356 2561; x_wconf 85' lang='lat' dir='ltr'>sequente</span> <span class='ocrx_word' id='word_1_270' title='bbox 1381 2535 1391 2545; x_wconf 91' lang='lat'><strong>.</strong></span> <span class='ocrx_word' id='word_1_271' title='bbox 1418 2535 1427 2544; x_wconf 91' lang='lat'><strong>.</strong></span> <span class='ocrx_word' id='word_1_272' title='bbox 1454 2536 1464 2546; x_wconf 89' lang='lat'>.</span> <span class='ocrx_word' id='word_1_273' title='bbox 1491 2496 1766 2545; x_wconf 86' lang='lat' dir='ltr'>Reddendo</span> <span class='ocrx_word' id='word_1_274' title='bbox 1792 2534 1801 2543; x_wconf 95' lang='lat'><em>.</em></span> <span class='ocrx_word' id='word_1_275' title='bbox 1828 2534 1837 2543; x_wconf 94' lang='lat'><strong>.</strong></span> <span class='ocrx_word' id='word_1_276' title='bbox 1864 2533 1875 2544; x_wconf 91' lang='lat'>.</span> <span class='ocrx_word' id='word_1_277' title='bbox 1905 2512 1996 2559; x_wconf 92' lang='lat' dir='ltr'>pro</span> <span class='ocrx_word' id='word_1_278' title='bbox 2019 2494 2162 2543; x_wconf 87' lang='lat' dir='ltr'>firma</span> <span class='ocrx_word' id='word_1_279' title='bbox 2184 2495 2265 2542; x_wconf 81' lang='lat' dir='ltr'>sex</span> <span class='ocrx_word' id='word_1_280' title='bbox 2288 2494 2438 2543; x_wconf 89' lang='lat' dir='ltr'>libras</span> <span class='ocrx_word' id='word_1_281' title='bbox 2463 2501 2513 2543; x_wconf 90' lang='lat' dir='ltr'>et</span> <span class='ocrx_word' id='word_1_282' title='bbox 2529 2511 2619 2560; x_wconf 91' lang='lat' dir='ltr'>pro</span> 
     </span>
     <span class='ocr_line' id='line_1_23' title="bbox 589 2586 2618 2653; baseline -0.002 -15"><span class='ocrx_word' id='word_1_283' title='bbox 589 2590 779 2638; x_wconf 84' lang='lat' dir='ltr'>decima</span> <span class='ocrx_word' id='word_1_284' title='bbox 798 2597 1006 2653; x_wconf 87' lang='lat' dir='ltr'>quatuor</span> <span class='ocrx_word' id='word_1_285' title='bbox 1025 2589 1176 2637; x_wconf 86' lang='lat' dir='ltr'>libras</span> <span class='ocrx_word' id='word_1_286' title='bbox 1201 2628 1210 2636; x_wconf 91' lang='lat'><strong>.</strong></span> <span class='ocrx_word' id='word_1_287' title='bbox 1237 2627 1247 2637; x_wconf 93' lang='lat'>.</span> <span class='ocrx_word' id='word_1_288' title='bbox 1275 2626 1286 2637; x_wconf 93' lang='lat'><strong><em>.</em></strong></span> <span class='ocrx_word' id='word_1_289' title='bbox 1308 2597 1505 2637; x_wconf 88' lang='lat' dir='ltr'>monete</span> <span class='ocrx_word' id='word_1_290' title='bbox 1531 2628 1540 2637; x_wconf 90' lang='lat'><strong>.</strong></span> <span class='ocrx_word' id='word_1_291' title='bbox 1567 2628 1576 2636; x_wconf 91' lang='lat'><strong>.</strong></span> <span class='ocrx_word' id='word_1_292' title='bbox 1604 2628 1613 2637; x_wconf 91' lang='lat'><strong>.</strong></span> <span class='ocrx_word' id='word_1_293' title='bbox 1640 2587 1812 2636; x_wconf 90' lang='lat' dir='ltr'>Scocie</span> <span class='ocrx_word' id='word_1_294' title='bbox 1833 2597 1881 2637; x_wconf 87' lang='lat' dir='ltr'>et</span> <span class='ocrx_word' id='word_1_295' title='bbox 1901 2604 2012 2635; x_wconf 89' lang='lat' dir='ltr'>cum</span> <span class='ocrx_word' id='word_1_296' title='bbox 2031 2625 2042 2635; x_wconf 88' lang='lat'><strong>.</strong></span> <span class='ocrx_word' id='word_1_297' title='bbox 2062 2625 2072 2635; x_wconf 95' lang='lat'><strong>.</strong></span> <span class='ocrx_word' id='word_1_298' title='bbox 2093 2624 2103 2635; x_wconf 91' lang='lat'><strong>.</strong></span> <span class='ocrx_word' id='word_1_299' title='bbox 2123 2586 2232 2635; x_wconf 87' lang='lat' dir='ltr'>aliis</span> <span class='ocrx_word' id='word_1_300' title='bbox 2255 2586 2618 2635; x_wconf 82' lang='lat' dir='ltr'>husbandorum</span> 
     </span>
     <span class='ocr_line' id='line_1_24' title="bbox 589 2677 2618 2745; baseline -0.002 -16"><span class='ocrx_word' id='word_1_301' title='bbox 589 2681 817 2729; x_wconf 90' lang='lat' dir='ltr'>oneribus</span> <span class='ocrx_word' id='word_1_302' title='bbox 860 2719 869 2729; x_wconf 94' lang='lat'><strong>.</strong></span> <span class='ocrx_word' id='word_1_303' title='bbox 911 2718 921 2728; x_wconf 93' lang='lat'>.</span> <span class='ocrx_word' id='word_1_304' title='bbox 964 2718 975 2729; x_wconf 89' lang='lat'><strong>.</strong></span> <span class='ocrx_word' id='word_1_305' title='bbox 1017 2680 1257 2728; x_wconf 89' lang='lat' dir='ltr'>consuetis</span> <span class='ocrx_word' id='word_1_306' title='bbox 1294 2709 1303 2719; x_wconf 92' lang='lat'><strong>·</strong></span> <span class='ocrx_word' id='word_1_307' title='bbox 1342 2680 1451 2728; x_wconf 90' lang='lat' dir='ltr'>Nec</span> <span class='ocrx_word' id='word_1_308' title='bbox 1490 2680 1659 2728; x_wconf 90' lang='lat' dir='ltr'>licebit</span> <span class='ocrx_word' id='word_1_309' title='bbox 1698 2679 1931 2745; x_wconf 68' lang='lat' dir='ltr'>prediffis</span> <span class='ocrx_word' id='word_1_310' title='bbox 1974 2716 1985 2727; x_wconf 90' lang='lat'><strong>.</strong></span> <span class='ocrx_word' id='word_1_311' title='bbox 2028 2716 2039 2727; x_wconf 91' lang='grc'><strong>.</strong></span> <span class='ocrx_word' id='word_1_312' title='bbox 2084 2716 2095 2727; x_wconf 94' lang='grc'><strong>.</strong></span> <span class='ocrx_word' id='word_1_313' title='bbox 2137 2679 2410 2743; x_wconf 73' lang='lat' dir='ltr'>predi&amp;am</span> <span class='ocrx_word' id='word_1_314' title='bbox 2454 2677 2618 2727; x_wconf 90' lang='lat' dir='ltr'>villam</span> 
     </span>
     <span class='ocr_line' id='line_1_25' title="bbox 590 2771 2619 2822; baseline 0 -3"><span class='ocrx_word' id='word_1_315' title='bbox 590 2771 801 2819; x_wconf 87' lang='lat' dir='ltr'>nostram</span> <span class='ocrx_word' id='word_1_316' title='bbox 838 2810 846 2820; x_wconf 94' lang='lat'><strong><em>.</em></strong></span> <span class='ocrx_word' id='word_1_317' title='bbox 880 2810 889 2820; x_wconf 95' lang='lat'><strong>.</strong></span> <span class='ocrx_word' id='word_1_318' title='bbox 922 2810 932 2819; x_wconf 95' lang='lat'><strong>.</strong></span> <span class='ocrx_word' id='word_1_319' title='bbox 966 2771 1112 2819; x_wconf 86' lang='lat' dir='ltr'>alicui</span> <span class='ocrx_word' id='word_1_320' title='bbox 1151 2808 1162 2819; x_wconf 90' lang='lat'><strong>.</strong></span> <span class='ocrx_word' id='word_1_321' title='bbox 1197 2807 1209 2818; x_wconf 88' lang='lat'><strong>.</strong></span> <span class='ocrx_word' id='word_1_322' title='bbox 1245 2808 1255 2818; x_wconf 92' lang='lat'><strong>.</strong></span> <span class='ocrx_word' id='word_1_323' title='bbox 1289 2772 1554 2819; x_wconf 85' lang='lat' dir='ltr'>arrendare</span> <span class='ocrx_word' id='word_1_324' title='bbox 1589 2809 1600 2819; x_wconf 90' lang='lat'><strong>.</strong></span> <span class='ocrx_word' id='word_1_325' title='bbox 1634 2810 1645 2821; x_wconf 94' lang='lat'><strong>.</strong></span> <span class='ocrx_word' id='word_1_326' title='bbox 1681 2810 1693 2821; x_wconf 88' lang='lat'>.</span> <span class='ocrx_word' id='word_1_327' title='bbox 1726 2772 1825 2822; x_wconf 82' lang='lat' dir='ltr'>fine</span> <span class='ocrx_word' id='word_1_328' title='bbox 1850 2772 2016 2821; x_wconf 88' lang='lat' dir='ltr'>nostra</span> <span class='ocrx_word' id='word_1_329' title='bbox 2039 2772 2251 2821; x_wconf 88' lang='lat' dir='ltr'>licencia</span> <span class='ocrx_word' id='word_1_330' title='bbox 2280 2808 2291 2820; x_wconf 92' lang='lat'><strong>.</strong></span> <span class='ocrx_word' id='word_1_331' title='bbox 2326 2808 2337 2820; x_wconf 91' lang='lat'><strong>.</strong></span> <span class='ocrx_word' id='word_1_332' title='bbox 2377 2808 2388 2819; x_wconf 86' lang='lat'><strong>.</strong></span> <span class='ocrx_word' id='word_1_333' title='bbox 2423 2771 2619 2820; x_wconf 87' lang='lat' dir='ltr'>cotariis</span> 
     </span>
     <span class='ocr_line' id='line_1_26' title="bbox 591 2860 2619 2929; baseline 0 -18"><span class='ocrx_word' id='word_1_334' title='bbox 591 2864 828 2911; x_wconf 85' lang='lat' dir='ltr'>duntaxat</span> <span class='ocrx_word' id='word_1_335' title='bbox 852 2861 1066 2925; x_wconf 84' lang='lat' dir='ltr'>exceptis</span> <span class='ocrx_word' id='word_1_336' title='bbox 1091 2888 1100 2899; x_wconf 91' lang='lat'><strong>·</strong></span> <span class='ocrx_word' id='word_1_337' title='bbox 1125 2860 1359 2909; x_wconf 88' lang='lat' dir='ltr'>Preterea</span> <span class='ocrx_word' id='word_1_338' title='bbox 1383 2860 1415 2907; x_wconf 85' lang='lat' dir='ltr'>fi</span> <span class='ocrx_word' id='word_1_339' title='bbox 1439 2862 1645 2925; x_wconf 66' lang='lat' dir='ltr'>prediffi</span> <span class='ocrx_word' id='word_1_340' title='bbox 1684 2901 1694 2911; x_wconf 88' lang='lat'><strong>.</strong></span> <span class='ocrx_word' id='word_1_341' title='bbox 1734 2900 1745 2911; x_wconf 93' lang='lat'>.</span> <span class='ocrx_word' id='word_1_342' title='bbox 1786 2902 1797 2913; x_wconf 90' lang='lat'><strong>.</strong></span> <span class='ocrx_word' id='word_1_343' title='bbox 1833 2863 1961 2913; x_wconf 90' lang='lat' dir='ltr'>male</span> <span class='ocrx_word' id='word_1_344' title='bbox 1996 2863 2330 2929; x_wconf 90' lang='lat' dir='ltr'>persoluentes</span> <span class='ocrx_word' id='word_1_345' title='bbox 2364 2863 2447 2911; x_wconf 90' lang='lat' dir='ltr'>seu</span> <span class='ocrx_word' id='word_1_346' title='bbox 2481 2862 2619 2911; x_wconf 91' lang='lat' dir='ltr'>nobis</span> 
     </span>
     <span class='ocr_line' id='line_1_27' title="bbox 698 2952 2619 3019; baseline -0 -17.052"><span class='ocrx_word' id='word_1_347' title='bbox 698 2952 917 3001; x_wconf 80' lang='lat' dir='ltr'>iniuriosi</span> <span class='ocrx_word' id='word_1_348' title='bbox 955 2989 965 3000; x_wconf 95' lang='lat'>.</span> <span class='ocrx_word' id='word_1_349' title='bbox 1006 2990 1017 3000; x_wconf 86' lang='lat'><strong>.</strong></span> <span class='ocrx_word' id='word_1_350' title='bbox 1054 2990 1063 3000; x_wconf 93' lang='lat'><strong>.</strong></span> <span class='ocrx_word' id='word_1_351' title='bbox 1099 2952 1282 3000; x_wconf 88' lang='lat' dir='ltr'>fuerint</span> <span class='ocrx_word' id='word_1_352' title='bbox 1306 2952 1475 3000; x_wconf 88' lang='lat' dir='ltr'>licebit</span> <span class='ocrx_word' id='word_1_353' title='bbox 1498 2953 1637 3001; x_wconf 89' lang='lat' dir='ltr'>nobis</span> <span class='ocrx_word' id='word_1_354' title='bbox 1675 2992 1685 3003; x_wconf 92' lang='lat'><strong>.</strong></span> <span class='ocrx_word' id='word_1_355' title='bbox 1728 2992 1739 3003; x_wconf 90' lang='lat'><strong>.</strong></span> <span class='ocrx_word' id='word_1_356' title='bbox 1779 2993 1790 3003; x_wconf 90' lang='lat'><strong><em>.</em></strong></span> <span class='ocrx_word' id='word_1_357' title='bbox 1827 2957 1888 3004; x_wconf 94' lang='lat' dir='ltr'>de</span> <span class='ocrx_word' id='word_1_358' title='bbox 1927 2994 1937 3004; x_wconf 89' lang='lat'>.</span> <span class='ocrx_word' id='word_1_359' title='bbox 1978 2993 1988 3004; x_wconf 90' lang='lat'><strong>.</strong></span> <span class='ocrx_word' id='word_1_360' title='bbox 2029 2993 2040 3003; x_wconf 94' lang='lat'><strong>.</strong></span> <span class='ocrx_word' id='word_1_361' title='bbox 2075 2955 2194 3003; x_wconf 87' lang='lat' dir='ltr'>villa</span> <span class='ocrx_word' id='word_1_362' title='bbox 2225 2992 2236 3003; x_wconf 92' lang='lat'><strong>.</strong></span> <span class='ocrx_word' id='word_1_363' title='bbox 2275 2992 2286 3004; x_wconf 88' lang='lat'><strong>.</strong></span> <span class='ocrx_word' id='word_1_364' title='bbox 2321 2992 2333 3003; x_wconf 85' lang='lat'><strong>.</strong></span> <span class='ocrx_word' id='word_1_365' title='bbox 2365 2954 2619 3019; x_wconf 87' lang='lat' dir='ltr'>disponere</span> 
     </span>
     <span class='ocr_line' id='line_1_28' title="bbox 594 3044 2509 3109; baseline 0 -15"><span class='ocrx_word' id='word_1_366' title='bbox 594 3082 605 3094; x_wconf 90' lang='lat'><strong>.</strong></span> <span class='ocrx_word' id='word_1_367' title='bbox 633 3083 644 3094; x_wconf 92' lang='lat'><strong>.</strong></span> <span class='ocrx_word' id='word_1_368' title='bbox 672 3082 684 3094; x_wconf 90' lang='lat'><strong>.</strong></span> <span class='ocrx_word' id='word_1_369' title='bbox 710 3045 861 3109; x_wconf 92' lang='lat' dir='ltr'>Apud</span> <span class='ocrx_word' id='word_1_370' title='bbox 883 3044 1229 3093; x_wconf 86' lang='lat' dir='ltr'>monasterium</span> <span class='ocrx_word' id='word_1_371' title='bbox 1257 3080 1268 3092; x_wconf 89' lang='lat'>.</span> <span class='ocrx_word' id='word_1_372' title='bbox 1297 3080 1308 3092; x_wconf 92' lang='lat'><strong>.</strong></span> <span class='ocrx_word' id='word_1_373' title='bbox 1338 3081 1348 3092; x_wconf 95' lang='lat'><strong>.</strong></span> <span class='ocrx_word' id='word_1_374' title='bbox 1376 3044 1493 3092; x_wconf 85' lang='lat' dir='ltr'>xxiii</span> <span class='ocrx_word' id='word_1_375' title='bbox 1519 3045 1595 3093; x_wconf 90' lang='lat' dir='ltr'>die</span> <span class='ocrx_word' id='word_1_376' title='bbox 1619 3045 1795 3095; x_wconf 80' lang='lat' dir='ltr'>menfis</span> <span class='ocrx_word' id='word_1_377' title='bbox 1818 3046 1853 3096; x_wconf 84' lang='lat' dir='ltr'>J</span> <span class='ocrx_word' id='word_1_378' title='bbox 1858 3047 1960 3096; x_wconf 90' lang='lat' dir='ltr'>unii</span> <span class='ocrx_word' id='word_1_379' title='bbox 1985 3046 2345 3097; x_wconf 80' lang='lat' dir='ltr'>annoDomini</span> <span class='ocrx_word' id='word_1_380' title='bbox 2368 3050 2509 3094; x_wconf 85' lang='lat'>1485.</span> 
     </span>
    </p>
   </div>
  </div>
 </body>
</html>
