2742 3848
507 397 608 443 540
1145 389 1445 442 CARTAE
1484 384 1953 438 ORIGINALES.

504 526 847 578 Abirbrothoc
871 553 883 566 ·
912 524 1099 575 Omnia
1123 532 1289 574 autem
1314 524 1448 571 dona
1477 520 1704 586 predicta
1726 519 1799 569 ita
1821 519 2099 569 liberaliter
2125 528 2175 570 et
2199 521 2367 585 quiete
2390 524 2582 588 prefate

507 621 713 673 66616116
739 619 962 670 concedo
987 617 1110 667 ficut
1135 634 1227 680 ego
1251 623 1412 665 terras
1436 631 1572 663 meas
1594 613 1828 679 proprias
1863 611 2082 678 poffideo
2118 613 2405 664 defenfione
2441 618 2586 683 regni

509 715 608 765 mei
634 721 844 778 excepta
867 719 917 761 et
941 710 1099 776 regali
1133 708 1330 758 iusticia
1354 707 1389 756 fi
1414 708 1566 757 abbas
1591 708 1646 756 in
1671 707 1813 757 curia
1842 707 1930 758 sua
1967 707 2138 773 aliqua
2172 708 2492 774 negligencia
2527 711 2589 759 de

509 808 706 858 iusticia
746 804 992 855 deciderit
1032 831 1043 841 ·
1089 802 1262 862 Quare
1308 801 1421 851 uolo
1458 808 1508 850 et
1543 801 1757 850 firmiter
1787 801 2016 867 precipio
2060 802 2195 866 quod
2235 802 2343 867 ipsa
2384 802 2593 851 ecclefia

515 900 684 952 Sancti
727 898 922 948 Thome
971 898 1033 946 de
1079 895 1426 946 Abirbrothoc
1474 902 1524 944 et
1570 894 1722 961 ipfius
1770 894 1976 945 ecclesie
2027 895 2180 944 abbas
2223 902 2273 945 et
2315 904 2594 945 conuentus

510 995 730 1045 habeant
753 1000 804 1042 et
828 998 1035 1041 teneant
1059 990 1112 1039 in
1137 995 1435 1056 perpetuum
1463 988 1645 1037 omnia·
1661 988 1890 1054 predicta
1924 996 2216 1038 tenementa
2251 995 2301 1038 et
2335 989 2593 1038 libertates

511 1089 635 1137 ficut
658 1086 883 1152 superius
909 1083 1300 1134 determinatum
1326 1082 1398 1132 est
1422 1099 1537 1132 cum
1560 1082 1710 1131 terris
1735 1092 1785 1133 et
1810 1099 1924 1131 cum
1961 1082 2190 1132 omnibus
2225 1061 2595 1148 poffeffionibus

512 1190 561 1231 et
587 1198 699 1230 cum
726 1179 956 1228 omnibus
992 1178 1293 1227 tenementis
1316 1175 1673 1226 ecclesiasticis
1699 1183 1749 1225 et
1772 1175 2076 1225 secularibus
2110 1193 2206 1240 que
2232 1193 2326 1242 ego
2352 1184 2402 1226 et
2424 1176 2596 1226 fideles

512 1275 611 1324 mei
637 1273 939 1322 contulimus
965 1279 1015 1321 et
1040 1270 1275 1320 collaturi
1298 1270 1464 1319 sumus
1488 1269 1618 1319 bene
1643 1277 1694 1319 et
1718 1269 1771 1319 in
1795 1287 1920 1335 pace
1945 1269 2104 1319 libere
2130 1277 2180 1319 et
2205 1270 2373 1335 quiete
2399 1270 2597 1335 integre

513 1377 575 1418 et·
597 1366 825 1433 plenarie
851 1373 901 1415 et
923 1364 1201 1414 honorifice
1225 1364 1279 1413 in
1303 1364 1451 1413 bosco
1477 1369 1527 1411 et
1551 1362 1703 1429 plano
1727 1362 1782 1411 in
1805 1363 1966 1428 pratis
1990 1370 2040 1412 et
2063 1362 2279 1428 pasturis
2302 1363 2356 1411 in
2381 1363 2523 1428 aquis
2548 1371 2597 1413 et

512 1461 814 1512 molendinis
858 1461 911 1509 in
956 1459 1164 1509 viuariis
1209 1466 1260 1508 et
1303 1457 1491 1525 stagnis
1535 1457 1588 1506 in
1626 1456 1853 1522 piscariis
1899 1464 1950 1506 et
1994 1456 2218 1506 mariseis
2259 1457 2315 1505 in
2357 1456 2504 1506 vastis
2547 1465 2597 1506 et

512 1555 746 1623 scalingis
781 1555 836 1604 in
872 1554 968 1604 viis
1003 1561 1053 1603 et
1087 1553 1274 1603 semitis
1311 1559 1360 1603 et
1395 1552 1451 1601 in
1487 1549 1719 1600 omnibus
1745 1550 1856 1599 aliis
1891 1549 2015 1599 locis
2041 1557 2091 1600 et
2115 1550 2226 1599 aliis
2250 1551 2399 1600 rebus
2425 1552 2490 1600 ad
2514 1568 2599 1601 eas

512 1649 883 1716 pertinentibus
922 1665 1037 1698 cum
1079 1646 1309 1696 omnibus
1348 1644 1668 1695 libertatibus
1711 1651 1761 1693 et
1800 1643 1973 1692 liberis
2019 1644 2460 1693 consuetudinibus
2503 1644 2598 1693 suis

515 1743 638 1792 ficut
664 1743 828 1792 eidem
854 1741 1059 1791 ecclesie
1085 1738 1296 1789 conceffi
1334 1746 1383 1789 et
1418 1739 1515 1788 hac
1551 1746 1692 1788 carta
1727 1755 1841 1788 mea
1877 1738 2172 1787 confirmaui
2215 1766 2226 1777 ·
2270 1737 2383 1788 Nec
2419 1738 2600 1803 aliquis

514 1835 840 1901 successorum
881 1852 1109 1885 meorum
1156 1833 1374 1898 aliquam
1425 1832 1575 1882 aliam
1622 1831 1896 1882 secularem
1945 1831 2267 1882 exaccionem
2315 1832 2377 1881 ab
2426 1832 2599 1881 eadem

516 1928 725 1979 ecclesia
764 1927 933 1979 Sancti
970 1926 1168 1976 Thome
1211 1926 1380 1991 exigat
1420 1954 1430 1964 ·
1475 1925 1709 1975 Testibus
1732 1925 1969 1976 Jocelino
2002 1925 2233 1991 episcopo
2259 1923 2549 1991 Glasguenfi
2587 1954 2597 1964 ·

515 2023 726 2072 Andrea
763 2023 995 2088 episcopo
1038 2019 1309 2071 Catenenfi
1349 2047 1361 2058 ·
1402 2018 1800 2086 A[rchinbaldo]
1842 2020 2023 2070 abbate
2067 2020 2130 2069 de
2172 2018 2546 2086 Dunfermelyn
2587 2049 2597 2059 ·

516 2116 742 2166 Roberto
767 2116 947 2164 abbate
973 2114 1036 2163 de
1065 2112 1232 2163 Scona
1269 2142 1280 2152 ·
1325 2112 1508 2162 comite
1532 2113 1786 2163 Duncano
1830 2143 1841 2154 ·
1883 2113 2066 2163 comite
2096 2112 2330 2163 Gilberto
2368 2140 2378 2151 ·
2419 2112 2598 2162 comite

517 2208 769 2258 Waldeuo
811 2236 823 2247 ·
869 2206 1124 2258 Gillebrid
1165 2205 1346 2255 comite
1386 2205 1448 2254 de
1484 2205 1693 2273 Anegus
1733 2235 1744 2246 ·
1780 2205 1856 2256 M.
1895 2206 2078 2257 comite
2117 2205 2325 2255 Atholie
2365 2235 2375 2247 ·
2421 2205 2599 2256 comite

521 2302 749 2354 Colbano
772 2331 783 2342 ·
810 2301 1032 2351 Ricardo
1058 2301 1120 2349 de
1146 2299 1387 2349 Moruille
1413 2299 1781 2349 constabulario
1807 2329 1818 2339 ·
1845 2299 2077 2349 Waltero
2104 2300 2268 2351 Olifer
2291 2299 2565 2349 iusticiario
2589 2328 2597 2338 ·

519 2397 751 2447 Waltero
777 2398 839 2447 de
864 2396 1080 2462 Bercley
1106 2394 1383 2445 camerario
1426 2422 1437 2432 ·
1475 2393 1734 2444 Willelmo
1771 2394 1834 2442 de
1872 2392 2152 2444 Mortemer
2194 2423 2204 2434 ·
2245 2392 2503 2443 Willelmo
2539 2391 2599 2440 de

518 2491 770 2557 Lyndesai
816 2516 827 2531 ·
870 2490 1130 2540 Willelmo
1185 2490 1248 2539 de
1305 2489 1460 2555 Haya
1504 2515 1516 2527 ·
1564 2486 1731 2536 Alano
1788 2486 1891 2535 filio
1939 2485 2157 2546 Walteri
2204 2513 2216 2524 ·
2259 2484 2488 2535 Waltero
2539 2484 2599 2533 de

519 2583 822 2634 Windesour
864 2612 875 2623 ·
913 2583 1138 2633 Roberto
1170 2583 1232 2631 de
1259 2581 1475 2648 Bercley
1517 2609 1527 2620 ·
1564 2579 1819 2629 Willelmo
1853 2579 1958 2628 filio
1996 2578 2209 2629 Toraldi
2251 2605 2261 2616 ·
2303 2578 2504 2643 Rogero
2539 2577 2599 2626 de

521 2676 714 2726 Valans
758 2706 768 2716 ·
807 2676 843 2725 J
846 2676 1044 2725 ohanne
1082 2676 1144 2725 de
1180 2675 1399 2742 Londyn
1439 2706 1449 2716 ·
1495 2674 1635 2734 Quas
1672 2673 1875 2739 quidem
1917 2672 2223 2722 donaciones
2259 2679 2308 2720 et
2346 2670 2596 2719 confirma·

522 2771 692 2820 ciones
726 2787 818 2818 nos
860 2807 871 2818 .
916 2808 926 2818 .
968 2809 977 2819 .
1014 2770 1066 2818 in
1102 2776 1402 2834 perpetuum
1440 2768 1792 2818 confirmamus
1836 2794 1848 2805 ·
1890 2765 1954 2816 In
1986 2765 2128 2815 cuius
2160 2765 2236 2814 rei
2266 2762 2596 2814 testimonium

519 2863 739 2929 presenti
765 2869 903 2912 carte
927 2861 1095 2911 nostre
1120 2861 1336 2928 figillum
1361 2862 1586 2911 nostrum
1621 2859 1940 2926 precepimus
1975 2859 2162 2925 apponi
2200 2885 2212 2897 ·
2247 2857 2452 2908 testibus
2480 2855 2594 2922 [etc.

522 2966 577 3006 ut
611 2956 665 3005 in
691 2954 809 3005 Vol.
835 2954 880 3004 Ι.
907 2953 1008 3003 No,
1036 2953 1177 3020 277]
1232 2993 1242 3003 .
1294 2994 1304 3004 .
1357 2994 1366 3004 .
1417 2954 1575 3020 Apud
1610 2953 1797 3003 Forfar
1832 2953 1995 3019 primo
2025 2953 2107 3004 die
2132 2951 2432 3003 Decembris
2467 2966 2596 3000 anno

523 3049 670 3116 regni
693 3047 852 3098 nostri
876 3046 1083 3113 septimo
1109 3046 1323 3097 decimo.
2553 3044 2572 3047 ”
