2762 3834
429 1418 524 1462 205

437 2131 532 2179 206

572 388 666 433 180
1010 372 1432 429 REGISTRUM
1464 369 1561 421 DE
1596 363 2153 418 ABERBROTHOC.

571 521 794 581 rynmart
817 520 867 562 et
889 511 1077 576 wethyr
1101 518 1151 558 et
1182 508 1290 556 aliis
1315 502 1677 553 husbandorum
1709 498 1941 547 oneribus
1976 535 1986 545 .
2035 534 2044 543 .
2087 534 2096 544 .
2139 495 2374 544 Preterea
2411 494 2443 543 fi
2476 495 2593 543 dieti

625 645 634 655 .
677 645 686 655 .
725 604 851 654 male
896 601 1227 667 persoluentes
1273 603 1357 644 aut
1403 592 1543 641 nobis
1582 630 1592 640 .
1631 626 1644 637 .
1682 626 1694 638 .
1730 586 1952 637 iniuriosi
1985 625 1995 635 .
2029 625 2039 636 .
2074 626 2083 635 .
2121 586 2377 635 extiterint
2421 585 2591 635 licebit

573 696 711 745 nobis
743 734 752 743 .
786 734 795 742 .
830 733 838 742 .
875 693 936 740 de
960 688 1233 739 huiusmodi
1257 685 1401 735 terris
1426 699 1537 732 cum
1552 680 1755 730 decimis
1780 679 1844 727 ad
1868 717 1877 727 .
1903 716 1913 726 .
1939 716 1949 725 .
1973 676 2168 726 libitum
2200 715 2211 726 .
2247 715 2257 726 .
2292 716 2302 726 .
2335 676 2593 742 disponere

574 826 582 835 .
619 826 628 835 .
665 824 675 835 .
714 784 823 833 Nec
846 782 1013 831 licebit
1037 780 1106 829 eis
1142 818 1151 827 .
1188 817 1198 826 .
1235 816 1244 826 .
1281 775 1462 825 didam
1486 772 1741 821 dimidiam
1757 775 1951 835 partem
1969 785 2081 818 cum
2102 768 2304 818 decimis
2339 807 2349 817 .
2387 806 2397 818 .
2434 807 2443 817 .
2481 766 2596 817 affe·

573 880 688 926 dare
711 876 807 923 fine
830 873 996 922 nostra
1012 870 1223 919 licencia
1262 907 1272 916 .
1311 906 1321 916 .
1359 905 1368 916 .
1406 864 1606 914 cotariis
1629 863 1870 911 duntaxat
1893 859 2112 925 exceptis
2146 899 2156 909 .
2190 899 2200 909 .
2234 899 2243 909 .
2279 859 2431 924 Apud
2452 859 2598 908 Abir-

572 966 775 1016 brothoc
798 964 880 1013 xix
904 963 983 1011 die
1006 961 1178 1010 menfis
1202 957 1461 1008 Februarii
1486 972 1616 1005 anno
1641 961 1732 1003 etc.
1751 951 1963 1001 lxxviii0.

576 1217 855 1288 Affedacio
880 1232 1080 1282 dimidie
1103 1230 1258 1296 partis
1282 1229 1397 1278 ville
1422 1229 1483 1277 de
1505 1227 1794 1276 Burntown.

577 1396 850 1469 Uniuerfis
873 1422 1039 1480 pateat
1063 1453 1072 1462 .
1100 1452 1108 1461 .
1136 1452 1144 1461 .
1169 1429 1258 1460 nos
1288 1410 1571 1476 Georgeum
1597 1449 1606 1459 .
1633 1450 1642 1459 .
1669 1449 1678 1459 .
1705 1410 1931 1459 abbatem
1956 1449 1965 1458 .
1993 1448 2002 1458 .
2029 1447 2039 1458 .
2064 1409 2127 1457 de
2160 1407 2495 1458 Abirbrothoc
2521 1447 2530 1457 .
2558 1448 2567 1456 .
2594 1446 2603 1455 .

576 1507 797 1558 assedass'e
822 1547 831 1556 .
858 1547 867 1555 .
894 1547 902 1555 .
929 1506 1147 1555 Roberto
1171 1504 1407 1553 Durwart
1431 1511 1481 1551 et
1503 1501 1756 1551 Willelmo
1781 1501 2019 1550 Durwart
2047 1500 2150 1548 filio
2183 1500 2268 1548 suo
2290 1499 2473 1548 iuniori
2505 1538 2514 1547 .
2550 1538 2559 1547 .
2596 1537 2605 1547 .

575 1618 665 1665 pro
706 1607 809 1648 toto
848 1607 1067 1662 tempore
1104 1597 1203 1645 vite
1248 1594 1360 1661 [etc.
1390 1601 1445 1643 ut
1467 1594 1615 1659 supra
1648 1593 1746 1642 No.
1771 1592 1891 1658 204]
1934 1631 1944 1641 .
1981 1631 1990 1640 .
2028 1631 2038 1641 .
2076 1591 2229 1657 Apud
2270 1590 2606 1640 Abirbrothoc

579 1698 659 1740 xx⁰
680 1691 759 1739 die
779 1689 954 1739 mensis
977 1687 1235 1737 Februarii
1258 1703 1387 1736 anno
1411 1685 1618 1735 Domini
1640 1702 1690 1733 m
1714 1701 1830 1734 cccc
1853 1683 2058 1733 lxxviii‘.

582 1937 927 2009 Confirmacio
949 1957 1086 2023 regia
1109 1957 1251 2021 super
1275 1955 1729 2021 Balnamonysmyr.

582 2116 813 2187 Jacobus
854 2176 863 2185 .
898 2176 907 2184 .
942 2175 951 2184 .
987 2152 1074 2183 rex
1099 2134 1357 2184 Scotorum
1382 2132 1608 2181 omnibus
1630 2172 1648 2191 f
1683 2172 1691 2180 .
1729 2172 1738 2181 .
1773 2141 1905 2182 terre
1929 2132 2012 2181 sue
2041 2172 2050 2181 .
2084 2172 2093 2181 .
2127 2172 2136 2181 .
2170 2133 2373 2182 salutem
2398 2161 2408 2172 ·
2434 2132 2611 2182 Sciatis

584 2245 671 2276 nos
709 2267 717 2276 .
758 2267 766 2276 .
806 2267 815 2275 .
855 2227 1166 2275 indenturam
1208 2225 1470 2274 concordie
1508 2264 1517 2274 .
1558 2265 1567 2273 .
1607 2264 1616 2273 .
1655 2224 1830 2273 factam
1871 2224 2004 2274 inter
2039 2225 2287 2290 quondam
2325 2264 2334 2273 .
2378 2264 2387 2273 .
2431 2263 2439 2273 .
2483 2224 2610 2273 Mal-

586 2336 775 2367 comum
800 2318 1024 2367 abbatem
1066 2357 1075 2365 .
1119 2357 1127 2365 .
1171 2356 1180 2365 .
1220 2317 1282 2364 de
1304 2316 1640 2365 Abirbrothoc
1664 2323 1714 2365 et
1745 2323 2045 2365 conuentum
2081 2316 2295 2365 eiusdem
2326 2333 2387 2365 ex
2422 2333 2520 2365 vna
2554 2334 2611 2364 ac

587 2410 831 2472 quondam
847 2408 1259 2472 consanguineum
1274 2406 1492 2455 nostrum
1507 2407 1542 2456 J
1545 2407 1789 2456 ohannem
1811 2406 2021 2457 Stewart
2041 2415 2161 2456 tunc
2178 2407 2434 2457 dominum
2452 2407 2613 2456 Lorne

588 2516 645 2547 ac
680 2500 913 2547 baronem
950 2499 1154 2548 baronie
1191 2499 1253 2547 de
1290 2497 1584 2547 Innerkelar
1623 2499 1848 2563 partibus
1891 2500 1954 2549 ab
1999 2499 2158 2549 altera
2202 2499 2345 2564 super
2390 2499 2615 2548 omnibus

590 2590 858 2638 afflonibus
899 2628 907 2637 .
950 2628 959 2638 .
1000 2628 1009 2637 .
1051 2589 1179 2637 inter
1203 2589 1356 2638 dictas
1378 2597 1543 2653 partes
1565 2590 1880 2654 tangentibus
1895 2592 2180 2640 marrefium
2199 2590 2450 2656 wlgariter
2473 2606 2614 2639 voca-

590 2688 693 2728 tum
715 2680 762 2728 le
784 2696 923 2744 myre
947 2680 1008 2727 de
1034 2679 1371 2728 Balnamoune
1395 2697 1453 2728 ac
1495 2719 1504 2728 .
1548 2719 1556 2728 .
1600 2720 1609 2730 .
1652 2682 1832 2732 diuisas
1856 2683 2072 2732 eiusdem
2093 2700 2192 2733 vna
2205 2701 2318 2733 cum
2334 2684 2482 2733 certis
2506 2682 2614 2731 aliis

592 2771 1045 2836 appun&uamentis
1087 2809 1095 2818 .
1139 2809 1148 2818 .
1191 2809 1200 2818 .
1243 2771 1307 2818 ad
1342 2771 1543 2834 plenum
1578 2772 1866 2823 intellexisse
1902 2777 1957 2824 in
1995 2776 2166 2842 wlgari
2205 2775 2291 2824 sub
2327 2775 2422 2824 hac
2459 2775 2615 2823 forma

596 2863 706 2928 [etc.
733 2869 786 2910 ut
809 2862 953 2925 supra
976 2860 1071 2909 No,
1094 2860 1210 2925 105]
1247 2899 1256 2909 .
1290 2900 1300 2910 .
1337 2900 1347 2910 .
1385 2861 1747 2927 Quamquidem
1779 2905 1789 2915 .
1823 2906 1832 2915 .
1867 2906 1876 2915 .
1909 2867 2225 2918 indenturam
2242 2884 2301 2916 ac
2318 2869 2616 2931 appunaua-

591 2961 758 3002 menta
791 2991 801 3001 .
838 2991 847 3001 .
885 2991 894 3000 .
928 2968 1019 3015 pro
1042 2959 1281 3015 perpetuo
1306 2952 1649 3002 confirmamus
1673 2955 1818 3006 saluis
1841 2958 1983 3007 nobis
2007 2997 2018 3008 .
2044 2997 2054 3007 .
2080 2997 2089 3007 .
2114 2958 2305 3007 iuribus
2329 2965 2379 3007 et
2397 2957 2615 3007 seruiciis

593 3046 653 3093 de
678 3044 809 3092 dicto
833 3041 1059 3090 marresio
1082 3042 1259 3090 bondis
1283 3051 1332 3091 et
1352 3043 1494 3091 metis
1518 3044 1730 3094 eiusdem
1755 3065 1813 3096 ac
1843 3049 1988 3098 terris
2018 3050 2250 3115 prediffis
2285 3057 2400 3099 ante
2423 3048 2617 3115 presen-

594 3146 691 3186 tem
717 3134 1143 3185 confirmacionem
1167 3134 1307 3183 nobis
1331 3135 1509 3184 debitis
1533 3143 1584 3185 et
1608 3137 1850 3188 consuetis
1875 3168 1885 3179 ·
1912 3139 1973 3189 In
2009 3141 2149 3190 cuius
2183 3141 2257 3191 rei
2288 3139 2614 3191 testimonium
