2762 3834
511 1284 608 1329 248

520 2649 615 2698 249

658 344 755 389 214
1099 329 1521 385 REGISTRUM
1554 328 1652 378 DE
1687 323 2244 377 ABERBROTHOC.

663 509 675 521 .
716 510 727 520 .
767 509 778 520 .
818 470 988 520 Scocie
1013 469 1076 517 ad
1120 505 1130 516 .
1176 504 1187 515 .
1233 503 1244 514 .
1287 464 1408 513 festa
1450 500 1462 511 .
1501 498 1512 509 .
1553 498 1563 509 .
1607 458 1901 508 Natiuitatis
1928 456 2115 508 Christi
2138 465 2188 508 et
2214 457 2506 508 Natiuitatis
2533 458 2699 510 Sanffi

660 561 906 612 Johannis
945 558 1153 623 baptiste
1197 592 1208 603 .
1253 594 1265 604 .
1311 592 1322 603 .
1366 553 1444 602 vel
1484 552 1616 600 infra
1655 549 1863 616 triginta
1903 549 2008 598 dies
2050 578 2060 589 ·
2100 548 2168 600 Et
2207 550 2240 599 fi
2269 550 2537 617 -contingat
2579 589 2590 600 .
2636 590 2646 600 .
2687 590 2697 600 .

661 651 944 718 magistrum
985 648 1329 698 Alexandrum
1370 645 1422 693 in
1463 642 1712 691 solucione
1755 678 1767 689 .
1813 678 1824 689 .
1871 677 1882 689 .
1925 640 2139 690 deficere
2183 678 2195 690 .
2241 679 2252 690 .
2298 678 2310 690 .
2351 642 2520 691 licebit
2561 643 2700 691 nobis

663 783 673 792 .
713 781 724 792 .
765 781 775 791 .
813 743 874 790 de
912 778 923 789 .
963 778 974 788 .
1015 777 1025 788 .
1063 736 1267 787 ecclefia
1302 744 1351 785 et
1387 733 1591 783 decimis
1614 734 1678 782 ad
1717 770 1729 781 .
1769 769 1782 782 .
1821 770 1833 781 .
1868 732 2065 782 libitum
2108 770 2120 781 .
2165 771 2176 782 .
2222 771 2233 781 .
2276 733 2532 799 disponere
2577 772 2588 782 .
2632 772 2643 783 .
2689 773 2699 783 .

659 832 809 896 Apud
848 868 858 878 .
901 867 911 878 .
952 867 962 877 .
1004 827 1272 892 capitulum
1298 826 1430 875 sexto
1455 826 1536 874 die
1560 823 1737 874 menfis
1761 823 2022 873 Februarii
2047 842 2177 874 anno
2202 824 2409 874 Domini
2437 828 2612 875 1484&

660 1084 941 1157 Affedacio
966 1103 1164 1152 dimidie
1188 1101 1341 1167 partis
1368 1101 1482 1150 ville
1507 1101 1568 1149 de
1594 1100 1847 1167 Baldewy.

651 1261 786 1333 'Nos
809 1281 979 1330 Dauid
1016 1318 1027 1329 .
1064 1317 1074 1328 .
1110 1317 1121 1328 .
1159 1280 1309 1328 abbas
1335 1316 1346 1327 .
1375 1314 1386 1326 .
1415 1316 1427 1327 .
1463 1280 1524 1350 de
1549 1278 1886 1329 Abirbrothoc
1927 1317 1939 1329 .
1983 1317 1993 1328 .
2036 1316 2047 1328 .
2086 1280 2355 1331 affedamus
2399 1320 2409 1331 .
2453 1321 2463 1331 .
2506 1321 2516 1331 .
2559 1283 2704 1332 Petro

661 1373 785 1439 Seyr
809 1382 857 1423 et
882 1372 1152 1422 Elezabeth
1176 1371 1345 1437 sponse
1369 1370 1453 1420 sue
1493 1409 1503 1419 .
1546 1410 1555 1420 .
1599 1410 1609 1420 .
1652 1370 1842 1436 suisque
1865 1372 2312 1422 coadiutoribusset
2334 1373 2703 1424 subtenentibus

663 1466 772 1531 [pro
805 1474 909 1516 toto
941 1474 1165 1530 tempore
1201 1463 1321 1530 vite]
1361 1503 1371 1513 .
1409 1503 1418 1512 .
1455 1503 1465 1513 .
1502 1463 1769 1512 dimediam
1806 1470 1998 1528 partem
2030 1463 2146 1513 ville
2173 1464 2339 1515 nostre
2371 1466 2433 1514 de
2468 1465 2704 1532 Baldowy

659 1558 788 1607 infra
810 1558 1066 1607 baroniam
1090 1557 1306 1605 nostram
1342 1556 1404 1605 de
1440 1554 1829 1621 Kyncoldrowm
1866 1572 1978 1605 cum
2013 1556 2219 1605 decimis
2252 1557 2538 1621 garbalibus
2584 1598 2593 1607 .
2640 1596 2650 1606 .
2693 1597 2702 1606 .

659 1650 907 1699 Soluendo
943 1686 955 1698 .
997 1687 1005 1695 .
1045 1685 1057 1696 .
1093 1666 1184 1714 pro
1207 1647 1350 1697 firma
1373 1648 1502 1697 di8ce
1527 1647 1731 1696 dimidie
1754 1647 1911 1713 partis
1930 1648 2149 1713 quinque
2167 1647 2319 1698 libras
2357 1687 2368 1698 .
2408 1687 2420 1699 .
2461 1687 2471 1698 .
2509 1659 2704 1700 monete

664 1741 836 1792 Scocie
861 1742 924 1789 ad
960 1778 971 1789 .
1011 1777 1022 1789 .
1062 1778 1073 1789 .
1111 1740 1232 1789 festa
1269 1778 1280 1789 .
1319 1778 1330 1788 .
1370 1777 1382 1789 .
1418 1740 1733 1789 Pentecostes
1758 1747 1807 1789 et
1832 1739 1998 1789 Sanffi
2021 1738 2231 1790 Martini
2274 1779 2287 1790 .
2333 1779 2343 1790 .
2389 1779 2399 1790 .
2443 1758 2555 1791 cum
2590 1760 2704 1808 ryn-

661 1842 788 1882 mart
813 1841 862 1882 et
886 1833 1059 1882 veddir
1083 1840 1132 1882 et
1156 1832 1264 1882 aliis
1287 1819 1654 1882 husbandorum
1679 1832 1913 1882 oneribus
1960 1873 1969 1882 .
2020 1873 2029 1882 .
2079 1872 2089 1882 .
2139 1840 2188 1882 et
2211 1850 2304 1898 pro
2328 1834 2522 1883 decima
2570 1873 2581 1883 .
2631 1873 2642 1883 .
2692 1872 2703 1884 .

664 1935 764 1975 tres
787 1926 939 1975 libras
964 1926 1042 1975 sex
1065 1925 1244 1974 solidos
1277 1934 1326 1975 et
1358 1929 1464 1975 οᾶο
1500 1925 1732 1975 denarios
1768 1925 1833 1974 ad
1868 1963 1881 1974 .
1919 1963 1931 1974 .
1968 1964 1978 1974 .
2021 1925 2146 1974 festa
2182 1962 2193 1974 .
2233 1963 2244 1974 .
2285 1962 2296 1974 .
2332 1924 2706 1976 Purificacionis

667 2018 818 2067 Beate
851 2017 1012 2066 Marie
1048 2025 1097 2067 et
1131 2018 1314 2067 Pasche
1351 2056 1361 2067 .
1398 2057 1409 2067 .
1448 2056 1459 2066 .
1494 2018 1706 2067 termino
1736 2016 2010 2083 [introitus]
2050 2054 2062 2066 .
2100 2055 2111 2066 .
2150 2053 2161 2066 .
2198 2016 2468 2083 incipiente
2500 2018 2551 2067 in
2584 2019 2704 2067 festo

667 2109 978 2158 Pentecostes
1025 2110 1189 2158 datam
1234 2109 1538 2174 presencium
1586 2108 1869 2158 immediate
1915 2108 2150 2174 sequente
2198 2149 2206 2158 .
2258 2147 2269 2158 .
2318 2147 2329 2158 .
2377 2110 2528 2175 Apud
2575 2147 2586 2159 .
2636 2149 2646 2159 .
2694 2150 2702 2159 .

668 2199 935 2265 capitulum
961 2202 1087 2249 xwi
1110 2201 1190 2249 die
1214 2201 1388 2251 menfis
1413 2200 1604 2266 Aprilis
1630 2218 1760 2249 anno
1785 2200 1993 2250 Domini
2020 2203 2195 2250 1485&

666 2448 945 2518 Affedacio
970 2469 1270 2518 decimarum
1291 2471 1566 2535 garbalium
1589 2472 1650 2520 de
1675 2471 1906 2521 Tulloch.

657 2620 945 2691 -Vniuerfis
967 2650 1133 2706 pateat
1181 2679 1192 2690 .
1238 2680 1255 2691 ..
1294 2682 1302 2691 .
1345 2659 1436 2691 nos
1471 2643 1641 2693 Dauid
1681 2683 1691 2693 .
1737 2682 1748 2692 .
1792 2682 1803 2693 .
1847 2645 2074 2694 abbatem
2118 2683 2129 2694 .
2175 2683 2186 2693 .
2229 2683 2239 2694 .
2283 2646 2345 2696 de
2370 2647 2704 2698 Abirbrothoc

722 2770 733 2780 .
780 2769 790 2781 .
834 2731 1054 2781 affedaffe
1096 2772 1106 2781 .
1148 2770 1158 2780 .
1201 2769 1213 2781 .
1258 2733 1480 2783 Waltero
1516 2734 1679 2783 Wode
1714 2736 1775 2784 de
1812 2735 2110 2802 Bonytoune
2144 2736 2408 2786 heredibus
2441 2738 2537 2787 suis
2580 2775 2592 2786 .
2633 2773 2646 2785 .
2690 2774 2702 2785 .

668 2832 717 2872 et
752 2822 998 2888 affignatis
1034 2823 1299 2872 dimediam
1332 2833 1523 2888 partem
1557 2827 1823 2891 garbarum
1859 2828 2174 2877 decimalium
2209 2828 2325 2878 ville
2367 2830 2428 2878 de
2465 2829 2615 2879 Tullo
2655 2836 2702 2877 et

669 2915 815 2964 aliam
850 2914 1104 2962 dimidiam
1137 2919 1328 2979 Partem
1362 2917 1627 2981 garbarum
1663 2918 1975 2969 decimalium
2011 2920 2127 2970 ville
2161 2921 2381 2986 predi&e
2418 2920 2702 2970 Alexandro

671 3006 820 3055 Tullo
843 3005 1106 3055 heredibus
1132 3005 1227 3055 suis
1273 3045 1284 3055 .
1332 3045 1342 3055 .
1391 3046 1400 3057 .
1449 3014 1498 3056 et
1521 3006 1767 3072 affignat-is
1790 3027 1881 3074 pro
1914 3012 2138 3061 terminis
2173 3012 2429 3062 tresdecim
2465 3027 2701 3061 annorum

672 3134 683 3145 .
723 3135 733 3145 .
775 3135 785 3145 .
824 3097 1033 3146 termino
1066 3114 1184 3147 vero
1220 3098 1450 3147 introitus
1491 3138 1500 3148 .
1544 3138 1554 3148 .
1597 3136 1608 3148 .
1650 3099 1919 3164 incipiente
1953 3102 2007 3151 in
2042 3101 2163 3152 festo
2199 3102 2365 3153 Sanffi
2400 3103 2537 3153 Petri
2572 3101 2699 3167 quod
