2762 3834
563 336 659 380 110
1003 329 1430 383 REGISTRUM
1463 328 1562 378 DE
1598 324 2160 377 ABERBROTHOC.

560 465 734 530 quinta
780 493 790 504 ·
838 464 1106 514 indiffione
1146 463 1349 528 septima
1385 492 1395 501 ·
1443 461 1760 526 pontificatus
1801 498 1810 507 .
1850 497 1860 508 .
1905 498 1914 508 .
1958 459 2147 507 domini
2196 458 2275 508 Pii
2318 498 2327 507 .
2372 497 2382 507 .
2430 497 2439 507 .
2489 475 2617 523 pape

561 557 760 607 secundi
784 574 916 605 anno
940 557 1100 621 primo
1127 584 1137 595 ·
1162 556 1213 603 in
1245 555 1343 603 mei
1379 593 1387 602 .
1433 593 1442 602 .
1486 592 1496 602 .
1534 560 1582 601 et
1618 551 1817 601 testium
1852 551 2284 617 infrascriptorum
2319 551 2614 617 presencia-

561 658 732 699 exorta
767 647 1001 712 siquidem
1040 644 1374 696 contrauerfia
1399 652 1448 693 et
1471 644 1681 693 materia
1716 643 1984 709 questionis
2009 648 2139 693 inter
2175 684 2185 694 .
2220 683 2230 694 .
2265 684 2275 694 .
2310 645 2615 694 Malcomum

610 781 619 790 .
657 779 666 789 .
699 741 927 789 abbatem
963 778 971 787 .
1012 778 1021 788 .
1062 778 1070 788 .
1104 740 1165 787 de
1201 737 1544 786 Abirbrothoo
1581 775 1592 785 .
1636 774 1647 785 .
1691 774 1702 785 .
1739 744 1788 786 et
1826 736 2097 786 Ricardum
2135 737 2364 786 abbatem
2401 776 2412 785 .
2456 775 2467 785 .
2506 776 2516 786 .
2554 738 2616 785 de

557 831 922 896 Balmorynoch
949 868 959 878 .
987 868 997 879 .
1023 869 1034 880 .
1060 831 1204 896 super
1240 870 1249 880 .
1288 869 1297 879 .
1337 867 1349 879 .
1381 830 1526 895 pecia
1548 837 1682 879 terre
1719 869 1728 878 .
1765 867 1777 879 .
1812 868 1822 878 .
1859 829 1993 879 infra
2026 830 2241 895 burgum
2278 830 2339 878 de
2375 829 2530 878 Perth
2562 830 2613 877 in

556 926 663 973 vico
695 924 825 973 dieto
851 923 1132 988 Watirgate
1171 940 1327 988 prope
1368 923 1414 971 le
1459 922 1592 989 Spey
1631 922 1763 971 inter
1802 929 1986 971 terram
2024 920 2402 971 ecclefiasticam
2441 922 2616 970 domus

557 1015 939 1067 Cartufienfium
977 1054 988 1065 .
1028 1054 1039 1065 .
1080 1055 1091 1065 .
1129 1033 1189 1065 ex
1213 1025 1356 1082 parte
1386 1014 1588 1064 australi
1621 1053 1632 1064 .
1671 1053 1681 1063 .
1720 1052 1731 1063 .
1765 1023 1815 1065 et
1839 1021 2025 1064 terram
2051 1014 2243 1064 abbatis
2269 1015 2330 1063 de
2358 1015 2529 1080 Cupro
2555 999 2615 1063 ex

553 1118 692 1175 parte
717 1109 895 1158 boriali
935 1146 945 1156 .
990 1147 1000 1157 .
1043 1146 1055 1157 .
1094 1109 1146 1157 in
1172 1126 1271 1173 qua
1293 1108 1505 1158 materia
1526 1115 1696 1174 partes
1729 1107 1832 1173 ipse
1867 1107 2154 1156 referebant
2178 1107 2226 1156 se
2252 1107 2454 1156 confilio
2491 1144 2522 1166 ·.
2548 1146 2558 1155 .
2604 1145 2614 1155 .

553 1202 793 1251 Willelmi
832 1202 893 1250 de
936 1199 1280 1267 Owohtirlony
1320 1201 1509 1250 domini
1542 1201 1604 1250 de
1647 1199 1801 1266 Kelly
1825 1227 1836 1238 ·
1872 1199 2067 1249 Thome
2104 1199 2346 1265 Spalding
2381 1199 2615 1265 prepositi

551 1296 696 1362 burgi
721 1296 782 1344 de
814 1294 999 1344 Dunde
1026 1324 1036 1334 ·
1062 1294 1304 1343 Willelmi
1347 1295 1408 1343 de
1451 1292 1772 1344 Strathaohin
1798 1320 1809 1330 ·
1832 1291 2004 1341 Dauid
2043 1293 2104 1342 de
2150 1291 2409 1359 Spaldyng
2445 1291 2614 1342 fratris

551 1390 667 1439 dieti
695 1389 888 1437 Thome
916 1417 926 1427 ·
952 1387 988 1436 J
991 1387 1199 1435 ohannis
1238 1386 1580 1452 Skrymgeour
1604 1386 1665 1434 de
1699 1384 2024 1451 Henrystoun
2051 1412 2060 1422 ·
2087 1384 2298 1434 Roberti
2329 1386 2390 1433 de
2431 1383 2576 1434 Seres
2603 1413 2612 1423 ·

550 1483 584 1530 J
588 1482 796 1530 ohannis
844 1480 1184 1545 Skrymgeour
1225 1479 1316 1528 filii
1355 1478 1624 1545 Nycholay
1667 1477 2008 1543 Skrymgeour
2033 1505 2044 1517 ·
2071 1485 2121 1526 et
2156 1477 2363 1526 Roberti
2400 1478 2462 1526 de
2499 1477 2613 1526 Bal-

551 1573 798 1623 mannoeh
830 1602 840 1612 ·
876 1580 925 1621 et
957 1572 1139 1621 auditis
1174 1571 1292 1620 hinc
1327 1571 1445 1620 inde
1481 1569 1743 1635 propositis
1782 1608 1793 1619 .
1837 1608 1848 1619 .
1892 1609 1904 1620 .
1939 1570 2167 1635 parcium
2314 1608 2325 1619 .
2367 1569 2614 1619 Ricardus

554 1668 703 1716 abbas
728 1666 789 1714 de
815 1663 1182 1730 Balmorynoch
1223 1704 1232 1713 .
1274 1702 1284 1712 .
1329 1701 1338 1711 .
1381 1663 1654 1712 consenoiit
1668 1670 1721 1712 vt
1745 1663 1878 1712 diota
1899 1663 2044 1728 pecia
2065 1670 2199 1713 terre
2243 1702 2252 1712 .
2303 1702 2314 1712 .
2363 1701 2374 1712 .
2418 1663 2611 1712 heredi-

552 1759 677 1808 tarie
695 1764 975 1806 remaneret
1001 1774 1112 1805 cum
1138 1795 1148 1805 .
1175 1794 1186 1805 .
1214 1795 1224 1805 .
1251 1756 1503 1805 Malcomo
1524 1756 1702 1805 abbate
1719 1757 1780 1804 de
1798 1755 2139 1805 Abirbrothoc
2159 1793 2170 1804 .
2192 1794 2203 1806 .
2224 1795 2234 1806 .
2258 1755 2510 1805 Soluendo
2531 1794 2542 1805 .
2566 1795 2577 1805 .
2601 1793 2611 1804 .

552 1850 832 1915 quindecim
859 1848 1036 1898 solidos
1061 1848 1288 1898 annualis
1312 1848 1536 1898 redditus
1568 1849 1632 1897 ad
1664 1849 1789 1897 duos
1830 1848 1949 1897 anni
1988 1850 2226 1898 terminos
2269 1849 2460 1898 vsuales
2498 1886 2509 1897 .
2550 1887 2560 1897 .
2597 1886 2608 1896 .

552 1951 600 1991 et
638 1942 772 1991 illico
802 1942 958 1990 dietus
995 1978 1007 1990 .
1047 1978 1058 1989 .
1098 1978 1110 1988 .
1147 1941 1393 1990 Ricardus
1432 1979 1443 1990 .
1479 1978 1490 1990 .
1526 1979 1536 1989 .
1575 1941 1637 1989 de
1675 1939 1908 1989 consensu
1943 1978 1954 1989 .
1989 1977 2000 1989 .
2037 1978 2048 1989 .
2082 1941 2290 1989 fratrum
2336 1979 2346 1989 .
2387 1978 2397 1988 .
2439 1978 2450 1989 .
2487 1941 2611 1990 inibi

550 2035 856 2099 presencium
901 2071 912 2082 .
952 2071 963 2082 .
1003 2070 1014 2081 .
1051 2033 1367 2083 renunciauit
1405 2071 1416 2082 .
1455 2071 1466 2081 .
1507 2071 1518 2081 .
1556 2033 1699 2082 cause
1742 2033 1906 2097 quoad
1948 2033 2191 2082 clameum
2223 2033 2365 2082 fundi
2409 2071 2420 2082 .
2461 2071 2471 2081 .
2513 2071 2523 2082 .
2557 2035 2608 2081 in

548 2128 771 2175 fauorem
797 2126 987 2174 abbatis
1024 2126 1084 2174 de
1110 2125 1451 2174 Abirbrothoc
1486 2163 1497 2173 .
1537 2162 1548 2174 .
1589 2163 1600 2175 .
1637 2125 1782 2191 super
1806 2125 1986 2189 quibus
2023 2109 2050 2174 ,ι
2076 2163 2086 2174 .
2128 2163 2139 2174 .
2176 2126 2326 2175 abbas
2363 2126 2424 2174 de
2463 2125 2608 2174 Abir-

548 2219 755 2267 brothoo
791 2235 880 2282 per
915 2235 994 2266 me
1030 2256 1039 2267 .
1082 2255 1092 2266 .
1133 2255 1144 2266 .
1181 2217 1269 2266 fibi
1304 2218 1414 2266 fieri
1445 2217 1598 2282 peciit
1645 2255 1655 2265 .
1696 2254 1707 2265 .
1748 2255 1759 2265 .
1801 2217 2185 2266 instrumentum
2211 2244 2222 2255 ·
2246 2217 2376 2266 A&a
2408 2218 2607 2267 fuerunt

548 2312 639 2359 heo
682 2311 813 2375 apud
855 2310 1039 2359 Dunde
1088 2348 1098 2359 .
1139 2347 1149 2358 .
1190 2347 1200 2358 .
1242 2310 1554 2374 presentibus
1593 2309 1751 2358 eciam
1788 2346 1798 2356 .
1838 2346 1849 2357 .
1890 2346 1900 2357 .
1946 2310 2102 2357 fratre
2142 2308 2375 2358 Johanne
2420 2308 2606 2358 Muffll-

549 2404 709 2468 burgh
732 2403 784 2450 in
810 2403 948 2451 sacra
972 2402 1225 2467 theologia
1247 2402 1514 2467 professore
1532 2401 1721 2450 vicario
1738 2399 1961 2465 generali
1979 2401 2187 2449 fratrum
2205 2401 2573 2465 predicatorum
2593 2429 2605 2438 ·

550 2494 740 2541 Jacobo
779 2493 1084 2541 Foulertoun
1111 2522 1122 2532 ·
1149 2494 1319 2543 Dauid
1362 2494 1605 2559 Spalding
1642 2493 1843 2557 juniore
1868 2519 1879 2530 ·
1915 2499 1965 2541 et
2003 2492 2258 2542 Willelmo
2297 2492 2603 2541 Fawcounar

553 2623 563 2632 .
605 2623 614 2631 .
655 2622 665 2632 .
702 2584 768 2632 Et
793 2601 883 2648 ego
919 2584 1176 2633 Johannes
1201 2586 1262 2634 de
1300 2586 1528 2634 Durham
1568 2623 1579 2634 .
1620 2622 1631 2634 .
1671 2623 1682 2633 .
1719 2584 1941 2633 notarius
1977 2583 2217 2650 premiffis
2254 2622 2264 2632 .
2305 2622 2316 2632 .
2356 2622 2367 2631 .
2396 2584 2600 2632 interfui

553 2715 563 2723 .
604 2713 614 2722 .
654 2712 664 2723 .
702 2674 935 2739 signoque
961 2683 1009 2723 et
1033 2676 1232 2724 nomine
1258 2677 1380 2725 meis
1418 2714 1428 2724 .
1469 2715 1480 2724 .
1520 2715 1532 2726 .
1569 2676 1759 2743 fignaui
1799 2715 1810 2725 .
1851 2714 1861 2725 .
1902 2714 1912 2724 .

550 2869 891 2940 Presentacio
917 2886 1101 2934 vicarie
1125 2885 1433 2949 penfionarie
1460 2888 1521 2936 de
1546 2888 1897 2938 Abirbrothoc.

396 3052 491 3100 126
550 3032 873 3103 Reuerendo
925 3084 936 3095 .
988 3083 998 3093 .
1052 3082 1062 3093 .
1112 3044 1311 3093 domino
1370 3044 1562 3093 Jacobo
1607 3083 1618 3093 .
1665 3084 1676 3095 .
1729 3085 1738 3095 .
1789 3048 2016 3112 episcopo
2064 3045 2419 3095 Sanetiandree
2466 3082 2478 3094 .
2523 3083 2534 3093 .
2580 3082 2591 3093 .

549 3143 825 3194 Malcomus
864 3176 876 3186 .
913 3175 924 3186 .
964 3175 975 3185 .
1013 3137 1161 3186 abbas
1200 3173 1210 3184 .
1250 3173 1262 3183 .
1301 3173 1311 3183 .
1350 3135 1410 3184 de
1459 3136 1796 3187 Abirbrothoc
1847 3176 1857 3186 .
1911 3175 1923 3187 .
1981 3175 1993 3188 .
2041 3137 2354 3187 reverencias
2401 3137 2591 3187 debitas
