2762 3834
414 2166 476 2209 32

539 382 604 426 30
985 371 1411 425 REGISTRUM
1444 370 1541 419 DE
1576 364 2141 418 ABERBROTHOC.

538 510 802 560 heredibus
826 508 922 557 suis
960 545 972 556 .
1012 544 1023 555 .
1063 544 1075 555 .
1113 522 1224 555 cum
1250 502 1475 552 omnibus
1508 538 1521 548 .
1558 536 1571 548 .
1610 536 1621 548 .
1657 497 1983 563 pertinenciis
2014 497 2111 546 suis
2138 498 2272 547 salua
2294 498 2436 547 nobis
2474 535 2485 547 .
2524 536 2536 547 .
2574 536 2586 548 .

591 639 603 651 .
642 640 654 651 .
689 600 949 666 regalitate
983 599 1037 647 in
1071 598 1244 646 eadem
1279 621 1290 633 ·
1335 590 1898 663 Reddendolannuatim
1935 626 1949 639 .
1987 625 2000 638 .
2040 627 2051 638 .
2090 590 2345 640 dimidiam
2370 608 2588 640 marcam

537 694 881 758 sterlingorum
917 692 981 740 ad
1016 688 1342 738 Pentecosten
1376 686 1429 734 in
1466 685 1619 733 choro
1655 681 1859 731 ecclefie
1881 681 2092 730 fratrum
2129 682 2503 747 predicatorum
2527 684 2589 732 de

538 785 786 836 Streuelin
809 790 923 832 ante
947 782 1119 830 horam
1144 779 1343 845 prandii
1369 785 1419 826 et
1441 776 1707 842 prestando
1731 774 1876 823 nobis
1913 811 1925 823 .
1970 810 1982 824 .
2028 812 2040 823 .
2077 774 2409 825 iuramentum
2434 776 2589 824 fideli·

534 877 648 927 tatis
687 903 700 915 ·
740 876 913 924 Di&us
945 873 1101 922 eciam
1124 872 1160 920 J
1164 872 1383 919 ohannes
1408 869 1491 918 uel
1513 868 1723 917 heredes
1747 865 1819 914 sui
1843 865 1982 916 nullo
2007 866 2155 914 modo
2180 866 2361 915 didam
2383 866 2589 915 salinam

586 1005 598 1017 .
638 1005 650 1016 .
685 967 971 1016 alienabunt
1007 964 1107 1012 fine
1143 962 1312 1011 nostra
1338 961 1419 1010 vel
1455 960 1781 1010 successorum
1813 958 2093 1008 nostrorum
2116 959 2332 1009 licencia
2354 959 2553 1024 speciali
2577 987 2588 998 ·

534 1061 583 1109 Si
623 1067 786 1108 autem
823 1058 979 1105 difflms
1015 1055 1051 1104 J
1056 1055 1274 1103 ohannes
1312 1053 1392 1102 vel
1427 1053 1637 1103 heredes
1678 1053 1751 1101 sui
1790 1050 2084 1101 ceffauerint
2120 1069 2151 1101 a
2186 1052 2429 1102 solutione
2458 1052 2588 1102 (ἱίἃθ

532 1151 733 1200 dimidie
758 1165 922 1197 marce
947 1147 1104 1196 tribus
1130 1146 1355 1195 terminis
1380 1147 1615 1196 continue
1641 1144 1723 1195 vel
1745 1162 1847 1193 non
1883 1143 2121 1199 continue
2155 1151 2379 1208 tempore
2404 1151 2454 1194 et
2476 1144 2589 1193 loco

530 1241 882 1307 prenominatis
918 1240 1087 1289 licebit
1121 1241 1263 1289 nobis
1312 1276 1323 1288 .
1374 1277 1387 1289 .
1438 1277 1451 1288 .
1497 1239 1653 1288 libere
1691 1237 1950 1301 disponere
1977 1237 2039 1284 de
2064 1235 2196 1285 dicta
2231 1236 2388 1285 salina
2411 1245 2461 1286 et
2485 1236 2590 1286 eius

530 1344 664 1385 terra
707 1372 719 1383 .
763 1371 776 1382 .
819 1371 831 1382 .
875 1350 967 1397 pro
991 1331 1158 1380 nostre
1207 1366 1220 1379 .
1270 1368 1282 1380 .
1332 1368 1346 1381 .
1392 1331 1535 1381 libito
1563 1330 1831 1380 voluntatis
1880 1367 1893 1379 .
1943 1367 1955 1378 .
2008 1367 2020 1379 .
2070 1337 2119 1378 et
2142 1329 2234 1395 ipfi
2256 1330 2398 1379 nobis
2448 1367 2462 1378 .
2511 1367 2523 1378 .
2575 1365 2586 1378 .

528 1426 783 1490 arreragia
816 1425 1006 1474 soluere
1040 1423 1430 1472 nichilhominus
1464 1424 1770 1473 tenebuntur
1808 1449 1820 1461 ·
1862 1421 1924 1471 In
1964 1422 2105 1471 cuius
2140 1422 2215 1472 rei
2253 1421 2588 1472 testimonium

528 1519 744 1568 nostrum
786 1534 1044 1567 commune
1083 1515 1297 1581 sigillum
1332 1515 1552 1581 presenti
1587 1515 1770 1580 scripto
1810 1514 2128 1563 concorditer
2163 1513 2236 1562 est
2273 1513 2541 1578 appensum
2577 1541 2587 1551 ·

528 1612 715 1661 Datum
750 1611 802 1659 in
839 1610 1057 1675 capitulo
1092 1609 1261 1658 nostro
1297 1610 1432 1675 apud
1466 1607 1805 1658 Abirbrothoc
1840 1606 1980 1656 xviii⁰
2004 1606 2085 1656 die
2108 1606 2145 1656 J
2148 1606 2237 1655 ulii
2261 1623 2395 1655 anno
2417 1605 2586 1671 gracie

529 1703 782 1754 millefimo
808 1709 913 1752 ccc⁰
935 1702 1072 1751 lxvi0.

530 1964 801 2051 Kyngorn
837 2014 847 2024 ·
885 1985 1181 2050 Preceptum
1208 1984 1380 2034 Dauid
1404 1984 1537 2050 regis
1561 1984 1623 2033 de
1649 1990 1863 2049 quatuor
1886 1982 2067 2032 marcis
2090 1982 2354 2031 soluendis.

529 2141 719 2214 Dauid
746 2199 757 2211 .
785 2199 797 2211 .
826 2199 837 2211 .
863 2180 951 2212 rex
974 2161 1255 2211 Scottorum
1283 2199 1294 2210 .
1325 2198 1337 2210 .
1362 2200 1374 2212 .
1402 2159 1685 2211 vicecomiti
1704 2167 1753 2208 et
1771 2159 1970 2209 balliuis
1987 2158 2085 2208 suis
2104 2160 2167 2209 de
2186 2159 2312 2225 Fyff
2327 2159 2584 2209 constabu-

530 2256 654 2304 lario
678 2256 740 2304 de
764 2256 1043 2321 Kyngorne
1077 2254 1336 2320 prepofitis
1367 2261 1418 2303 et
1440 2253 1639 2303 balliuis
1666 2253 1822 2319 *burgi
1857 2253 2073 2306 eiusdem
2108 2271 2167 2318 ac
2204 2253 2430 2317 omnibus
2468 2290 2480 2302 .
2520 2291 2531 2302 .
2571 2291 2582 2302 .

531 2349 763 2398 ministris
798 2349 977 2397 nostris
1015 2386 1027 2398 .
1065 2385 1077 2398 .
1117 2385 1131 2398 .
1165 2335 1372 2397 salutem
1414 2375 1425 2385 ·
1469 2345 1604 2405 Quia
1640 2382 1652 2394 .
1692 2383 1705 2394 .
1743 2383 1756 2394 .
1794 2345 1945 2396 abbas
1971 2353 2020 2394 et
2045 2352 2321 2395 conuentus
2350 2345 2413 2393 de
2435 2344 2584 2393 Abir-

531 2441 736 2489 brothoc
779 2441 1098 2489 infeodantur
1142 2457 1232 2505 per
1294 2478 1305 2488 .
1367 2477 1379 2489 .
1442 2476 1454 2488 .
1513 2455 1656 2502 reges
1704 2437 1880 2488 Scocie
1912 2445 1977 2488 et
2023 2454 2113 2503 per
2155 2438 2582 2487 confirmationem

532 2531 790 2594 specialem
826 2532 1013 2580 domini
1048 2531 1179 2596 regis
1215 2531 1424 2580 Roberti
1458 2531 1615 2595 patris
1647 2531 1803 2580 nostri
1838 2532 1900 2581 de
1936 2539 2150 2596 quatuor
2184 2531 2366 2580 marcis
2389 2531 2581 2580 sterlin-

532 2627 705 2687 gorum
732 2623 1063 2687 percipiendis
1089 2623 1345 2672 annuatim
1370 2624 1435 2671 ad
1458 2623 1823 2673 Penthecosten
1848 2625 1910 2673 de
1933 2624 2087 2672 firmis
2112 2631 2162 2673 et
2185 2624 2427 2672 reditibus
2450 2623 2581 2688 regis

534 2714 594 2761 de
621 2713 866 2778 Kyngorn
901 2745 912 2755 ·
946 2715 1236 2762 mandamus
1272 2715 1414 2763 uobis
1457 2752 1468 2764 .
1513 2752 1525 2763 .
1571 2753 1583 2765 .
1627 2717 1860 2782 quatinus
1890 2734 2002 2766 cum
2035 2716 2256 2781 requifiti
2290 2716 2484 2786 fueritis
2521 2733 2580 2764 ex

534 2812 673 2868 parte
698 2805 935 2853 di&orum
960 2805 1300 2869 religiosorum
1325 2807 1632 2871 compellatis
1653 2809 1870 2858 districte
1890 2809 2225 2857 inhabitantes
2243 2809 2399 2857 dietas
2423 2815 2581 2856 terras

534 2897 596 2944 de
621 2896 864 2961 Kyngorn
889 2903 938 2943 et
959 2896 1234 2946 infeodatos
1257 2898 1572 2963 quoscunque
1596 2901 1659 2949 de
1682 2900 1957 2950 redditibus
1987 2898 2166 2949 nostris
2202 2899 2386 2948 ibidem
2422 2902 2579 2947 donec

534 2988 661 3037 diae
680 2996 891 3052 quatuor
907 3005 1072 3037 marce
1098 3006 1208 3037 cum
1233 2991 1498 3056 arreragiis
1521 2992 1664 3041 dictis
1687 2991 1929 3057 religiosis
1950 2991 2297 3057 persoluantur
2321 2991 2576 3040 annuatim

531 3081 746 3130 termino
790 3087 1051 3145 prenotato
1099 3108 1110 3120 ·
1157 3081 1501 3132 Veruntamen
1549 3084 1776 3134 volumus
1824 3084 1959 3148 quod
2010 3091 2144 3133 terre
2189 3101 2279 3148 per
2325 3100 2415 3131 nos
2464 3083 2578 3137 date

533 3174 568 3223 J
571 3175 725 3223 acobo
749 3174 811 3223 de
835 3173 1027 3236 Duglas
1051 3173 1196 3223 militi
1219 3174 1374 3224 libere
1396 3175 1490 3225 fint
1514 3183 1564 3225 et
1588 3176 1758 3242 quiete
1781 3176 1844 3226 ab
1868 3193 2019 3230 onere
2040 3176 2251 3241 pecunie
2269 3175 2545 3240 supradicte
2566 3202 2577 3212 ·
