2742 3848
877 354 1118 405 INDEX
1154 354 1537 406 NOMINUM.
2151 365 2245 416 591

153 499 311 553 Ogilby,
346 502 532 554 magister
562 500 799 552 Alexander,
833 501 881 541 de
921 499 1163 551 Gleshalcht,

207 575 301 613 426.

279 646 468 697 magister
485 646 691 697 Patricius,
707 651 918 699 perpetuus
933 646 1104 686 vicarius
1118 646 1166 685 de

207 717 347 768 Forge,
372 720 462 768 134,
486 721 579 769 212,
601 721 695 758 272.

279 788 526 840 Malcolmus,
549 791 643 829 255.

151 881 255 890 -—
279 860 505 912 Margareta
551 860 709 912 Guthry
745 874 885 913 sponsa
933 861 1163 912 Alexandri,

207 932 301 971 526.

278 1004 515 1055 Margareta,
536 1005 622 1044 vide
640 1003 785 1054 Broun‚
806 1003 945 1043 Wode.

280 1075 466 1115 Marioria
480 1075 589 1115 Dure
604 1088 746 1128 sponsa
757 1076 785 1115 J
788 1075 901 1115 acobi
913 1075 986 1114 filii
1002 1075 1164 1126 Oliueri,

206 1149 300 1198 430,
323 1149 416 1187 517.
836 1189 840 1192 ,

279 1219 462 1267 Mariota,
483 1221 577 1270 482,
595 1220 687 1270 500,
710 1220 802 1270 519,
824 1220 916 1259 521.

152 1314 259 1322 —
279 1291 475 1342 Oliuerus,
518 1293 611 1343 286,
656 1292 750 1342 287,
797 1293 890 1343 300,
930 1293 1023 1341 301,
1071 1294 1163 1342 390,

207 1365 299 1403 517.

275 1435 470 1475 Patricius
489 1435 548 1487 de,
568 1436 784 1476 vicecomes
803 1436 851 1475 de
872 1435 1010 1475 Forfar
1031 1440 1071 1475 et
1098 1436 1165 1475 do-

205 1508 334 1548 minus
353 1509 402 1548 de
421 1508 697 1561 Awthyrhous,
718 1511 783 1548 71.

281 1580 464 1632 Thomas,
490 1583 579 1630 176,
605 1583 695 1632 177,
718 1582 812 1632 301,
833 1582 925 1631 387,
943 1582 1036 1632 390,
1058 1582 1152 1621 495.

151 1676 258 1684 -—-
279 1652 464 1704 Thomas,
486 1653 533 1693 de
554 1653 691 1704 Olova,
714 1655 778 1704 83,
799 1654 892 1693 469.

279 1724 491 1773 Walterus,
513 1725 560 1765 de
581 1725 830 1776 Auchlevyn,
853 1726 944 1764 255.

279 1795 480 1836 Walterus
526 1797 586 1847 de,
634 1797 808 1837 ballivus
850 1796 1071 1848 regalitatis
1118 1796 1166 1835 de

203 1867 502 1918 Abbirbrothoc,
524 1870 591 1907 47.

150 1962 257 1969 —-
278 1939 490 1988 Walterus,
511 1939 559 1979 de
580 1939 753 1991 Bevfort,
777 1941 843 1979 96.

150 2033 257 2042 ——-
281 2010 491 2061 Walterus,
512 2011 560 2051 de
581 2011 705 2063 Boyn,
728 2012 821 2061 275,
845 2012 1036 2061 276,279,
1059 2011 1151 2050 287.

277 2082 490 2133 Walterus,
510 2083 559 2122 de
581 2082 764 2135 Campsy,
790 2083 879 2121 150.

277 2154 488 2205 Walterus,
507 2154 555 2194 de
573 2154 717 2206 Cragy,
740 2155 834 2193 285.

279 2226 488 2278 Walterus,
506 2226 554 2266 de
574 2226 786 2278 Dinlugus,
808 2227 900 2276 515,
923 2227 1017 2265 520.

275 2298 479 2337 Walterus
498 2298 558 2347 de,
580 2297 762 2336 dominus
781 2296 1047 2348 Luntrethyn,
1070 2298 1135 2336 54.

278 2369 489 2419 Walterus,
506 2369 554 2408 de
574 2367 912 2420 Innerquharady,
933 2369 1000 2407 96.

278 2440 488 2490 Walterus,
511 2440 559 2479 de
579 2439 836 2490 Monecabok,
859 2440 952 2489 452,
968 2440 1062 2479 487.

277 2512 489 2563 Walterus,
520 2511 624 2551 filius
654 2511 805 2551 Thome
833 2510 880 2551 Ο.
906 2511 955 2550 de
990 2510 1162 2562 Oloway‚

205 2586 299 2624 469.

277 2655 490 2703 walterus,
511 2655 607 2693 Wat
625 2654 675 2704 of,
698 2655 791 2704 291,
812 2654 906 2692 457.

150 2751 252 2759 ——
277 2726 512 2776 willelmus,
534 2726 582 2766 de
602 2726 729 2776 Pette,
751 2724 876 2775 miles,
898 2725 992 2774 487,
1014 2724 1107 2763 520.

151 2799 350 2851 Ogistone,
387 2797 593 2850 Ogistoun,
631 2796 796 2848 Ogston,
833 2795 1019 2847 Ogstone‚
1056 2795 1162 2847 Ogy-

204 2876 331 2922 stoun,
352 2870 572 2922 Hogstoun,
591 2874 631 2909 et
660 2868 758 2908 forte
779 2868 1007 2919 Ewgstone,
1030 2866 1161 2906 Eliza-

205 2943 299 2982 beth
319 2942 515 2983 Crechton
534 2953 676 2993 sponsa
693 2939 858 2990 Thome,
880 2941 973 2979 392.

150 3036 257 3046 —
274 3013 302 3054 J
305 3013 495 3063 ohannes,
532 3025 723 3065 apparens
767 3010 881 3050 heres
917 3009 1064 3049 domini
1101 3010 1160 3058 de,

209 3088 298 3125 142.

276 3157 305 3197 J
307 3156 480 3196 ohannes
496 3156 556 3206 de,
578 3155 758 3195 dominus
775 3152 959 3205 ejusdem,
983 3154 1048 3202 50,
1068 3154 1133 3192 51.

150 3251 254 3260 --
276 3228 303 3268 J
306 3228 490 3277 ohannes,
511 3226 726 3266 vicecomes
742 3225 790 3265 de
808 3224 1017 3274 Abirdene,
1044 3225 1132 3263 159.

1240 499 1441 552 Ogist-one,
1462 501 1647 552 Thomas,
1682 503 1775 553 142,
1805 503 1895 551 152,
1919 503 2008 554 158,
2032 505 2122 554 161,
2158 506 2248 552 199,

1295 574 1387 623 392,
1407 574 1502 613 459.

1369 645 1453 685 vide
1472 644 1677 698 Hepburn.

1239 715 1406 768 Oldeny,
1427 715 1515 756 vide
1533 715 1702 768 Vldeny.

1239 787 1373 838 Olifer,
1395 787 1564 838 Oleueir,
1586 788 1740 840 Oleuer,
1760 789 1907 841 Oliuer,
1939 789 2106 843 Olywer,
2138 790 2248 830 Holi-

1292 859 1408 910 farth,
1429 860 1573 912 David,
1593 861 1641 900 de
1657 860 1785 913 Gragy,
1807 863 1873 902 96.

1365 932 1602 983 Margareta,
1624 935 1710 973 vide
1729 934 1948 974 Anderson.

1364 1003 1575 1055 Walterus,
1591 1004 1846 1057 justiciarius,
1869 1007 1962 1053 535,
1981 1008 2074 1047 540.

1237 1098 1345 1107 -—-
1365 1075 1600 1127 Willelmus,
1622 1078 1660 1117 8.

1239 1146 1441 1199 Oliphant‚
1464 1147 1677 1200 Olyphant,
1697 1149 1888 1201 dominus,
1910 1152 2004 1190 205.

1238 1242 1345 1250 —
1364 1220 1393 1260 J
1396 1233 1513 1271 ames,
1534 1221 1578 1260 of
1589 1221 1808 1272 Ardalicht,
1831 1224 1922 1262 178.

1366 1291 1603 1342 Willelmus,
1623 1292 1728 1332 filius
1740 1293 1888 1333 domini
1909 1293 1971 1344 O.,
1993 1296 2085 1334 205.

1239 1362 1457 1415 Ordynhuf,
1480 1365 1567 1404 vide
1587 1364 1721 1404 Baird.

1241 1435 1423 1486 Orkadie,
1442 1435 1667 1476 Willelmus
1685 1437 1876 1489 dominus,
1901 1440 1991 1478 116.

1241 1507 1414 1560 Orknay,
1437 1508 1666 1561 Orkynnay,
1683 1509 1921 1561 Alexander,
1944 1511 2137 1561 251-253,
2157 1513 2249 1550 321.

1367 1579 1581 1620 Elizabeth
1600 1594 1740 1633 sponsa
1759 1581 1990 1630 Alexandri,
2011 1584 2205 1622 251-253.

1365 1651 1393 1691 J
1396 1651 1580 1703 ohannes,
1600 1654 1666 1692 95.

1239 1746 1346 1755 —-—-
1366 1724 1389 1764 ε]
1397 1723 1580 1775 ohannes,
1604 1723 1718 1777 (forte
1743 1725 1878 1779 idem),
1900 1726 2004 1766 filius
2022 1725 2251 1776 Alexandri,

1295 1796 1490 1836 251-253.

1240 1889 1347 1897 —
1367 1866 1604 1918 Margareta,
1624 1869 1706 1907 vide
1725 1867 1897 1908 Storrok.

1369 1938 1553 1989 Thomas,
1579 1941 1626 1978 17
1632 1940 1669 1979 8.

1241 2007 1481 2059 Ortanensis,
1504 2010 1718 2062 episcopus,
1744 2012 1835 2050 122.

1240 2080 1463 2132 Otirburne,
1483 2081 1721 2134 Otyrburne,
1744 2083 1927 2134 Thomas,
1950 2086 2042 2134 437,
2067 2086 2157 2124 523.

1240 2151 1488 2202 Ouirberton‚
1506 2155 1589 2193 vide
1609 2154 1767 2193 Berton.

1239 2223 1454 2275 Ovchiltre,
1472 2226 1554 2265 vide
1568 2224 1733 2265 Coluile.

1238 2294 1418 2344 Owsane,
1459 2296 1680 2348 Owsawyn,
1719 2295 1977 2346 Houshawin,
2013 2298 2247 2349 Vllishavin,

1291 2367 1539 2419 Vllishavyn,
1576 2367 1850 2421 Wllishawyn,
1887 2369 2132 2422 Wlshawyn,
2164 2374 2249 2410 vide

1291 2438 1495 2478 Lichtone.

1235 2723 1421 2775 Priame,
1444 2723 1685 2776 Nycholaus,
1703 2727 1796 2765 314.

1235 2794 1420 2845 Panbrid,
1441 2797 1530 2835 vide
1548 2795 1733 2848 Ramsay.

1234 2866 1410 2918 Panitar,
1446 2864 1620 2919 Paniter,
1656 2868 1865 2920 Panneter,
1899 2869 2056 2921 Panter,
2098 2872 2240 2921 David,

1288 2938 1493 2989 burgensis
1510 2939 1557 2978 de
1578 2939 1794 2991 Monthros,
1814 2942 1907 2981 439.

1361 3009 1508 3061 David,
1527 3010 1734 3062 burgensis
1749 3011 1797 3051 de
1817 3012 1949 3063 Perth,
1973 3014 2037 3053 65.

1234 3103 1339 3112 ——
1361 3080 1541 3121 dominus
1559 3081 1749 3133 Andreas,
1778 3083 1989 3135 presbyter,
2012 3085 2179 3125 vicarius
2196 3087 2242 3126 de

1289 3151 1413 3203 Fyue,
1433 3154 1526 3203 325,
1548 3145 1642 3192 475.

1359 3222 1546 3275 Jacobus,
1569 3225 1661 3276 374,
1684 3226 1776 3265 507.
