2762 3834
505 402 569 446 24
968 395 1400 449 REGISTRUM
1434 394 1533 444 DE
1570 392 2137 446 ABERBROTHOC.

521 532 804 582 hominibus
829 531 988 582 tocius
1013 538 1146 580 terre
1171 530 1254 578 sue
1274 527 1470 577 clericis
1491 534 1540 575 et
1562 526 1705 576 laicis
1723 527 1932 576 salutem
1959 557 1969 568 -
1998 528 2178 579 Sciatis
2203 547 2293 578 nos
2317 547 2409 596 pro
2433 530 2590 580 salute

523 627 688 675 anime
712 626 878 674 nostre
900 632 949 674 et
972 641 1065 688 pro
1084 622 1238 670 salute
1261 621 1541 670 animarum
1564 620 1946 684 progenitorum
1968 628 2019 671 et
2041 621 2283 672 heredum
2307 623 2590 672 nostrorum

524 727 574 767 et
611 735 672 767 ex
709 716 909 782 speciali
944 715 1219 764 deuocione
1255 729 1405 777 quam
1446 711 1628 761 Sanfflm
1664 712 1859 761 Thome
1895 713 2093 762 martiri
2129 731 2190 763 ex
2229 732 2412 780 magna
2448 717 2593 764 causa

526 810 817 860 deuouimus
841 809 1023 857 dedisse
1049 804 1325 856 concessisse
1351 813 1401 854 et
1429 805 1524 854 hac
1548 804 1767 870 presenti
1793 814 1934 855 carta
1957 805 2127 854 nostra
2150 807 2456 857 confirmasse
2479 807 2592 856 Deo

525 910 574 950 et
609 900 906 949 monasterio
946 898 1113 949 Sancti
1139 898 1335 948 Thome
1370 898 1594 947 martiris
1626 900 1686 946 de
1711 898 2088 948 Abbirbrothoc
2120 907 2170 949 et
2206 899 2448 965 religiosis
2475 900 2594 948 viris

526 994 691 1043 abbati
726 1000 775 1041 et
809 991 1066 1041 monachis
1097 991 1285 1040 ibidem
1321 990 1436 1040 Deo
1472 991 1804 1042 seruientibus
1842 999 1893 1041 et
1936 992 2301 1058 imperpetuum
2340 994 2596 1043 seruituris

526 1095 681 1136 totam
724 1085 997 1134 custumam
1036 1085 1415 1150 contingentem
1453 1084 1516 1133 de
1549 1083 1924 1149 quibuscunque
1962 1085 2299 1152 mercimoniis
2343 1087 2396 1135 in
2436 1086 2596 1151 burgo

525 1186 673 1244 portu
709 1185 759 1226 et
793 1176 1055 1242 regalitate
1092 1177 1155 1225 de
1193 1175 1572 1227 Abbirbrothoc
1612 1204 1625 1216 ·
1668 1176 1966 1227 Tenendam
2005 1187 2056 1228 et
2092 1178 2375 1228 habendam
2414 1179 2597 1229 eisdem

526 1270 765 1337 religiosis
790 1277 1036 1319 eteorum
1072 1269 1424 1320 successoribus
1459 1270 1522 1319 de
1560 1271 1704 1319 nobis
1741 1278 1791 1320 et
1827 1270 2096 1321 heredibus
2133 1272 2316 1321 nostris
2352 1273 2600 1338 imperpe-

528 1373 666 1414 tuum
704 1364 757 1412 in
790 1363 998 1412 liberam
1033 1379 1213 1428 puram
1249 1370 1300 1412 et
1340 1371 1635 1429 perpetuam
1676 1363 1994 1413 elemosinam
2036 1364 2109 1413 ita
2148 1364 2304 1414 libere
2343 1373 2393 1414 et
2432 1365 2601 1430 quiete

527 1458 752 1525 plenarie
792 1467 841 1508 et
882 1458 1159 1507 honorifice
1201 1457 1325 1508 sicut
1365 1458 1535 1523 aliqua
1575 1456 1841 1507 elemosina
1884 1458 2037 1507 alicui
2082 1458 2194 1507 loco
2234 1458 2468 1524 religioso
2508 1476 2600 1524 per

529 1553 743 1617 aliquem
769 1551 1050 1617 principem
1076 1559 1163 1601 aut
1196 1559 1466 1617 patronum
1499 1552 1708 1602 liberius
1733 1551 1950 1617 quietius
1971 1552 2170 1617 plenius
2196 1561 2246 1602 et
2269 1552 2602 1602 honorificen-

529 1648 627 1697 tius
652 1646 762 1695 dari
798 1646 984 1711 poterit
1019 1653 1070 1696 et
1097 1646 1309 1696 concedi
1342 1645 1444 1695 fine
1469 1645 1638 1710 aliquo
1674 1645 2005 1694 retinemento
2045 1673 2056 1684 ·
2095 1644 2345 1694 Volumus
2370 1645 2527 1694 eciam
2554 1656 2603 1695 et

531 1739 849 1789 concedimus
885 1757 978 1805 pro
1011 1740 1155 1789 nobis
1192 1747 1242 1789 et
1278 1739 1547 1789 heredibus
1585 1737 1766 1786 nostris
1800 1738 1935 1802 quod
1976 1737 2047 1786 ibi
2085 1737 2303 1804 religiosi
2343 1745 2393 1787 et
2430 1755 2603 1787 eorum

530 1832 824 1882 successores
855 1832 1113 1898 proprium
1150 1832 1394 1882 koketum
1422 1831 1642 1881 habeant
1667 1831 1801 1896 quod
1833 1829 2074 1879 koketum
2106 1830 2178 1880 ita
2208 1830 2434 1895 plenarie
2460 1840 2511 1880 et
2534 1832 2606 1880 ita

532 1927 690 1975 libere
711 1934 760 1975 et
783 1925 854 1975 ita
872 1925 1061 1975 vtiliter
1085 1925 1138 1974 in
1159 1926 1389 1975 omnibus
1413 1932 1463 1975 et
1485 1942 1577 1991 per
1596 1925 1764 1974 omnia
1782 1924 1965 1973 seruiat
1988 1924 2041 1973 in
2065 1925 2294 1974 omnibus
2314 1925 2605 1990 supradiffis

534 2019 656 2070 ficut
680 2020 866 2070 koketa
897 2021 1169 2086 burgorum
1203 2019 1488 2069 nostrorum
1511 2019 1733 2068 seruiant
1766 2017 1964 2083 plenius
1998 2018 2206 2067 liberius
2231 2026 2281 2068 et
2305 2019 2475 2068 vtilius
2500 2019 2606 2084 qui·

533 2114 819 2178 buscunque
855 2114 1192 2163 mercimoniis
1227 2113 1278 2162 in
1315 2113 1430 2179 ipsis
1467 2121 1553 2164 aut
1584 2129 1755 2162 eorum
1792 2112 2020 2161 terminis
2044 2113 2261 2163 venditis
2285 2115 2368 2163 seu
2394 2114 2572 2178 emptis
2595 2141 2607 2151 ·

538 2206 688 2255 Vnde
718 2206 1021 2271 precipimus
1057 2215 1108 2257 et
1141 2207 1437 2256 mandamus
1462 2215 1612 2273 atque
1638 2205 1867 2254 volumus
1907 2206 2042 2270 quod
2077 2206 2327 2271 prefatum
2364 2206 2606 2255 koketum

539 2300 600 2348 de
620 2298 995 2349 Abbirbrothoc
1018 2300 1092 2350 ita
1110 2307 1342 2366 prompte
1365 2300 1639 2366 recipiatur
1659 2309 1708 2350 et
1726 2302 1799 2350 ita
1815 2300 2042 2365 plenarie
2067 2301 2310 2350 allocetur
2333 2317 2424 2366 per
2449 2308 2607 2350 totum

539 2409 747 2456 regnum
783 2390 1004 2441 nostrum
1038 2401 1089 2442 et
1121 2393 1241 2443 alibi
1265 2392 1390 2443 ficut
1419 2393 1609 2443 koketa
1632 2394 1904 2460 burgorum
1929 2392 2211 2442 nostrorum
2235 2393 2289 2442 in
2314 2393 2610 2458 quibuscun-

541 2501 637 2547 que
661 2483 784 2532 locis
807 2485 1086 2550 promptius
1109 2486 1424 2552 recipiuntur
1450 2496 1500 2537 et
1531 2486 1730 2552 plenius
1759 2486 2039 2535 allocantur
2072 2515 2082 2526 ·
2115 2485 2177 2534 In
2203 2487 2342 2535 cuius
2366 2485 2441 2534 rei
2476 2486 2610 2536 testi·

541 2576 761 2624 monium
779 2578 995 2641 presenti
1014 2586 1150 2627 carte
1169 2580 1335 2629 nostre
1353 2579 1566 2645 sigillum
1590 2579 1813 2628 nostrum
1836 2579 2152 2644 precepimus
2176 2580 2362 2644 apponi
2386 2606 2396 2616 ·
2416 2578 2610 2628 Locum

545 2676 710 2717 autem
749 2669 864 2718 date
900 2673 1062 2719 datam
1099 2672 1245 2721 testes
1281 2673 1414 2722 diem
1454 2681 1504 2722 et
1542 2689 1727 2721 annum
1753 2689 1841 2720 vos
1875 2672 2175 2721 cancellarie
2214 2672 2433 2736 prediti&
2471 2672 2611 2720 iuxta

543 2762 752 2810 formam
779 2762 967 2826 capelle
991 2765 1155 2813 nostre
1182 2773 1317 2815 carte
1352 2774 1615 2831 prenotate
1651 2766 1785 2814 adici
1821 2765 2018 2815 faciatis
2053 2792 2063 2804 ·
2102 2765 2354 2831 Scriptum
2380 2773 2610 2830 patenter

545 2854 632 2903 sub
657 2852 815 2918 sigillo
850 2853 1017 2902 nostro
1054 2857 1188 2920 apud
1221 2856 1425 2907 Nouum
1454 2857 1686 2909 Castrum
1710 2859 1856 2924 super
1882 2858 2081 2925 Tynam
2105 2867 2282 2924 quarto
2308 2860 2502 2909 decimo
2529 2860 2610 2909 die

545 2943 719 2995 mensis
742 2944 1045 2996 Nouembris
1070 2965 1201 2998 anno
1225 2952 1368 3016 regni
1393 2951 1549 3001 nostri
1574 2951 1730 3001 xxiii0.
