2762 3834
601 382 1028 434 REGISTRUM
1061 384 1158 434 DE
1193 385 1749 441 ABERBROTHOC.
2098 401 2190 453 367

158 517 294 566 cultu
313 515 484 564 diuino
504 532 596 581 pro
615 516 877 565 ministerii
895 517 1123 566 311ἃ1036
1140 525 1289 582 prout
1306 518 1394 569 fibi
1413 521 1673 586 suppetunt
1698 541 1813 589 opes
1837 525 1989 575 multo
2013 528 2192 578 forcius

158 609 368 659 dilatare
406 609 662 657 affectaret
704 640 715 650 ·
756 608 866 673 Ego
902 625 1021 658 vero
1056 609 1312 659 Johannes
1347 612 1592 662 antefatus
1626 621 1843 679 tempore
1879 618 2193 669 confectionis

159 700 359 751 ecclefie
384 717 491 749 mee
515 699 844 765 parrochialis
868 701 930 749 de
956 700 1199 751 Arbroith
1223 702 1275 751 in
1300 704 1536 754 honorem
1565 705 1731 756 8311611
1755 708 1958 774 Vigiani
1982 711 2190 761 eiusdem

156 793 352 860 patroni
378 793 604 842 dedicate
628 793 780 858 ipsam
805 794 1004 858 promifi
1029 793 1281 843 ecclefiam
1305 803 1389 845 aut
1413 797 1613 862 aliquod
1636 800 1790 849 altare
1814 799 2039 851 fituatum
2062 804 2192 853 infra

156 886 364 936 eandem
399 886 677 935 reuerendo
712 885 767 934 in
794 884 993 935 Christo
1026 886 1158 950 patri
1186 894 1235 936 et
1269 887 1467 936 domino
1495 888 1713 956 Georgio
1736 890 1835 941 Dei
1859 900 1908 942 et
1931 895 2191 958 apostolice

156 978 280 1027 sedis
316 977 487 1043 gracia
510 977 740 1042 episcopo
763 977 1086 1026 Dromorenfi
1121 995 1228 1027 eam
1264 979 1348 1043 qui
1384 997 1512 1028 anno
1547 980 1751 1031 Domini
1785 991 1852 1032 m⁰
1876 992 2007 1035 cccc‘
2030 989 2191 1035 oana-

155 1069 335 1136 gefimo
376 1069 548 1134 quinto
586 1070 667 1118 die
706 1086 825 1118 vero
866 1068 1043 1118 menfis
1081 1070 1293 1135 Augusti
1330 1077 1444 1121 xxv‘
1482 1075 1810 1124 consecrando
1851 1078 2098 1127 dedicauit
2136 1079 2187 1127 in

159 1161 334 1212 annuis
358 1162 633 1212 redditibus
659 1162 722 1211 ad
747 1162 966 1226 quinque
989 1178 1269 1211 marcarum
1292 1172 1487 1213 monete
1512 1167 1753 1215 currentis
1780 1167 1950 1218 860616
1974 1169 2187 1219 valorem

157 1255 329 1303 dotare
365 1283 376 1293 ·
415 1253 546 1304 Sane
581 1271 682 1302 non
717 1254 875 1319 magis
910 1254 1224 1319 promiffione
1259 1256 1478 1319 prediELa
1510 1274 1656 1321 quam
1690 1259 1871 1308 summe
1906 1261 2189 1310 deuocionis

157 1346 331 1396 31166111
356 1363 502 1411 quem
527 1364 646 1412 erga
670 1346 850 1395 dictam
875 1346 1087 1395 maiores
1109 1346 1208 1395 mei
1232 1354 1281 1395 et
1305 1365 1396 1412 ego
1419 1348 1606 1412 semper
1629 1350 1915 1414 gerebamus
1940 1352 2187 1401 ecclesiam

157 1441 395 1490 adductus
438 1472 449 1482 ·
492 1439 663 1489 volens
699 1440 856 1489 eciam
893 1447 943 1489 et
979 1456 1126 1504 quam
1156 1439 1421 1504 plurimum
1457 1441 1685 1489 affestans
1716 1442 1856 1491 saluti
1891 1451 1939 1492 et
1972 1445 2187 1492 remedio

157 1532 317 1581 anime
376 1549 484 1581 mee
537 1532 888 1596 animabusque
940 1530 976 1580 J
979 1538 1124 1580 onete
1180 1531 1293 1597 Lyn
1348 1532 1510 1581 vxoris
1562 1550 1669 1582 mee
1723 1534 2186 1600 consanguineorum

155 1632 417 1690 parentum
464 1632 513 1674 et
558 1625 925 1673 11611613ἃο11113
968 1641 1192 1673 meorum
1238 1641 1296 1673 36
1344 1625 1557 1673 omnium
1599 1625 1814 1674 fidelium
1856 1627 2190 1676 defunsslmrum

157 1716 344 1766 mederi
379 1746 390 1756 ·
428 1734 526 1765 non
565 1717 614 1765 vi
649 1723 735 1766 aut
768 1724 906 1766 metu
940 1717 1113 1765 1111131113
1149 1745 1159 1755 ·
1206 1716 1269 1765 311
1302 1716 1498 1766 1311116111
1535 1725 1584 1767 61
1617 1717 1853 1766 honorem
1887 1718 1985 1767 Dei
2023 1718 2192 1768 Omni-

155 1809 369 1874 potentis
413 1815 462 1858 61
502 1808 711 1858 Domini
757 1809 914 1857 nostri
959 1808 1080 1858 Jesu
1129 1808 1314 1859 Christi
1355 1817 1403 1858 et
1439 1808 1770 1875 gloriofiffime
1816 1810 1977 1859 Marie
2026 1810 2188 1861 sanai

157 1901 362 1967 Vigiani
387 1909 436 1951 61
460 1901 736 1951 Sebastiani
760 1909 1045 1951 tenementa
1079 1911 1238 1951 terras
1274 1909 1324 1951 61
1359 1918 1547 1950 annuos
1582 1902 1802 1951 redditus
1833 1901 2087 1967 sequentes
2111 1904 2193 1950 vni

158 1995 413 2060 capellano
450 2002 692 2061 perpetuo
725 1996 789 2044 ad
825 1995 983 2045 altare
1022 1994 1190 2044 Sana-,i
1227 1993 1500 2044 Sebastiani
1524 1994 1575 2042 in
1601 1994 1728 2042 dicta
1762 1993 1961 2043 ecclesia
1995 2012 2084 2059 per
2118 2012 2194 2043 me

158 2088 413 2138 fundatum
455 2088 822 2153 imperpetuum
863 2087 1170 2137 deseruituro
1211 2085 1494 2150 missamque
1536 2085 1754 2150 quotidie
1795 2085 1987 2149 aliaque
2028 2086 2196 2134 diuina

158 2179 389 2245 suffragia
432 2180 548 2229 dum
594 2181 658 2229 ad
701 2181 796 2229 hoc
842 2180 995 2229 fuerit
1036 2179 1289 2244 dispofitus
1335 2178 1458 2227 ficut
1504 2179 1555 2226 in
1603 2178 1710 2226 aliis
1759 2176 1930 2226 Scocie
1976 2178 2195 2242 partibus

162 2271 231 2319 est·
276 2271 504 2322 vfitatum
553 2272 864 2322 celebraturo
913 2272 1029 2321 dedi
1077 2270 1287 2321 conceffi
1334 2278 1382 2320 et
1429 2269 1633 2319 fundaui
1673 2300 1682 2310 ·
1726 2269 1953 2317 videlicet
1985 2295 1995 2307 ·
2028 2268 2194 2316 Vnum

162 2372 494 2423 tenementum
544 2366 714 2415 iacens
761 2368 813 2415 in
858 2367 1017 2431 burgo
1065 2365 1127 2413 de
1174 2363 1416 2412 Arbroith
1468 2379 1527 2410 ex
1577 2369 1716 2426 parte
1768 2361 1992 2409 orientali
2043 2361 2094 2408 in
2144 2360 2195 2424 ly

164 2455 405 2523 Cobgaite
445 2458 578 2507 inter
622 2470 781 2507 terras
819 2457 1034 2507 Walteri
1079 2456 1271 2508 Sclatar
1309 2454 1372 2502 ad
1411 2453 1600 2501 boriam
1644 2460 1692 2501 61
1729 2460 1884 2500 terras
1924 2451 2195 2499 Alexandri

165 2547 435 2598 Nicholson
476 2551 540 2599 ad
578 2550 794 2599 austrum
840 2568 953 2600 cum
992 2549 1193 2616 singulis
1234 2547 1328 2595 suis
1368 2544 1688 2610 pertinenciis
1724 2573 1735 2584 ·
1777 2543 1910 2591 aliud
1948 2543 2194 2607 integrum

165 2647 499 2690 tenementum
525 2658 636 2691 cum
659 2642 982 2707 pertinenciis
1006 2644 1059 2692 in
1085 2644 1258 2693 eodem
1284 2642 1393 2690 vico
1418 2657 1477 2688 ex
1500 2647 1641 2704 parte
1667 2637 1960 2687 occidentali
1984 2637 2193 2690 eiusdem

165 2730 329 2780 iacens
363 2732 496 2782 inter
519 2734 664 2783 terris
689 2734 875 2800 Elyson
903 2734 1067 2801 Colyn
1095 2736 1161 2784 ad
1195 2735 1384 2784 boriam
1416 2741 1464 2782 et
1495 2741 1652 2782 terras
1681 2731 1716 2780 J
1718 2731 1857 2780 acobi
1893 2731 2095 2779 Purwas
2133 2729 2192 2776 ad

166 2822 379 2873 austrum
415 2854 426 2865 ·
464 2843 616 2875 vnum
651 2843 870 2875 annuum
906 2827 1155 2876 redditum
1192 2827 1271 2875 sex
1306 2826 1568 2875 solidorum
1605 2831 1654 2872 et
1688 2824 1857 2872 decem
1885 2821 2192 2871 denariorum

167 2915 227 2963 de
260 2917 548 2981 supradiffis
584 2920 730 2968 terris
766 2919 950 2985 Elyson
979 2919 1172 2985 Colyne
1209 2948 1219 2958 ·
1257 2934 1405 2966 vnum
1431 2917 1584 2965 eciam
1610 2930 1826 2963 annuum
1850 2912 2092 2962 redditum
2118 2911 2192 2957 lex

167 3005 430 3057 solidorum
455 3017 504 3059 et
529 3014 637 3060 οᾶο
663 3011 980 3060 denariorum
1018 3011 1079 3060 de
1109 3011 1195 3059 illo
1231 3015 1512 3059 tenemento
1535 3007 1730 3071 integro
1767 3005 1897 3070 quod
1930 3003 2022 3052 fuit
2046 3001 2192 3050 Alex·

167 3099 310 3147 andri
350 3100 589 3166 Teyndar
630 3103 746 3151 dum
781 3103 973 3151 vixerat
1011 3102 1205 3151 iacente
1247 3118 1307 3150 ex
1344 3107 1484 3165 parte
1522 3097 1815 3147 occidentali
1850 3094 2056 3160 prediffl
2097 3093 2190 3139 vici

169 3187 299 3238 inter
340 3199 496 3241 terras
537 3193 715 3243 Jacobi
761 3194 955 3244 Guthre
997 3194 1061 3242 ad
1103 3194 1318 3242 austrum
1360 3199 1409 3240 et
1451 3187 1845 3239 terramJacobi
1888 3186 2083 3234 Purwes
2130 3182 2189 3229 ad
