2762 3834
377 1061 471 1110 106

515 371 581 422 90
964 347 1392 414 REGISTRUM
1426 358 1523 409 DE
1560 355 2122 406 ABERBROTHoc.

519 500 593 548 off
610 499 693 549 the
718 498 864 547 faidis
901 497 1049 546 abbot
1071 496 1171 544 and
1196 500 1411 543 conuent
1436 491 1477 539 is
1502 479 1742 555 appendit
1767 489 1886 538 with
1911 490 1995 539 the
2021 490 2131 538 selis
2157 491 2231 539 off
2261 491 2437 540 vthiris
2471 509 2580 556 per-

519 592 647 640 ionis
668 592 942 655 forwrytyn
991 625 1002 636 .
1031 624 1041 635 .
1071 624 1082 635 .

520 842 708 915 Bucht
732 890 743 901 ·
765 860 1152 909 Instrumentum
1179 855 1560 921 recognicionis.

524 1035 595 1107 In
621 1056 718 1105 Dei
741 1055 942 1104 nomine
967 1071 1109 1102 amen
1138 1080 1148 1090 ·
1172 1052 1271 1101 Per
1294 1052 1391 1100 hoc
1435 1089 1446 1100 .
1499 1089 1509 1099 .
1562 1090 1571 1099 .
1619 1050 1674 1101 fit
1699 1060 1872 1101 notum
1898 1052 2033 1116 quod
2059 1069 2190 1099 anno
2219 1051 2587 1101 incarnacionis

523 1149 769 1198 dominice
787 1153 854 1196 m⁰
870 1153 1004 1195 cccc⁰
1020 1143 1425 1210 quinquagesimo
1444 1130 1580 1193 sexto
1599 1172 1610 1183 ·
1632 1143 1713 1192 die
1739 1160 1859 1192 vero
1884 1144 2062 1192 mensis
2079 1143 2375 1194 Decembris
2401 1145 2558 1195 tercia
2579 1172 2589 1182 ·

522 1241 789 1291 indifflone
814 1240 989 1305 quinta
1013 1267 1023 1277 ·
1047 1238 1366 1303 pontificatus
1405 1275 1416 1286 .
1457 1275 1467 1285 .
1509 1275 1520 1285 .
1557 1235 1748 1284 domini
1775 1234 1950 1285 Calisti
1987 1274 1999 1285 .
2040 1275 2050 1285 .
2092 1274 2103 1285 .
2139 1254 2269 1302 pape
2290 1238 2434 1286 tercii
2459 1254 2590 1286 anno

524 1335 737 1384 secundo
777 1363 786 1372 -
826 1334 877 1381 in
921 1332 1020 1381 mei
1058 1370 1068 1381 .
1110 1370 1120 1381 .
1162 1370 1173 1380 .
1210 1339 1260 1380 et
1301 1329 1498 1379 testium
1540 1328 1926 1394 subscriptorum
1970 1330 2231 1394 presencia
2265 1330 2591 1395 personaliter

526 1427 816 1476 constitutus
867 1464 878 1474 .
931 1462 942 1473 .
996 1463 1006 1473 .
1063 1424 1342 1474 Malcomus
1395 1462 1405 1472 .
1459 1462 1469 1472 .
1521 1461 1532 1471 .
1583 1422 1734 1471 abbas
1785 1459 1796 1470 .
1847 1459 1859 1470 .
1912 1459 1922 1470 .
1972 1422 2034 1471 de
2080 1422 2420 1472 Abirbrothoc
2466 1461 2475 1470 .
2523 1460 2532 1470 .
2582 1460 2592 1470 .

525 1538 720 1569 necnon
745 1527 795 1569 et
830 1519 1050 1568 Jacobus
1078 1517 1324 1584 Ogylwye
1349 1517 1567 1566 balliuus
1592 1514 1710 1563 dicti
1745 1514 1904 1579 patris
1939 1514 1990 1562 in
2031 1515 2126 1563 hac
2154 1522 2296 1579 parte
2336 1553 2347 1564 .
2389 1553 2398 1563 .
2440 1552 2451 1563 .
2489 1515 2593 1579 qui-

527 1614 725 1678 quidem
766 1613 987 1662 Jacobus
1030 1630 1090 1660 ex
1130 1618 1369 1676 precepto
1422 1647 1433 1658 .
1487 1647 1497 1658 .
1554 1646 1565 1658 .
1614 1607 1795 1673 prefati
1838 1607 1998 1672 patris
2040 1607 2224 1657 ibidem
2267 1608 2594 1673 personaliter

527 1705 768 1771 presentis
791 1722 881 1770 per
905 1704 1087 1769 lapidis
1104 1711 1153 1754 et
1169 1712 1302 1752 terre
1329 1703 1610 1768 captionem
1637 1701 1772 1766 apud
1796 1699 1963 1749 Bucht
1979 1708 2028 1749 et
2046 1700 2192 1766 super
2209 1701 2362 1750 solum
2380 1702 2595 1750 eiusdem

530 1816 736 1863 eamque
760 1804 963 1863 propter
989 1797 1347 1846 alienacionem
1380 1794 1615 1862 sepedifflfi
1652 1793 1809 1858 patris
1842 1801 1891 1842 et
1924 1793 2031 1842 eius
2070 1803 2348 1844 conuentus
2384 1794 2595 1843 licencia

530 1892 673 1955 super
697 1891 791 1939 hoc
816 1907 916 1938 11011
941 1889 1101 1954 petita
1124 1907 1217 1939 nec
1243 1898 1448 1955 optenta
1472 1890 1653 1960 factam
1687 1905 1887 1938 necnon
1917 1896 2125 1954 propter
2157 1889 2420 1939 seruicium
2455 1890 2597 1938 dictis

529 1982 660 2047 patri
692 1989 741 2031 et
777 1982 1045 2031 conuentui
1078 1982 1299 2031 debitum
1337 1991 1387 2032 et
1429 1984 1716 2032 consuetum
1757 1990 1807 2031 et
1848 1999 1950 2031 non
1992 1982 2265 2047 impensum
2304 1984 2599 2048 recognouit

586 2112 596 2122 .
637 2112 648 2120 .
685 2073 954 2123 inhibendo
990 2091 1052 2122 ne
1080 2074 1231 2140 Hugo
1257 2074 1462 2124 Hostlar
1502 2076 1763 2140 pretensus
1797 2085 2068 2141 occupator
2102 2114 2114 2125 .
2153 2114 2164 2125 .
2206 2115 2215 2122 .
2253 2085 2499 2126 terrarum
2538 2079 2598 2126 dc

534 2166 696 2215 Bucht
720 2184 812 2215 nec
837 2166 1015 2230 aliquis
1042 2166 1167 2215 alius
1195 2185 1307 2216 cum
1331 2166 1446 2232 ipfis
1472 2168 1809 2218 intromittere
1834 2170 2141 2233 presumeret
2167 2170 2328 2218 donec
2353 2177 2402 2219 et
2427 2173 2600 2234 quous-

534 2278 628 2324 que
654 2258 804 2308 ess‘ent
828 2259 1069 2323 legittime
1095 2260 1368 2325 replegiate
1393 2290 1403 2300 ·
1436 2261 1597 2327 Super
1622 2262 1801 2327 quibus
1841 2301 1851 2311 .
1895 2300 1904 2311 .
1947 2301 1958 2311 .
1997 2263 2155 2312 dictus
2194 2301 2205 2312 .
2245 2300 2257 2312 .
2298 2302 2309 2312 .
2345 2272 2489 2330 pater
2512 2282 2601 2330 per

536 2336 611 2400 me
652 2390 662 2400 .
703 2389 713 2400 .
754 2389 765 2399 .
802 2351 890 2400 fibi
913 2351 1023 2400 fieri
1046 2353 1200 2416 peciit
1224 2354 1479 2418 publicum
1505 2355 1888 2406 instrumentum
1914 2385 1923 2395 ·
1950 2357 2082 2407 Acta
2114 2358 2318 2406 fuerunt
2346 2358 2440 2407 hec
2469 2361 2599 2423 apud

537 2443 699 2492 Bucht
749 2481 760 2491 .
813 2481 823 2491 .
875 2481 885 2491 .
934 2444 1243 2508 presentibus
1289 2447 1475 2496 ibidem
1531 2486 1542 2496 .
1596 2487 1606 2496 .
1665 2486 1675 2498 .
1727 2449 2019 2498 Alexandro
2067 2449 2315 2516 Flemyng
2353 2478 2363 2489 ·
2405 2450 2602 2501 Thoma

543 2535 805 2585 Cuthberti
831 2564 840 2574 ·
866 2535 899 2584 J
903 2535 1099 2585 ohanne
1126 2537 1375 2588 Monelaw
1395 2569 1405 2578 ·
1427 2541 1637 2591 Andrea
1661 2542 1913 2592 Monelaw
1930 2573 1940 2584 ·
1961 2551 2012 2593 et
2034 2543 2070 2592 J
2074 2544 2269 2593 ohanne
2296 2542 2491 2611 Yowng
2517 2587 2524 2595 .
2555 2588 2561 2594 .
2592 2587 2599 2594 .

742 2717 808 2766 Et
832 2735 923 2782 ego
947 2718 1235 2770 Alexander
1268 2721 1567 2774 Thorntoun
1607 2765 1617 2776 .
1659 2767 1668 2777 .
1711 2768 1721 2778 .
1759 2730 1985 2779 notarius
2020 2730 2260 2795 premiffis
2299 2769 2309 2780 .

741 2811 811 2859 fui
836 2840 846 2849 ·
875 2819 951 2860 etc
977 2839 987 2849 ·
1013 2813 1126 2862 vide
1150 2814 1546 2867 instrumentum.

2351 2769 2361 2780 .
2404 2770 2413 2779 .
2453 2733 2602 2782 inter-
