2742 3848
910 443 1152 496 INDEX
1184 444 1569 496 NOMINUM.

181 584 389 636 Feldefair,
410 584 612 635 Rieardus,
638 587 729 637 196,
751 587 844 636 358,
866 589 959 628 359.

230 729 342 768 heres
360 729 389 769 J
391 728 569 779 ohannis,
592 730 686 768 318.

178 799 306 850 Feldi,
326 801 412 840 vide
432 799 671 840 Crechtoun.

174 872 354 924 Femory,
376 872 556 912 dominus
574 873 603 913 J
605 872 779 912 ohannes
798 872 859 923 de,
880 876 947 913 44.

175 946 343 996 Fenton,
365 946 556 996 Fentone,
578 945 820 994 Alexander,
842 946 886 986 of
901 946 1008 998 Ogil,
1029 948 1123 988 290.

301 1016 514 1057 Elizabeth
534 1017 645 1057 Blair
664 1031 806 1070 sponsa
824 1018 852 1059 J
854 1018 1033 1070 ohannis,
1055 1020 1149 1059 396.

301 1088 430 1140 Felix,
451 1090 538 1130 vide
559 1089 720 1141 Ogilvy.

301 1160 517 1212 Gilbertus,
548 1161 654 1201 filius
680 1161 879 1202 Johannis
907 1161 956 1201 F.
987 1168 1027 1202 et
1055 1162 1188 1203 Eliza-

226 1232 322 1272 beth
343 1232 465 1283 Blair,
486 1234 579 1273 396.

311 1304 549 1344 Helizabeth
592 1304 785 1346 Carneors
827 1319 968 1358 sponsa
1014 1306 1189 1354 Roberti,

225 1377 319 1416 526.

169 1472 279 1480 --—
296 1449 468 1489 Isobella
487 1449 694 1489 Anderson
713 1463 855 1502 sponsa
874 1449 1038 1501 Thome,
1060 1451 1154 1491 486.

295 1521 511 1571 Johannes,
534 1523 629 1562 396.

294 1592 501 1641 Robertus,
524 1594 617 1632 526.

167 1665 429 1716 Fergussoun,
451 1664 602 1714 Patrik,
627 1666 719 1704 138.

166 1736 436 1788 Fermartyne,
457 1737 544 1776 vide
563 1737 769 1776 Prestoun.

165 1808 338 1859 Fermor,
377 1808 576 1859 Fermore,
616 1808 817 1860 Fermory,
860 1809 1062 1859 Fermour,
1099 1811 1180 1850 An-

217 1881 340 1931 dreas,
363 1881 427 1930 98,
454 1881 543 1931 100,
568 1881 659 1930 103,
680 1882 770 1920 111.

292 1951 442 2003 Andro,
463 1952 659 2004 chaplain,
685 1954 776 1992 138.

287 2024 469 2064 dominus
488 2024 724 2074 Willelmus,
746 2025 960 2077 presbyter,
986 2027 1075 2065 114.

286 2096 503 2143 Johannes,
535 2097 744 2148 burgensis
780 2102 821 2137 et
858 2097 1096 2150 sergeandus
1128 2099 1176 2138 de

216 2168 489 2219 Abirbrothoc,
512 2170 577 2219 79,
599 2169 664 2219 80,
687 2170 753 2219 99,
779 2170 869 2208 142.

287 2240 494 2291 Robertus,
519 2242 609 2281 125.

286 2313 522 2365 Willelmus,
546 2316 639 2364 222,
661 2315 754 2354 362.

160 2385 296 2436 Ferne,
317 2385 498 2425 dominus
517 2386 576 2436 de,
600 2387 694 2426 269.

281 2461 407 2496 rector
426 2457 486 2507 de,
510 2458 590 2496 vide
608 2456 730 2508 Gray.

159 2527 326 2578 Fersith,
349 2527 532 2579 Forsyth,
555 2528 735 2579 Katrina,
757 2529 837 2567 vide
856 2526 1020 2568 Gardin.

156 2623 259 2632 -—-
284 2600 442 2650 Robert,
461 2600 625 2651 burgess
643 2599 688 2639 of
704 2599 918 2651 Striuelyn,
941 2601 1005 2639 53.

156 2671 272 2722 Feth,
294 2672 434 2722 Fethe,
456 2672 599 2723 Fethy,
628 2671 787 2723 Feithy,
814 2671 1042 2711 Alexander
1069 2671 1172 2712 filius

209 2743 373 2784 Henrici
393 2744 441 2783 F.
462 2750 502 2784 et
522 2731 675 2783 Helene
697 2743 893 2794 Stratone,
915 2746 1008 2794 477,
1030 2745 1123 2784 482.

282 2815 426 2866 David,
449 2816 542 2866 286,
564 2816 658 2865 445,
676 2815 770 2854 490.

282 2886 426 2937 David,
447 2887 553 2926 filius
571 2886 737 2926 Henrici
755 2886 803 2926 F.
825 2891 865 2926 et
887 2886 1039 2926 Helene
1062 2885 1167 2926 Stra-

207 2963 310 3009 tone,
333 2960 426 3008 477,
448 2959 542 2998 482.

283 3029 428 3080 David,
449 3029 676 3080 monachus,
698 3031 792 3068 410.

281 3101 462 3141 dominus
479 3101 508 3141 J
510 3101 695 3150 ohannes,
716 3101 941 3150 monachus,
964 3102 1056 3150 297,
1074 3101 1166 3151 298,

210 3173 302 3223 309,
325 3174 416 3223 313,
439 3174 531 3212 315.

281 3243 511 3294 Duncanus,
532 3246 625 3294 377,
646 3245 740 3293 416,
761 3246 855 3284 417.

279 3314 509 3367 Elezabeth,
530 3316 610 3355 vide
629 3315 803 3355 Peirson.

307 657 492 708 Thomas,
523 658 732 709 burgensis
760 659 808 698 de
839 659 994 711 Dunde,
1025 660 1130 701 filius
1158 666 1199 700 et

2187 452 2286 508 569

1270 589 1387 640 Feth,
1424 589 1581 629 Helena
1624 589 1807 630 Stratone
1846 603 1988 643 sponsa
2020 591 2196 642 Henrici,
2237 595 2284 632 de

1322 660 1511 712 Ballisak,
1533 664 1627 710 477,
1646 663 1740 713 481,
1762 663 1856 702 482.

1396 733 1594 773 Henricus
1613 733 1673 785 de,
1696 736 1761 773 72.

1393 804 1602 857 Henricus,
1624 806 1806 846 dominus
1825 806 1873 846 de
1894 805 2084 859 Ballisak,
2106 808 2171 856 95,
2192 810 2281 859 142,

1319 878 1411 927 398,
1434 879 1527 928 477,
1549 878 1643 926 481,
1665 879 1759 918 482.

1390 948 1419 988 J
1421 953 1547 1000 oneta,
1569 950 1651 989 vide
1670 949 1877 1001 Mytehell.

1390 1020 1593 1072 Margreta
1611 1034 1752 1073 sponsa
1770 1021 1968 1073 Duncani,
1988 1024 2038 1062 37
2044 1025 2080 1073 7,
2102 1024 2196 1063 416.

1389 1092 1560 1132 Mariota
1578 1106 1720 1145 sponsa
1739 1093 1932 1145 Symonis,
1955 1096 2047 1135 377.

1258 1186 1368 1192 ——
1389 1163 1548 1216 Symon,
1571 1167 1664 1216 352,
1686 1167 1779 1217 377,
1800 1168 1894 1206 416.

1387 1235 1623 1288 Willelmus,
1645 1237 1871 1289 monachus,
1892 1238 1987 1277 410.

1259 1307 1445 1360 Fethray,
1467 1308 1649 1350 dominus
1669 1310 1728 1361 de,
1745 1311 1826 1349 vide
1846 1309 2053 1350 Oraufurd.

1260 1379 1402 1430 Fewir,
1434 1379 1617 1421 dominus
1643 1381 1859 1433 Johannes,
1895 1381 2000 1435 prior
2027 1382 2074 1428 de
2105 1383 2271 1435 wayn,

1314 1451 1380 1490 28.

1258 1521 1335 1572 Fif,
1378 1522 1468 1574 Fiff,
1509 1523 1599 1575 Fyf,
1633 1524 1745 1576 Fyfe,
1781 1524 1882 1577 Fyff,
1919 1525 2044 1577 Fyffe,
2079 1525 2270 1577 Andreas,

1310 1593 1416 1634 filius
1445 1594 1608 1647 Thome,
1638 1596 1846 1648 burgensis
1867 1596 1915 1637 de
1935 1597 2147 1648 Abirdene,
2177 1599 2271 1647 501,

1311 1668 1405 1707 504.

1382 1739 1670 1781 commissarius
1689 1741 1750 1792 de,
1771 1743 1838 1781 46.

1381 1810 1541 1851 domina
1565 1812 1703 1865 Agnes
1735 1813 1879 1854 Fraser
1906 1827 2047 1867 sponsa
2073 1814 2270 1855 Johannis

1307 1881 1368 1932 de,
1394 1884 1483 1922 137.

1381 1954 1599 1995 Duncanus
1614 1969 1743 1996 comes
1757 1956 1818 2007 de,
1834 1958 2147 2010 consanguineus
2165 1959 2268 2012 regis

1306 2026 1356 2065 D.
1380 2026 1451 2078 IL,
1475 2029 1539 2078 18,
1564 2028 1626 2077 19,
1649 2029 1743 2068 541.

1378 2104 1418 2139 et
1437 2099 1484 2139 de
1505 2100 1722 2151 Meneteth,
1739 2101 1934 2143 Robertus
1952 2116 2081 2143 comes
2094 2103 2154 2154 de,
2171 2105 2264 2144 544.

1375 2171 1592 2224 Johannes,
1615 2175 1680 2213 91.

1374 2243 1404 2283 J
1406 2243 1591 2295 ohannes,
1622 2245 1829 2298 burgensis
1856 2245 1904 2285 de
1930 2246 2146 2297 Abbirden‚
2171 2249 2260 2298 117,

1305 2316 1496 2366 135-138,
1522 2318 1612 2367 147,
1637 2317 1727 2367 148,
1752 2318 1842 2368 152,
1868 2319 1958 2357 173.

1247 2409 1356 2415 -—
1374 2387 1562 2438 magister
1580 2386 1817 2438 Alexander,
1839 2387 2075 2439 capellanus,
2099 2390 2190 2430 148.

1373 2457 1579 2508 Patricius,
1617 2462 1830 2510 perpetuus
1858 2458 2030 2500 vicarius
2063 2459 2111 2499 de
2140 2460 2256 2501 Abir-

1301 2527 1452 2578 kerdor,
1476 2530 1568 2568 134.

1386 2600 1559 2641 Thomas
1599 2601 1659 2652 de,
1691 2601 1798 2642 filius
1830 2607 1871 2642 et
1902 2602 2014 2643 heres
2045 2604 2253 2656 Johannis,

1296 2671 1502 2723 burgensis
1521 2676 1562 2711 et
1579 2672 1752 2713 ballivus
1770 2673 1818 2713 de
1837 2673 2024 2725 Abirden‚
2050 2677 2140 2728 152,
2164 2678 2252 2727 153,

1301 2744 1390 2793 162,
1411 2745 1501 2795 163,
1526 2745 1616 2795 173,
1642 2746 1731 2796 178,
1753 2746 1845 2797 255,
1867 2747 1961 2797 273,
1982 2747 2075 2787 501.

1242 2838 1347 2845 ——-
1368 2815 1586 2855 vicecomes
1604 2815 1664 2867 de,
1685 2829 1766 2868 reg.
1789 2817 1891 2856 Dav.
1912 2817 1983 2869 IL,
2005 2820 2071 2858 30.

1367 2886 1584 2927 vicecomes
1602 2887 1662 2938 de,
1683 2901 1763 2939 reg.
1785 2888 1883 2929 Rob.
1906 2889 1999 2940 111„
2020 2891 2085 2941 45,
2107 2892 2172 2930 46.

1242 2958 1430 3010 Findark,
1461 2959 1719 3011 Fyndyhark,
1745 2960 1877 3013 Philip
1896 2961 1946 3013 of,
1967 2961 2067 3001 laird
2086 2963 2130 3002 of
2152 2963 2249 3002 Mel-

1295 3029 1422 3080 drum,
1446 3031 1537 3070 106.

1241 3101 1391 3149 Fintre,
1446 3102 1609 3154 Fyntre,

1297 3171 1484 3212 Graham.

1240 3242 1486 3295 Firmatorio,
1526 3243 1706 3285 dominus
1745 3245 1940 3289 Patricius
1970 3244 2029 3295 de,
2064 3246 2168 3298 prior
2199 3247 2246 3286 de

1295 3315 1463 3368 wayn,
1486 3317 1552 3356 28.

1665 3103 1848 3154 Fyntree,
1904 3105 1984 3143 vide
2034 3104 2246 3156 Dalgarno,

1165 3390 1249 3434 4c
