2762 3834
21 1095 112 1144 190

607 328 1027 383 REGISTRUM
1058 328 1156 382 DE.
1192 324 1747 385 ABERBROTHOC.
2098 325 2191 378 169

162 463 326 511 diuers
351 488 361 499 -
388 459 489 509 and
507 458 590 511 for
608 458 692 508 the
716 460 841 511 mair
864 460 1139 525 sykkyrnes
1166 461 1190 509 I
1221 461 1304 513 the
1344 459 1447 511 said
1483 457 1679 510 maister
1719 456 1920 522 Nychol
1957 455 2046 508 has
2088 455 2190 508 sub-

159 553 355 616 scriwyt
378 567 461 615 my
485 549 682 614 present
702 550 1045 614 obligacioune
1082 552 1198 601 with
1228 569 1310 616 my
1335 550 1462 605 awin
1490 549 1626 603 hand
1648 575 1659 586 ·
1684 547 1737 601 N
1737 546 1993 614 ycholaius
2018 545 2192 610 Mony-

160 661 327 709 penny
351 658 500 690 manu
523 639 738 705 propria.

164 891 448 966 Affedacio
473 915 646 973 quarte
670 907 825 972 partis
850 907 910 957 de
935 907 1235 973 Achmuthy.

165 1072 442 1145 Uniuerfis
465 1099 633 1156 pateat
671 1128 681 1139 .
722 1129 733 1139 .
773 1127 784 1138 .
821 1108 911 1139 nos
935 1090 1217 1155 Georgeum
1255 1128 1265 1139 .
1306 1129 1316 1139 .
1357 1129 1367 1139 .
1405 1093 1627 1141 abbatem
1654 1130 1665 1141 .
1694 1130 1705 1140 .
1735 1131 1745 1142 .
1771 1094 1832 1142 de
1860 1093 2192 1143 Abirbrothoc

220 1221 231 1232 .
274 1221 285 1232 .
322 1181 545 1233 affedaffe
581 1222 591 1232 .
630 1221 639 1231 .
676 1220 686 1231 .
722 1181 915 1235 Jacobo
957 1181 1119 1247 Boyes
1161 1188 1210 1233 et
1256 1182 1459 1231 Isabelle
1496 1184 1663 1247 sponse
1705 1185 1786 1233 sue
1820 1222 1830 1233 .
1867 1223 1876 1233 .
1914 1223 1923 1232 .
1959 1201 2050 1248 pro
2088 1191 2192 1233 toto

166 1283 386 1339 tempore
412 1274 511 1323 vite
543 1274 624 1323 sue
661 1311 671 1322 .
709 1313 719 1323 .
757 1312 767 1322 .
804 1281 1030 1337 quartam
1077 1280 1269 1337 partem
1312 1273 1423 1321 ville
1460 1274 1624 1321 nostre
1659 1275 1720 1323 de
1755 1275 2041 1340 Achmuthy
2079 1314 2088 1324 .
2131 1314 2140 1324 .
2184 1314 2192 1324 .

167 1382 378 1415 vnacum
402 1365 625 1417 domibus
648 1365 700 1417 in
726 1365 902 1429 quibus
928 1364 1176 1428 quondam
1199 1363 1234 1412 J
1237 1363 1455 1412 ohannes
1478 1363 1659 1412 Brown
1682 1364 1851 1414 manfit
1877 1404 1886 1413 .
1914 1402 1925 1413 .
1950 1403 1960 1413 .
1985 1366 2194 1414 termino

167 1474 283 1505 vero
331 1456 562 1505 introitus
600 1491 611 1503 .
646 1495 655 1505 .
695 1495 705 1504 .
744 1456 1014 1520 incipiente
1066 1455 1118 1503 in
1153 1454 1275 1503 festo
1314 1454 1659 1503 Penthecostes
1694 1456 1859 1504 datam
1894 1457 2197 1520 presencium

166 1547 446 1601 immediate
493 1547 724 1611 sequente
770 1584 780 1595 .
826 1585 836 1595 .
880 1585 890 1596 .
932 1546 1182 1596 Soluendo
1223 1583 1236 1595 .
1276 1583 1287 1594 .
1323 1582 1335 1594 .
1366 1563 1458 1610 pro
1494 1546 1635 1596 firma
1676 1547 1801 1595 diae
1839 1554 2011 1611 quarte
2047 1548 2198 1611 partis

171 1676 181 1686 .
218 1676 229 1686 .
266 1676 277 1686 .
314 1646 414 1688 tres
437 1638 589 1687 libras
627 1676 639 1687 .
674 1675 686 1686 .
722 1675 733 1688 .
769 1645 964 1687 monete
1002 1675 1013 1686 .
1053 1675 1064 1686 .
1104 1675 1115 1686 .
1156 1636 1330 1687 Scocie
1366 1639 1430 1686 ad
1465 1639 1586 1686 duos
1617 1637 1735 1686 anni
1758 1638 1991 1686 terminos
2015 1639 2201 1688 vsuales

216 1769 225 1778 .
264 1767 276 1777 .
313 1747 424 1779 cum
449 1730 530 1782 sex
555 1730 824 1794 caponibus
849 1737 898 1779 et
921 1730 1003 1778 sex
1028 1729 1136 1786 aliis
1160 1728 1307 1794 pullis
1331 1728 1512 1777 adultis
1544 1745 1654 1777 cum
1689 1735 1911 1794 rynmart
1946 1736 1995 1777 et
2017 1730 2203 1794 wethyr

170 1829 219 1870 et
243 1821 352 1869 aliis
376 1821 607 1870 oneribus
630 1820 996 1871 husbandorum
1033 1859 1044 1869 .
1089 1858 1100 1869 .
1143 1857 1154 1867 .
1198 1819 1441 1869 consuetis
1465 1847 1475 1857 ·
1501 1820 1738 1870 Preterea
1767 1820 1882 1874 dieti
1905 1819 1940 1868 J
1942 1822 2121 1869 acobus
2156 1830 2203 1870 et

170 1912 378 1961 Isabella
401 1912 572 1977 sponsa
609 1950 620 1961 .
661 1950 671 1961 .
711 1950 723 1961 .
759 1913 1018 1962 inuenient
1062 1950 1072 1961 .
1119 1950 1129 1960 .
1173 1950 1184 1960 .
1224 1929 1371 1961 vnam
1412 1912 1622 1960 cimbam
1656 1913 1780 1960 bene
1815 1920 2126 1976 preparatam
2155 1913 2206 1960 in

170 2003 448 2053 hominibus
473 2011 522 2053 et
546 2004 654 2053 aliis
678 2003 956 2053 necessariis
979 2021 1070 2069 pro
1094 2003 1307 2068 piscibus
1334 2004 1586 2069 capiendis
1604 2004 1744 2052 nobis
1768 2021 1855 2068 pre
1881 2004 2056 2053 ceteris
2081 2021 2207 2052 com-

172 2096 309 2145 muni
343 2097 511 2161 precio
548 2096 819 2145 vendendis
841 2123 851 2133 ·
887 2095 954 2145 Et
995 2096 1028 2144 fi
1067 2097 1323 2159 contingat
1360 2112 1449 2143 nos
1487 2133 1498 2143 .
1534 2132 1545 2143 .
1583 2133 1593 2143 .
1631 2095 1819 2159 aliquos
1858 2095 2121 2159 piscatores
2155 2096 2207 2144 in

174 2186 292 2235 villa
324 2224 334 2234 .
371 2223 382 2235 .
420 2223 431 2235 .
460 2187 682 2251 predi&a
715 2223 727 2235 .
764 2223 774 2234 .
811 2223 822 2234 .
856 2187 1172 2235 introducere
1189 2204 1279 2252 pro
1299 2187 1553 2240 commodo
1569 2186 1849 2235 monasterii
1867 2186 2015 2238 nostri
2034 2187 2207 2249 quibus

174 2278 327 2326 visum
349 2278 499 2328 fuerit
522 2278 662 2326 nobis
687 2278 953 2342 expediens
977 2277 1167 2342 aliquas
1191 2286 1347 2332 terras
1371 2278 1487 2326 ville
1518 2278 1733 2342 predifioe
1768 2277 2004 2342 affignare
2039 2277 2207 2326 licebit

175 2369 315 2418 nobis
342 2406 353 2417 .
382 2405 394 2418 .
422 2405 433 2417 .
460 2369 675 2433 aliquam
698 2369 986 2434 porcionem
1008 2367 1144 2417 istius
1177 2378 1350 2433 quarte
1385 2371 1540 2435 partis
1575 2371 1754 2425 eisdem
1789 2369 2025 2434 affignare
2060 2370 2207 2421 defal-

174 2462 334 2515 cando
360 2461 499 2510 diais
522 2461 558 2509 J
560 2462 713 2510 acobo
739 2468 788 2509 et
810 2460 1006 2509 Isabille
1034 2498 1045 2509 .
1073 2497 1084 2508 .
1113 2497 1125 2510 .
1152 2462 1370 2510 valorem
1393 2469 1523 2511 terre
1547 2461 1867 2526 piscatoribus
1902 2459 2133 2525 aflignate
2158 2461 2209 2507 in

177 2553 317 2605 firma
339 2553 487 2602 trium
511 2552 745 2601 librarum
772 2553 1106 2617 predictarum
1140 2587 1153 2600 .
1186 2589 1198 2601 .
1233 2589 1244 2601 .
1283 2552 1393 2601 Nec
1416 2552 1584 2601 licebit
1615 2552 1846 2616 prediffis
1889 2588 1901 2600 .
1945 2588 1956 2599 .
1996 2588 2007 2600 .
2033 2551 2208 2601 dietam

178 2651 402 2707 quartam
442 2651 634 2708 partem
671 2682 680 2693 .
717 2682 728 2693 .
766 2683 775 2693 .
813 2643 1030 2693 affedare
1069 2643 1219 2692 alicui
1259 2643 1463 2707 persone
1500 2681 1509 2691 .
1553 2681 1562 2691 .
1606 2679 1616 2689 .
1654 2641 1752 2691 fine
1792 2642 1959 2690 nostra
2002 2642 2210 2690 licencia

221 2773 230 2783 .
257 2773 266 2783 .
292 2735 490 2784 cetariis
514 2736 750 2784 duntaxat
771 2735 989 2799 exceptis
1014 2763 1025 2774 ·
1050 2734 1287 2783 Preterea
1311 2735 1343 2782 fi
1368 2735 1576 2799 prediai
1611 2771 1622 2782 .
1655 2773 1664 2783 .
1693 2771 1704 2782 .
1741 2734 1793 2782 in
1812 2733 2057 2788 solucione
2071 2733 2207 2781 firme

182 2825 262 2874 sue
296 2863 306 2874 .
343 2862 354 2873 .
390 2862 402 2874 .
433 2826 619 2874 fuerint
646 2862 657 2874 .
685 2862 696 2874 .
725 2862 736 2874 .
762 2826 889 2874 male
925 2825 1259 2890 persoluentes
1299 2832 1384 2874 aut
1422 2825 1561 2873 nobis
1587 2862 1599 2874 .
1628 2862 1640 2873 .
1667 2862 1678 2874 .
1703 2824 1920 2873 iniuriosi
1954 2861 1965 2872 .
1999 2861 2010 2872 .
2045 2860 2056 2872 .
2090 2824 2207 2872 exti-

184 2916 331 2964 terint
367 2917 536 2965 licebit
576 2917 717 2965 nobis
758 2954 769 2965 .
809 2954 820 2964 .
856 2953 866 2964 .
904 2917 965 2965 de
997 2916 1220 2980 predicta
1257 2923 1434 2979 quarta
1463 2923 1604 2980 parte
1642 2952 1654 2963 .
1693 2952 1705 2963 .
1747 2952 1758 2962 .
1798 2916 2051 2979 disponere
2092 2952 2102 2962 .
2145 2951 2154 2961 .
2196 2951 2205 2961 .

184 3005 416 3055 Preterea
438 3006 474 3054 fi
495 3008 750 3072 contingat
774 3043 784 3055 .
814 3043 825 3054 .
853 3043 864 3053 .
884 3006 919 3055 J
922 3007 1128 3055 acobum
1146 3014 1260 3054 ante
1280 3006 1466 3054 obitum
1502 3043 1513 3054 .
1553 3043 1565 3053 .
1603 3042 1614 3053 .
1648 3004 1851 3053 Isabelle
1888 3040 1899 3052 .
1939 3041 1950 3052 .
1991 3041 2001 3052 .
2032 3005 2093 3052 ab
2117 3005 2207 3053 hac

185 3093 293 3144 luce
317 3096 530 3160 migrare
558 3133 569 3144 .
598 3133 608 3145 .
639 3132 651 3145 .
672 3113 773 3144 non
795 3096 965 3145 licebit
1002 3133 1014 3144 .
1054 3133 1065 3144 .
1105 3133 1116 3144 .
1154 3096 1359 3145 Isabelle
1397 3133 1408 3144 .
1448 3132 1458 3144 .
1498 3133 1508 3143 .
1547 3095 1697 3143 alium
1723 3095 1882 3144 virum
1912 3095 2091 3143 ducere
2117 3132 2127 3142 .

1127 3201 1158 3232 Y
