<?xml version="1.0" encoding="UTF-8"?>
<!DOCTYPE html PUBLIC "-//W3C//DTD XHTML 1.0 Transitional//EN"
    "http://www.w3.org/TR/xhtml1/DTD/xhtml1-transitional.dtd">
<html xmlns="http://www.w3.org/1999/xhtml" xml:lang="en" lang="en">
 <head>
  <title>
</title>
<meta http-equiv="Content-Type" content="text/html;charset=utf-8" />
  <meta name='ocr-system' content='tesseract 3.04.00' />
  <meta name='ocr-capabilities' content='ocr_page ocr_carea ocr_par ocr_line ocrx_word'/>
</head>
<body>
  <div class='ocr_page' id='page_1' title='image "./libersthomedea8602arbruoft_0180.png"; bbox 0 0 2762 3834; ppageno 0'>
   <div class='ocr_carea' id='block_1_1' title="bbox 455 1052 517 1101">
    <p class='ocr_par' dir='ltr' id='par_1_1' title="bbox 455 1052 517 1101">
     <span class='ocr_line' id='line_1_1' title="bbox 455 1052 517 1101; baseline 0 -7"><span class='ocrx_word' id='word_1_1' title='bbox 455 1052 517 1101; x_wconf 88' lang='grc'><strong>94</strong></span> 
     </span>
    </p>
   </div>
   <div class='ocr_carea' id='block_1_2' title="bbox 571 354 2178 413">
    <p class='ocr_par' dir='ltr' id='par_1_2' title="bbox 571 354 2178 413">
     <span class='ocr_line' id='line_1_2' title="bbox 571 354 2178 413; baseline -0.005 0"><span class='ocrx_word' id='word_1_2' title='bbox 571 367 635 412; x_wconf 83' lang='grc'><strong>80</strong></span> <span class='ocrx_word' id='word_1_3' title='bbox 1019 359 1444 413; x_wconf 87' lang='lat' dir='ltr'><strong>REGISTRUM</strong></span> <span class='ocrx_word' id='word_1_4' title='bbox 1478 359 1575 409; x_wconf 92' lang='lat' dir='ltr'><strong>DE</strong></span> <span class='ocrx_word' id='word_1_5' title='bbox 1610 354 2178 407; x_wconf 88' lang='lat' dir='ltr'><strong>ABERBROTHOC.</strong></span> 
     </span>
    </p>
   </div>
   <div class='ocr_carea' id='block_1_3' title="bbox 572 488 2627 556">
    <p class='ocr_par' dir='ltr' id='par_1_3' title="bbox 572 488 2627 556">
     <span class='ocr_line' id='line_1_3' title="bbox 572 488 2627 556; baseline -0.003 -9"><span class='ocrx_word' id='word_1_6' title='bbox 572 497 702 547; x_wconf 82' lang='lat' dir='ltr'><strong>vltra</strong></span> <span class='ocrx_word' id='word_1_7' title='bbox 735 525 746 536; x_wconf 89' lang='lat'><strong>·</strong></span> <span class='ocrx_word' id='word_1_8' title='bbox 779 497 839 545; x_wconf 93' lang='lat' dir='ltr'><strong>In</strong></span> <span class='ocrx_word' id='word_1_9' title='bbox 857 494 995 545; x_wconf 85' lang='lat' dir='ltr'><strong>ouius</strong></span> <span class='ocrx_word' id='word_1_10' title='bbox 1013 495 1087 544; x_wconf 91' lang='lat' dir='ltr'><strong>rei</strong></span> <span class='ocrx_word' id='word_1_11' title='bbox 1106 493 1438 545; x_wconf 84' lang='lat' dir='ltr'><strong>testimonium</strong></span> <span class='ocrx_word' id='word_1_12' title='bbox 1463 490 1674 556; x_wconf 86' lang='lat' dir='ltr'><strong>figillum</strong></span> <span class='ocrx_word' id='word_1_13' title='bbox 1698 489 1870 538; x_wconf 87' lang='lat' dir='ltr'><strong>balliui</strong></span> <span class='ocrx_word' id='word_1_14' title='bbox 1890 488 1962 538; x_wconf 87' lang='lat' dir='ltr'><strong>est</strong></span> <span class='ocrx_word' id='word_1_15' title='bbox 1986 490 2183 538; x_wconf 86' lang='lat' dir='ltr'><strong>affixum</strong></span> <span class='ocrx_word' id='word_1_16' title='bbox 2205 507 2302 539; x_wconf 87' lang='lat' dir='ltr'><strong>vna</strong></span> <span class='ocrx_word' id='word_1_17' title='bbox 2322 507 2434 540; x_wconf 89' lang='lat' dir='ltr'><strong>cum</strong></span> <span class='ocrx_word' id='word_1_18' title='bbox 2459 489 2627 556; x_wconf 82' lang='lat' dir='ltr'><strong>figillis</strong></span> 
     </span>
    </p>
   </div>
   <div class='ocr_carea' id='block_1_4' title="bbox 573 581 2083 654">
    <p class='ocr_par' dir='ltr' id='par_1_4' title="bbox 573 581 2083 654">
     <span class='ocr_line' id='line_1_4' title="bbox 573 581 2083 654; baseline -0.005 -16"><span class='ocrx_word' id='word_1_19' title='bbox 573 588 882 654; x_wconf 88' lang='lat' dir='ltr'><strong>quorundam</strong></span> <span class='ocrx_word' id='word_1_20' title='bbox 913 627 923 636; x_wconf 93' lang='lat'>.</span> <span class='ocrx_word' id='word_1_21' title='bbox 954 627 964 637; x_wconf 92' lang='lat'><strong>.</strong></span> <span class='ocrx_word' id='word_1_22' title='bbox 1002 626 1011 636; x_wconf 93' lang='lat'><em>.</em></span> <span class='ocrx_word' id='word_1_23' title='bbox 1046 587 1130 651; x_wconf 87' lang='lat' dir='ltr'><strong>qui</strong></span> <span class='ocrx_word' id='word_1_24' title='bbox 1153 586 1281 635; x_wconf 63' lang='lat' dir='ltr'><strong>diae</strong></span> <span class='ocrx_word' id='word_1_25' title='bbox 1306 582 1619 649; x_wconf 85' lang='lat' dir='ltr'><strong>inquificioni</strong></span> <span class='ocrx_word' id='word_1_26' title='bbox 1643 581 1924 631; x_wconf 85' lang='lat' dir='ltr'><strong>intererant</strong></span> <span class='ocrx_word' id='word_1_27' title='bbox 1963 620 1972 630; x_wconf 89' lang='lat'><strong>.</strong></span> <span class='ocrx_word' id='word_1_28' title='bbox 2016 619 2028 631; x_wconf 90' lang='lat'><strong><em>.</em></strong></span> <span class='ocrx_word' id='word_1_29' title='bbox 2073 620 2083 630; x_wconf 91' lang='lat'>.</span> 
     </span>
    </p>
   </div>
   <div class='ocr_carea' id='block_1_5' title="bbox 571 844 2110 926">
    <p class='ocr_par' dir='ltr' id='par_1_5' title="bbox 571 844 2110 926">
     <span class='ocr_line' id='line_1_5' title="bbox 571 844 2110 926; baseline -0.004 -10"><span class='ocrx_word' id='word_1_30' title='bbox 571 844 921 917; x_wconf 81' lang='lat' dir='ltr'><strong>Confirmaeio</strong></span> <span class='ocrx_word' id='word_1_31' title='bbox 947 871 1081 913; x_wconf 86' lang='lat' dir='ltr'><strong>carte</strong></span> <span class='ocrx_word' id='word_1_32' title='bbox 1108 865 1167 911; x_wconf 93' lang='lat' dir='ltr'><strong>de</strong></span> <span class='ocrx_word' id='word_1_33' title='bbox 1193 868 1474 911; x_wconf 85' lang='lat' dir='ltr'><strong>tenemento</strong></span> <span class='ocrx_word' id='word_1_34' title='bbox 1499 861 1696 910; x_wconf 88' lang='lat' dir='ltr'><strong>iacente</strong></span> <span class='ocrx_word' id='word_1_35' title='bbox 1719 860 1773 909; x_wconf 92' lang='lat' dir='ltr'><strong>in</strong></span> <span class='ocrx_word' id='word_1_36' title='bbox 1797 859 1844 909; x_wconf 90' lang='lat' dir='ltr'><strong>le</strong></span> <span class='ocrx_word' id='word_1_37' title='bbox 1872 859 2110 926; x_wconf 87' lang='lat' dir='ltr'><strong>Copgate.</strong></span> 
     </span>
    </p>
   </div>
   <div class='ocr_carea' id='block_1_6' title="bbox 566 1027 2633 1852">
    <p class='ocr_par' dir='ltr' id='par_1_6' title="bbox 566 1027 2633 1852">
     <span class='ocr_line' id='line_1_6' title="bbox 571 1027 2631 1101; baseline -0.002 -5"><span class='ocrx_word' id='word_1_38' title='bbox 571 1027 832 1101; x_wconf 85' lang='lat' dir='ltr'><strong>Omnibus</strong></span> <span class='ocrx_word' id='word_1_39' title='bbox 873 1086 883 1096; x_wconf 90' lang='lat'><em>.</em></span> <span class='ocrx_word' id='word_1_40' title='bbox 928 1086 937 1095; x_wconf 91' lang='lat'><strong>.</strong></span> <span class='ocrx_word' id='word_1_41' title='bbox 981 1086 991 1095; x_wconf 91' lang='lat'>.</span> <span class='ocrx_word' id='word_1_42' title='bbox 1036 1044 1282 1094; x_wconf 86' lang='lat' dir='ltr'><strong>Ricardus</strong></span> <span class='ocrx_word' id='word_1_43' title='bbox 1419 1084 1428 1093; x_wconf 90' lang='lat'><strong>.</strong></span> <span class='ocrx_word' id='word_1_44' title='bbox 1469 1044 1620 1093; x_wconf 87' lang='lat' dir='ltr'><strong>abbas</strong></span> <span class='ocrx_word' id='word_1_45' title='bbox 1657 1082 1668 1092; x_wconf 89' lang='lat'><strong>.</strong></span> <span class='ocrx_word' id='word_1_46' title='bbox 1708 1082 1717 1092; x_wconf 92' lang='lat'><strong>.</strong></span> <span class='ocrx_word' id='word_1_47' title='bbox 1758 1082 1768 1092; x_wconf 94' lang='lat'><em>.</em></span> <span class='ocrx_word' id='word_1_48' title='bbox 1803 1042 1864 1091; x_wconf 92' lang='lat' dir='ltr'><strong>de</strong></span> <span class='ocrx_word' id='word_1_49' title='bbox 1902 1041 2243 1092; x_wconf 88' lang='lat' dir='ltr'><strong>Abirbrothoe</strong></span> <span class='ocrx_word' id='word_1_50' title='bbox 2283 1081 2295 1092; x_wconf 92' lang='lat'><strong>.</strong></span> <span class='ocrx_word' id='word_1_51' title='bbox 2333 1082 2342 1091; x_wconf 89' lang='lat'><strong>.</strong></span> <span class='ocrx_word' id='word_1_52' title='bbox 2376 1081 2386 1092; x_wconf 90' lang='lat'>.</span> <span class='ocrx_word' id='word_1_53' title='bbox 2425 1042 2631 1092; x_wconf 87' lang='lat' dir='ltr'><strong>salutem</strong></span> 
     </span>
     <span class='ocr_line' id='line_1_7' title="bbox 569 1135 2631 1203; baseline -0.001 -13"><span class='ocrx_word' id='word_1_54' title='bbox 569 1181 578 1190; x_wconf 85' lang='lat'><strong><em>.</em></strong></span> <span class='ocrx_word' id='word_1_55' title='bbox 615 1181 623 1190; x_wconf 95' lang='lat'><strong><em>.</em></strong></span> <span class='ocrx_word' id='word_1_56' title='bbox 660 1180 669 1189; x_wconf 91' lang='lat'>.</span> <span class='ocrx_word' id='word_1_57' title='bbox 699 1139 873 1190; x_wconf 82' lang='lat' dir='ltr'><strong>Sciatis</strong></span> <span class='ocrx_word' id='word_1_58' title='bbox 897 1155 988 1187; x_wconf 88' lang='lat' dir='ltr'><strong>nos</strong></span> <span class='ocrx_word' id='word_1_59' title='bbox 1013 1138 1263 1203; x_wconf 85' lang='lat' dir='ltr'><strong>quandam</strong></span> <span class='ocrx_word' id='word_1_60' title='bbox 1288 1144 1476 1186; x_wconf 86' lang='lat' dir='ltr'><strong>cartam</strong></span> <span class='ocrx_word' id='word_1_61' title='bbox 1501 1176 1511 1186; x_wconf 91' lang='lat'>.</span> <span class='ocrx_word' id='word_1_62' title='bbox 1542 1176 1552 1186; x_wconf 91' lang='lat'>.</span> <span class='ocrx_word' id='word_1_63' title='bbox 1589 1176 1600 1186; x_wconf 91' lang='lat'><strong>.</strong></span> <span class='ocrx_word' id='word_1_64' title='bbox 1633 1135 1925 1184; x_wconf 75' lang='lat' dir='ltr'><strong>intellexisse</strong></span> <span class='ocrx_word' id='word_1_65' title='bbox 1952 1174 1961 1184; x_wconf 89' lang='lat'><strong>.</strong></span> <span class='ocrx_word' id='word_1_66' title='bbox 1999 1175 2009 1185; x_wconf 91' lang='lat'><strong><em>.</em></strong></span> <span class='ocrx_word' id='word_1_67' title='bbox 2047 1175 2057 1185; x_wconf 90' lang='lat'><strong><em>.</em></strong></span> <span class='ocrx_word' id='word_1_68' title='bbox 2083 1135 2137 1184; x_wconf 91' lang='lat' dir='ltr'><strong>in</strong></span> <span class='ocrx_word' id='word_1_69' title='bbox 2160 1135 2255 1185; x_wconf 86' lang='lat' dir='ltr'><strong>hec</strong></span> <span class='ocrx_word' id='word_1_70' title='bbox 2281 1136 2436 1185; x_wconf 88' lang='lat' dir='ltr'><strong>uerba</strong></span> <span class='ocrx_word' id='word_1_71' title='bbox 2469 1167 2479 1178; x_wconf 91' lang='lat'><strong>·</strong></span> <span class='ocrx_word' id='word_1_72' title='bbox 2512 1135 2631 1187; x_wconf 90' lang='lat' dir='ltr'><strong>Om-</strong></span> 
     </span>
     <span class='ocr_line' id='line_1_8' title="bbox 568 1227 2631 1295; baseline -0.001 -14"><span class='ocrx_word' id='word_1_73' title='bbox 568 1233 712 1281; x_wconf 89' lang='lat' dir='ltr'><strong>nibus</strong></span> <span class='ocrx_word' id='word_1_74' title='bbox 746 1271 755 1282; x_wconf 93' lang='lat'><strong>.</strong></span> <span class='ocrx_word' id='word_1_75' title='bbox 793 1272 802 1281; x_wconf 89' lang='lat'><em>.</em></span> <span class='ocrx_word' id='word_1_76' title='bbox 841 1271 850 1280; x_wconf 90' lang='lat'><strong><em>.</em></strong></span> <span class='ocrx_word' id='word_1_77' title='bbox 887 1230 1059 1295; x_wconf 86' lang='lat' dir='ltr'><strong>Agnes</strong></span> <span class='ocrx_word' id='word_1_78' title='bbox 1086 1228 1245 1295; x_wconf 82' lang='lat' dir='ltr'><strong>Slynk</strong></span> <span class='ocrx_word' id='word_1_79' title='bbox 1267 1228 1370 1277; x_wconf 85' lang='lat' dir='ltr'><strong>filia</strong></span> <span class='ocrx_word' id='word_1_80' title='bbox 1395 1236 1444 1278; x_wconf 89' lang='lat' dir='ltr'><strong>et</strong></span> <span class='ocrx_word' id='word_1_81' title='bbox 1468 1228 1614 1278; x_wconf 90' lang='lat' dir='ltr'><strong>heres</strong></span> <span class='ocrx_word' id='word_1_82' title='bbox 1639 1228 1891 1293; x_wconf 86' lang='lat' dir='ltr'><strong>quondam</strong></span> <span class='ocrx_word' id='word_1_83' title='bbox 1915 1227 1951 1277; x_wconf 85' lang='lat' dir='ltr'><strong>J</strong></span> <span class='ocrx_word' id='word_1_84' title='bbox 1954 1228 2165 1277; x_wconf 84' lang='lat' dir='ltr'><strong>ohannis</strong></span> <span class='ocrx_word' id='word_1_85' title='bbox 2194 1227 2354 1294; x_wconf 90' lang='lat' dir='ltr'><strong>Slynk</strong></span> <span class='ocrx_word' id='word_1_86' title='bbox 2376 1230 2631 1295; x_wconf 78' lang='lat' dir='ltr'><strong>burgensis</strong></span> 
     </span>
     <span class='ocr_line' id='line_1_9' title="bbox 568 1320 2631 1387; baseline -0.002 -12"><span class='ocrx_word' id='word_1_87' title='bbox 568 1328 628 1375; x_wconf 92' lang='lat' dir='ltr'><strong>de</strong></span> <span class='ocrx_word' id='word_1_88' title='bbox 652 1326 991 1376; x_wconf 88' lang='lat' dir='ltr'><strong>Abirbrothoc</strong></span> <span class='ocrx_word' id='word_1_89' title='bbox 1017 1325 1221 1374; x_wconf 85' lang='lat' dir='ltr'><strong>salutem</strong></span> <span class='ocrx_word' id='word_1_90' title='bbox 1252 1363 1261 1373; x_wconf 90' lang='lat'><strong>.</strong></span> <span class='ocrx_word' id='word_1_91' title='bbox 1300 1363 1309 1372; x_wconf 94' lang='lat'><strong><em>.</em></strong></span> <span class='ocrx_word' id='word_1_92' title='bbox 1347 1363 1358 1372; x_wconf 92' lang='lat'>.</span> <span class='ocrx_word' id='word_1_93' title='bbox 1398 1322 1579 1373; x_wconf 82' lang='lat' dir='ltr'><strong>Sciatis</strong></span> <span class='ocrx_word' id='word_1_94' title='bbox 1602 1338 1682 1370; x_wconf 91' lang='lat' dir='ltr'><strong>me</strong></span> <span class='ocrx_word' id='word_1_95' title='bbox 1711 1321 1764 1369; x_wconf 92' lang='lat' dir='ltr'><strong>in</strong></span> <span class='ocrx_word' id='word_1_96' title='bbox 1788 1337 1901 1370; x_wconf 85' lang='lat' dir='ltr'><strong>mea</strong></span> <span class='ocrx_word' id='word_1_97' title='bbox 1926 1338 2110 1386; x_wconf 86' lang='lat' dir='ltr'><strong>magna</strong></span> <span class='ocrx_word' id='word_1_98' title='bbox 2134 1329 2183 1371; x_wconf 91' lang='lat' dir='ltr'><strong>et</strong></span> <span class='ocrx_word' id='word_1_99' title='bbox 2208 1320 2405 1387; x_wconf 84' lang='lat' dir='ltr'><strong>vrgenti</strong></span> <span class='ocrx_word' id='word_1_100' title='bbox 2431 1321 2631 1371; x_wconf 86' lang='lat' dir='ltr'><strong>neeeffi-</strong></span> 
     </span>
     <span class='ocr_line' id='line_1_10' title="bbox 568 1411 2630 1467; baseline -0.002 0"><span class='ocrx_word' id='word_1_101' title='bbox 568 1426 668 1467; x_wconf 83' lang='lat' dir='ltr'><strong>tate</strong></span> <span class='ocrx_word' id='word_1_102' title='bbox 694 1435 804 1467; x_wconf 85' lang='lat' dir='ltr'><strong>cum</strong></span> <span class='ocrx_word' id='word_1_103' title='bbox 832 1416 1063 1466; x_wconf 86' lang='lat' dir='ltr'><strong>consensu</strong></span> <span class='ocrx_word' id='word_1_104' title='bbox 1100 1456 1109 1465; x_wconf 92' lang='lat'><strong><em>.</em></strong></span> <span class='ocrx_word' id='word_1_105' title='bbox 1148 1456 1156 1465; x_wconf 91' lang='lat'><strong>.</strong></span> <span class='ocrx_word' id='word_1_106' title='bbox 1195 1456 1204 1465; x_wconf 90' lang='lat'><strong>.</strong></span> <span class='ocrx_word' id='word_1_107' title='bbox 1243 1415 1517 1464; x_wconf 81' lang='lat' dir='ltr'><strong>amicorum</strong></span> <span class='ocrx_word' id='word_1_108' title='bbox 1550 1430 1776 1464; x_wconf 86' lang='lat' dir='ltr'><strong>meorum</strong></span> <span class='ocrx_word' id='word_1_109' title='bbox 1802 1411 2071 1463; x_wconf 80' lang='lat' dir='ltr'><strong>vendidisse</strong></span> <span class='ocrx_word' id='word_1_110' title='bbox 2108 1453 2117 1463; x_wconf 94' lang='lat'>.</span> <span class='ocrx_word' id='word_1_111' title='bbox 2151 1453 2161 1463; x_wconf 84' lang='lat'><strong>.</strong></span> <span class='ocrx_word' id='word_1_112' title='bbox 2196 1453 2206 1463; x_wconf 85' lang='lat'><strong>.</strong></span> <span class='ocrx_word' id='word_1_113' title='bbox 2245 1413 2439 1462; x_wconf 90' lang='lat' dir='ltr'><strong>Thome</strong></span> <span class='ocrx_word' id='word_1_114' title='bbox 2469 1413 2630 1463; x_wconf 89' lang='lat' dir='ltr'><strong>Smert</strong></span> 
     </span>
     <span class='ocr_line' id='line_1_11' title="bbox 567 1507 2631 1575; baseline -0.001 -16"><span class='ocrx_word' id='word_1_115' title='bbox 567 1510 793 1575; x_wconf 79' lang='lat' dir='ltr'><strong>burgensi</strong></span> <span class='ocrx_word' id='word_1_116' title='bbox 833 1509 950 1558; x_wconf 63' lang='lat' dir='ltr'><strong>dieti</strong></span> <span class='ocrx_word' id='word_1_117' title='bbox 989 1509 1137 1574; x_wconf 87' lang='lat' dir='ltr'><strong>burgi</strong></span> <span class='ocrx_word' id='word_1_118' title='bbox 1178 1548 1186 1557; x_wconf 87' lang='lat'><strong>.</strong></span> <span class='ocrx_word' id='word_1_119' title='bbox 1232 1548 1240 1557; x_wconf 95' lang='lat'><strong><em>.</em></strong></span> <span class='ocrx_word' id='word_1_120' title='bbox 1284 1547 1294 1557; x_wconf 87' lang='lat'><strong><em>.</em></strong></span> <span class='ocrx_word' id='word_1_121' title='bbox 1337 1507 1465 1556; x_wconf 91' lang='lat' dir='ltr'><strong>illud</strong></span> <span class='ocrx_word' id='word_1_122' title='bbox 1504 1514 1846 1556; x_wconf 87' lang='lat' dir='ltr'><strong>tenementum</strong></span> <span class='ocrx_word' id='word_1_123' title='bbox 1886 1524 2050 1556; x_wconf 91' lang='lat' dir='ltr'><strong>meum</strong></span> <span class='ocrx_word' id='word_1_124' title='bbox 2094 1508 2431 1573; x_wconf 92' lang='lat' dir='ltr'><strong>quodquidem</strong></span> <span class='ocrx_word' id='word_1_125' title='bbox 2473 1509 2631 1557; x_wconf 64' lang='lat' dir='ltr'><strong>dietus</strong></span> 
     </span>
     <span class='ocr_line' id='line_1_12' title="bbox 567 1600 2633 1667; baseline -0.001 -14"><span class='ocrx_word' id='word_1_126' title='bbox 567 1603 601 1653; x_wconf 87' lang='lat' dir='ltr'><strong>J</strong></span> <span class='ocrx_word' id='word_1_127' title='bbox 605 1603 823 1652; x_wconf 83' lang='lat' dir='ltr'><strong>ohannes</strong></span> <span class='ocrx_word' id='word_1_128' title='bbox 857 1610 1001 1667; x_wconf 82' lang='lat' dir='ltr'><strong>pater</strong></span> <span class='ocrx_word' id='word_1_129' title='bbox 1035 1619 1174 1650; x_wconf 86' lang='lat' dir='ltr'><strong>meus</strong></span> <span class='ocrx_word' id='word_1_130' title='bbox 1202 1601 1325 1649; x_wconf 93' lang='lat' dir='ltr'><strong>mihi</strong></span> <span class='ocrx_word' id='word_1_131' title='bbox 1353 1600 1656 1650; x_wconf 85' lang='lat' dir='ltr'><strong>hereditarie</strong></span> <span class='ocrx_word' id='word_1_132' title='bbox 1689 1640 1699 1649; x_wconf 92' lang='lat'><em>.</em></span> <span class='ocrx_word' id='word_1_133' title='bbox 1736 1640 1747 1650; x_wconf 95' lang='lat'><strong>.</strong></span> <span class='ocrx_word' id='word_1_134' title='bbox 1781 1640 1791 1651; x_wconf 91' lang='lat'><em>.</em></span> <span class='ocrx_word' id='word_1_135' title='bbox 1828 1600 2033 1664; x_wconf 90' lang='lat' dir='ltr'><strong>reliquit</strong></span> <span class='ocrx_word' id='word_1_136' title='bbox 2067 1617 2159 1665; x_wconf 90' lang='lat' dir='ltr'><strong>pro</strong></span> <span class='ocrx_word' id='word_1_137' title='bbox 2194 1601 2408 1666; x_wconf 84' lang='lat' dir='ltr'><strong>quadam</strong></span> <span class='ocrx_word' id='word_1_138' title='bbox 2446 1603 2633 1651; x_wconf 78' lang='lat' dir='ltr'><strong>summa</strong></span> 
     </span>
     <span class='ocr_line' id='line_1_13' title="bbox 566 1693 2632 1760; baseline -0.001 -15"><span class='ocrx_word' id='word_1_139' title='bbox 566 1698 775 1760; x_wconf 84' lang='lat' dir='ltr'><strong>pecunie</strong></span> <span class='ocrx_word' id='word_1_140' title='bbox 807 1735 816 1746; x_wconf 86' lang='lat'><strong>.</strong></span> <span class='ocrx_word' id='word_1_141' title='bbox 852 1735 861 1744; x_wconf 92' lang='lat'><strong><em>.</em></strong></span> <span class='ocrx_word' id='word_1_142' title='bbox 899 1734 909 1744; x_wconf 88' lang='lat'><strong>.</strong></span> <span class='ocrx_word' id='word_1_143' title='bbox 944 1694 1277 1759; x_wconf 90' lang='lat' dir='ltr'><strong>quodquidem</strong></span> <span class='ocrx_word' id='word_1_144' title='bbox 1313 1711 1432 1743; x_wconf 90' lang='lat' dir='ltr'><strong>vero</strong></span> <span class='ocrx_word' id='word_1_145' title='bbox 1465 1700 1805 1745; x_wconf 89' lang='lat' dir='ltr'><strong>tenementum</strong></span> <span class='ocrx_word' id='word_1_146' title='bbox 1842 1693 1975 1742; x_wconf 86' lang='lat' dir='ltr'><strong>iacet</strong></span> <span class='ocrx_word' id='word_1_147' title='bbox 2011 1693 2065 1743; x_wconf 91' lang='lat' dir='ltr'><strong>in</strong></span> <span class='ocrx_word' id='word_1_148' title='bbox 2099 1693 2259 1758; x_wconf 87' lang='lat' dir='ltr'><strong>burgo</strong></span> <span class='ocrx_word' id='word_1_149' title='bbox 2296 1693 2544 1742; x_wconf 63' lang='lat' dir='ltr'><strong>antedi&amp;o</strong></span> <span class='ocrx_word' id='word_1_150' title='bbox 2578 1694 2632 1742; x_wconf 92' lang='lat' dir='ltr'><strong>in</strong></span> 
     </span>
     <span class='ocr_line' id='line_1_14' title="bbox 569 1785 2631 1852; baseline -0 -16"><span class='ocrx_word' id='word_1_151' title='bbox 569 1788 680 1836; x_wconf 84' lang='lat' dir='ltr'><strong>vieo</strong></span> <span class='ocrx_word' id='word_1_152' title='bbox 705 1786 789 1851; x_wconf 88' lang='lat' dir='ltr'><strong>qui</strong></span> <span class='ocrx_word' id='word_1_153' title='bbox 814 1786 996 1836; x_wconf 87' lang='lat' dir='ltr'><strong>dicitur</strong></span> <span class='ocrx_word' id='word_1_154' title='bbox 1024 1786 1071 1836; x_wconf 91' lang='lat' dir='ltr'><strong>le</strong></span> <span class='ocrx_word' id='word_1_155' title='bbox 1104 1786 1328 1852; x_wconf 85' lang='lat' dir='ltr'><strong>Copgate</strong></span> <span class='ocrx_word' id='word_1_156' title='bbox 1367 1804 1427 1835; x_wconf 83' lang='lat' dir='ltr'><strong>ex</strong></span> <span class='ocrx_word' id='word_1_157' title='bbox 1464 1794 1607 1852; x_wconf 87' lang='lat' dir='ltr'><strong>parte</strong></span> <span class='ocrx_word' id='word_1_158' title='bbox 1642 1785 1876 1835; x_wconf 84' lang='lat' dir='ltr'><strong>orientali</strong></span> <span class='ocrx_word' id='word_1_159' title='bbox 1917 1786 2133 1836; x_wconf 91' lang='lat' dir='ltr'><strong>eiusdem</strong></span> <span class='ocrx_word' id='word_1_160' title='bbox 2159 1786 2258 1835; x_wconf 88' lang='lat' dir='ltr'><strong>vici</strong></span> <span class='ocrx_word' id='word_1_161' title='bbox 2290 1786 2422 1836; x_wconf 89' lang='lat' dir='ltr'><strong>inter</strong></span> <span class='ocrx_word' id='word_1_162' title='bbox 2445 1795 2631 1836; x_wconf 86' lang='lat' dir='ltr'><strong>terram</strong></span> 
     </span>
    </p>
   </div>
   <div class='ocr_carea' id='block_1_7' title="bbox 487 1877 2630 1955">
    <p class='ocr_par' dir='ltr' id='par_1_7' title="bbox 487 1877 2630 1955">
     <span class='ocr_line' id='line_1_15' title="bbox 487 1877 2630 1955; baseline 0.011 -30"><span class='ocrx_word' id='word_1_163' title='bbox 487 1877 515 1902; x_wconf 72' lang='lat'><strong>&#39;²²‘</strong></span> <span class='ocrx_word' id='word_1_164' title='bbox 570 1880 810 1929; x_wconf 89' lang='lat' dir='ltr'><strong>Willelmi</strong></span> <span class='ocrx_word' id='word_1_165' title='bbox 840 1878 957 1930; x_wconf 91' lang='lat' dir='ltr'><strong>Scot</strong></span> <span class='ocrx_word' id='word_1_166' title='bbox 982 1897 1041 1928; x_wconf 84' lang='lat' dir='ltr'><strong>ex</strong></span> <span class='ocrx_word' id='word_1_167' title='bbox 1065 1888 1207 1945; x_wconf 84' lang='lat' dir='ltr'><strong>parte</strong></span> <span class='ocrx_word' id='word_1_168' title='bbox 1232 1880 1410 1955; x_wconf 82' lang='lat' dir='ltr'><strong>boriali</strong></span> <span class='ocrx_word' id='word_1_169' title='bbox 1436 1921 1445 1930; x_wconf 90' lang='lat'><strong>.</strong></span> <span class='ocrx_word' id='word_1_170' title='bbox 1483 1921 1492 1930; x_wconf 92' lang='lat'>.</span> <span class='ocrx_word' id='word_1_171' title='bbox 1531 1921 1540 1930; x_wconf 92' lang='lat'><strong>.</strong></span> <span class='ocrx_word' id='word_1_172' title='bbox 1567 1887 1616 1929; x_wconf 87' lang='lat' dir='ltr'><strong>et</strong></span> <span class='ocrx_word' id='word_1_173' title='bbox 1642 1887 1826 1929; x_wconf 85' lang='lat' dir='ltr'><strong>terram</strong></span> <span class='ocrx_word' id='word_1_174' title='bbox 1855 1887 1976 1930; x_wconf 87' lang='lat' dir='ltr'><strong>tune</strong></span> <span class='ocrx_word' id='word_1_175' title='bbox 2000 1880 2187 1929; x_wconf 86' lang='lat' dir='ltr'><strong>vastam</strong></span> <span class='ocrx_word' id='word_1_176' title='bbox 2211 1880 2378 1929; x_wconf 88' lang='lat' dir='ltr'><strong>nostre</strong></span> <span class='ocrx_word' id='word_1_177' title='bbox 2403 1895 2462 1928; x_wconf 83' lang='lat' dir='ltr'><strong>ex</strong></span> <span class='ocrx_word' id='word_1_178' title='bbox 2488 1889 2630 1945; x_wconf 77' lang='lat' dir='ltr'><strong>Parte</strong></span> 
     </span>
    </p>
   </div>
   <div class='ocr_carea' id='block_1_8' title="bbox 563 1972 2630 3245">
    <p class='ocr_par' dir='ltr' id='par_1_8' title="bbox 563 1972 2630 3245">
     <span class='ocr_line' id='line_1_16' title="bbox 569 1972 2628 2038; baseline 0 -16"><span class='ocrx_word' id='word_1_179' title='bbox 569 1974 767 2022; x_wconf 83' lang='lat' dir='ltr'><strong>australi</strong></span> <span class='ocrx_word' id='word_1_180' title='bbox 808 2013 817 2022; x_wconf 89' lang='lat'><strong>.</strong></span> <span class='ocrx_word' id='word_1_181' title='bbox 856 2013 864 2022; x_wconf 90' lang='lat'>.</span> <span class='ocrx_word' id='word_1_182' title='bbox 904 2014 912 2022; x_wconf 93' lang='lat'>.</span> <span class='ocrx_word' id='word_1_183' title='bbox 955 1972 1250 2022; x_wconf 89' lang='lat' dir='ltr'><strong>Tenendum</strong></span> <span class='ocrx_word' id='word_1_184' title='bbox 1290 2013 1300 2023; x_wconf 90' lang='lat'><strong>.</strong></span> <span class='ocrx_word' id='word_1_185' title='bbox 1335 2013 1344 2023; x_wconf 95' lang='lat'><strong>.</strong></span> <span class='ocrx_word' id='word_1_186' title='bbox 1385 2014 1394 2023; x_wconf 94' lang='lat'><strong>.</strong></span> <span class='ocrx_word' id='word_1_187' title='bbox 1438 1974 1491 2022; x_wconf 91' lang='lat' dir='ltr'><strong>in</strong></span> <span class='ocrx_word' id='word_1_188' title='bbox 1525 1974 1673 2022; x_wconf 88' lang='lat' dir='ltr'><strong>feodo</strong></span> <span class='ocrx_word' id='word_1_189' title='bbox 1713 1981 1762 2022; x_wconf 92' lang='lat' dir='ltr'><strong>et</strong></span> <span class='ocrx_word' id='word_1_190' title='bbox 1798 1973 2080 2022; x_wconf 87' lang='lat' dir='ltr'><strong>hereditate</strong></span> <span class='ocrx_word' id='word_1_191' title='bbox 2115 1973 2485 2038; x_wconf 89' lang='lat' dir='ltr'><strong>imperpetuum</strong></span> <span class='ocrx_word' id='word_1_192' title='bbox 2523 2013 2533 2023; x_wconf 90' lang='lat'>.</span> <span class='ocrx_word' id='word_1_193' title='bbox 2571 2013 2581 2023; x_wconf 86' lang='grc'><strong>.</strong></span> <span class='ocrx_word' id='word_1_194' title='bbox 2619 2014 2628 2023; x_wconf 93' lang='grc'><strong>.</strong></span> 
     </span>
     <span class='ocr_line' id='line_1_17' title="bbox 572 2065 2630 2131; baseline 0 -16"><span class='ocrx_word' id='word_1_195' title='bbox 572 2067 845 2116; x_wconf 88' lang='lat' dir='ltr'><strong>Reddendo</strong></span> <span class='ocrx_word' id='word_1_196' title='bbox 870 2107 880 2116; x_wconf 90' lang='lat'><strong>.</strong></span> <span class='ocrx_word' id='word_1_197' title='bbox 919 2107 928 2116; x_wconf 89' lang='lat'><strong>.</strong></span> <span class='ocrx_word' id='word_1_198' title='bbox 963 2106 972 2116; x_wconf 92' lang='lat'><strong>.</strong></span> <span class='ocrx_word' id='word_1_199' title='bbox 999 2067 1160 2116; x_wconf 85' lang='lat' dir='ltr'><strong>abbati</strong></span> <span class='ocrx_word' id='word_1_200' title='bbox 1187 2107 1195 2116; x_wconf 94' lang='lat'><strong><em>.</em></strong></span> <span class='ocrx_word' id='word_1_201' title='bbox 1234 2107 1243 2116; x_wconf 91' lang='lat'>.</span> <span class='ocrx_word' id='word_1_202' title='bbox 1282 2107 1291 2116; x_wconf 93' lang='lat'><strong>.</strong></span> <span class='ocrx_word' id='word_1_203' title='bbox 1323 2067 1384 2115; x_wconf 93' lang='lat' dir='ltr'><strong>de</strong></span> <span class='ocrx_word' id='word_1_204' title='bbox 1409 2066 1751 2116; x_wconf 86' lang='lat' dir='ltr'><strong>Abirbrothoo</strong></span> <span class='ocrx_word' id='word_1_205' title='bbox 1776 2066 1966 2114; x_wconf 83' lang='lat' dir='ltr'><strong>firmam</strong></span> <span class='ocrx_word' id='word_1_206' title='bbox 1992 2066 2139 2131; x_wconf 85' lang='lat' dir='ltr'><strong>burgi</strong></span> <span class='ocrx_word' id='word_1_207' title='bbox 2165 2074 2215 2115; x_wconf 92' lang='lat' dir='ltr'><strong>et</strong></span> <span class='ocrx_word' id='word_1_208' title='bbox 2239 2065 2405 2114; x_wconf 89' lang='lat' dir='ltr'><strong>nostre</strong></span> <span class='ocrx_word' id='word_1_209' title='bbox 2430 2066 2630 2115; x_wconf 89' lang='lat' dir='ltr'><strong>domine</strong></span> 
     </span>
     <span class='ocr_line' id='line_1_18' title="bbox 568 2158 2628 2224; baseline -0 -15"><span class='ocrx_word' id='word_1_210' title='bbox 568 2161 720 2209; x_wconf 82' lang='lat' dir='ltr'><strong>Beate</strong></span> <span class='ocrx_word' id='word_1_211' title='bbox 750 2159 912 2209; x_wconf 87' lang='lat' dir='ltr'><strong>Marie</strong></span> <span class='ocrx_word' id='word_1_212' title='bbox 938 2160 1156 2224; x_wconf 91' lang='lat' dir='ltr'><strong>quinque</strong></span> <span class='ocrx_word' id='word_1_213' title='bbox 1181 2158 1360 2208; x_wconf 86' lang='lat' dir='ltr'><strong>solidos</strong></span> <span class='ocrx_word' id='word_1_214' title='bbox 1386 2161 1450 2209; x_wconf 86' lang='lat' dir='ltr'><strong>ad</strong></span> <span class='ocrx_word' id='word_1_215' title='bbox 1475 2160 1599 2209; x_wconf 88' lang='lat' dir='ltr'><strong>duos</strong></span> <span class='ocrx_word' id='word_1_216' title='bbox 1641 2161 1761 2209; x_wconf 83' lang='lat' dir='ltr'><strong>anni</strong></span> <span class='ocrx_word' id='word_1_217' title='bbox 1801 2160 2040 2209; x_wconf 87' lang='lat' dir='ltr'><strong>terminos</strong></span> <span class='ocrx_word' id='word_1_218' title='bbox 2081 2200 2091 2209; x_wconf 88' lang='lat'><strong>.</strong></span> <span class='ocrx_word' id='word_1_219' title='bbox 2147 2197 2158 2209; x_wconf 88' lang='lat'><strong>.</strong></span> <span class='ocrx_word' id='word_1_220' title='bbox 2211 2197 2223 2209; x_wconf 92' lang='lat'><strong>.</strong></span> <span class='ocrx_word' id='word_1_221' title='bbox 2274 2159 2335 2208; x_wconf 88' lang='lat' dir='ltr'><strong>In</strong></span> <span class='ocrx_word' id='word_1_222' title='bbox 2377 2160 2517 2209; x_wconf 86' lang='lat' dir='ltr'><strong>cuius</strong></span> <span class='ocrx_word' id='word_1_223' title='bbox 2555 2161 2628 2208; x_wconf 90' lang='lat' dir='ltr'><strong>rei</strong></span> 
     </span>
     <span class='ocr_line' id='line_1_19' title="bbox 567 2252 2629 2319; baseline 0 -18"><span class='ocrx_word' id='word_1_224' title='bbox 567 2253 899 2301; x_wconf 83' lang='lat' dir='ltr'><strong>testimonium</strong></span> <span class='ocrx_word' id='word_1_225' title='bbox 929 2253 1063 2317; x_wconf 93' lang='lat' dir='ltr'><strong>quod</strong></span> <span class='ocrx_word' id='word_1_226' title='bbox 1091 2252 1303 2316; x_wconf 81' lang='lat' dir='ltr'><strong>figillum</strong></span> <span class='ocrx_word' id='word_1_227' title='bbox 1342 2253 1598 2318; x_wconf 89' lang='lat' dir='ltr'><strong>proprium</strong></span> <span class='ocrx_word' id='word_1_228' title='bbox 1639 2270 1741 2302; x_wconf 91' lang='lat' dir='ltr'><strong>non</strong></span> <span class='ocrx_word' id='word_1_229' title='bbox 1774 2253 1928 2302; x_wconf 85' lang='lat' dir='ltr'><strong>habui</strong></span> <span class='ocrx_word' id='word_1_230' title='bbox 1964 2252 2176 2319; x_wconf 87' lang='lat' dir='ltr'><strong>figillum</strong></span> <span class='ocrx_word' id='word_1_231' title='bbox 2213 2269 2474 2302; x_wconf 86' lang='lat' dir='ltr'><strong>commune</strong></span> <span class='ocrx_word' id='word_1_232' title='bbox 2511 2252 2629 2301; x_wconf 60' lang='lat' dir='ltr'><strong>dieti</strong></span> 
     </span>
     <span class='ocr_line' id='line_1_20' title="bbox 565 2345 2629 2410; baseline 0 -16"><span class='ocrx_word' id='word_1_233' title='bbox 565 2345 711 2410; x_wconf 90' lang='lat' dir='ltr'><strong>burgi</strong></span> <span class='ocrx_word' id='word_1_234' title='bbox 748 2381 760 2394; x_wconf 88' lang='lat'><strong>.</strong></span> <span class='ocrx_word' id='word_1_235' title='bbox 800 2384 809 2395; x_wconf 90' lang='lat'><strong>.</strong></span> <span class='ocrx_word' id='word_1_236' title='bbox 846 2385 856 2394; x_wconf 89' lang='lat'><strong>.</strong></span> <span class='ocrx_word' id='word_1_237' title='bbox 891 2345 1106 2410; x_wconf 85' lang='lat' dir='ltr'><strong>appendi</strong></span> <span class='ocrx_word' id='word_1_238' title='bbox 1138 2346 1406 2410; x_wconf 85' lang='lat' dir='ltr'><strong>proeuraui</strong></span> <span class='ocrx_word' id='word_1_239' title='bbox 1445 2346 1602 2395; x_wconf 85' lang='lat' dir='ltr'><strong>tercio</strong></span> <span class='ocrx_word' id='word_1_240' title='bbox 1639 2347 1719 2396; x_wconf 92' lang='lat' dir='ltr'><strong>die</strong></span> <span class='ocrx_word' id='word_1_241' title='bbox 1755 2348 1932 2396; x_wconf 86' lang='lat' dir='ltr'><strong>menfis</strong></span> <span class='ocrx_word' id='word_1_242' title='bbox 1967 2346 2003 2396; x_wconf 83' lang='lat' dir='ltr'>J</span> <span class='ocrx_word' id='word_1_243' title='bbox 2007 2346 2112 2395; x_wconf 91' lang='lat' dir='ltr'><strong>unii</strong></span> <span class='ocrx_word' id='word_1_244' title='bbox 2146 2363 2277 2395; x_wconf 84' lang='lat' dir='ltr'><strong>anno</strong></span> <span class='ocrx_word' id='word_1_245' title='bbox 2318 2345 2527 2395; x_wconf 89' lang='lat' dir='ltr'><strong>Domini</strong></span> <span class='ocrx_word' id='word_1_246' title='bbox 2563 2353 2629 2394; x_wconf 89' lang='lat' dir='ltr'><strong>m⁰</strong></span> 
     </span>
     <span class='ocr_line' id='line_1_21' title="bbox 568 2435 2627 2503; baseline 0.001 -17"><span class='ocrx_word' id='word_1_247' title='bbox 568 2444 701 2486; x_wconf 83' lang='lat' dir='ltr'><strong>cecc⁰</strong></span> <span class='ocrx_word' id='word_1_248' title='bbox 716 2435 1117 2503; x_wconf 82' lang='lat' dir='ltr'><strong>quinquagesimo</strong></span> <span class='ocrx_word' id='word_1_249' title='bbox 1141 2439 1355 2487; x_wconf 84' lang='lat' dir='ltr'><strong>secundo</strong></span> <span class='ocrx_word' id='word_1_250' title='bbox 1377 2438 1473 2487; x_wconf 89' lang='lat' dir='ltr'><strong>hiis</strong></span> <span class='ocrx_word' id='word_1_251' title='bbox 1499 2439 1703 2489; x_wconf 90' lang='lat' dir='ltr'><strong>testibus</strong></span> <span class='ocrx_word' id='word_1_252' title='bbox 1729 2471 1739 2481; x_wconf 90' lang='lat'><strong>·</strong></span> <span class='ocrx_word' id='word_1_253' title='bbox 1759 2439 1795 2488; x_wconf 83' lang='lat' dir='ltr'>J</span> <span class='ocrx_word' id='word_1_254' title='bbox 1798 2439 1994 2488; x_wconf 85' lang='lat' dir='ltr'><strong>ohanne</strong></span> <span class='ocrx_word' id='word_1_255' title='bbox 2022 2438 2141 2489; x_wconf 86' lang='lat' dir='ltr'><strong>Scot</strong></span> <span class='ocrx_word' id='word_1_256' title='bbox 2165 2465 2176 2476; x_wconf 89' lang='lat'><strong>·</strong></span> <span class='ocrx_word' id='word_1_257' title='bbox 2198 2439 2452 2489; x_wconf 90' lang='lat' dir='ltr'><strong>Willelmo</strong></span> <span class='ocrx_word' id='word_1_258' title='bbox 2475 2438 2593 2489; x_wconf 88' lang='lat' dir='ltr'><strong>Scot</strong></span> <span class='ocrx_word' id='word_1_259' title='bbox 2619 2467 2627 2476; x_wconf 94' lang='lat'><strong>·</strong></span> 
     </span>
     <span class='ocr_line' id='line_1_22' title="bbox 567 2528 2625 2599; baseline 0.001 -21"><span class='ocrx_word' id='word_1_260' title='bbox 567 2530 602 2578; x_wconf 88' lang='lat' dir='ltr'><strong>J</strong></span> <span class='ocrx_word' id='word_1_261' title='bbox 605 2528 758 2578; x_wconf 82' lang='lat' dir='ltr'><strong>acobo</strong></span> <span class='ocrx_word' id='word_1_262' title='bbox 782 2529 908 2579; x_wconf 91' lang='lat' dir='ltr'><strong>Euie</strong></span> <span class='ocrx_word' id='word_1_263' title='bbox 934 2559 942 2569; x_wconf 93' lang='lat'>·</span> <span class='ocrx_word' id='word_1_264' title='bbox 970 2530 1005 2578; x_wconf 88' lang='lat' dir='ltr'><strong>J</strong></span> <span class='ocrx_word' id='word_1_265' title='bbox 1008 2530 1202 2579; x_wconf 84' lang='lat' dir='ltr'><strong>ohanne</strong></span> <span class='ocrx_word' id='word_1_266' title='bbox 1227 2530 1453 2580; x_wconf 90' lang='lat' dir='ltr'><strong>Barbour</strong></span> <span class='ocrx_word' id='word_1_267' title='bbox 1477 2559 1487 2571; x_wconf 92' lang='lat'><strong>·</strong></span> <span class='ocrx_word' id='word_1_268' title='bbox 1517 2532 1740 2582; x_wconf 79' lang='lat' dir='ltr'><strong>Patricio</strong></span> <span class='ocrx_word' id='word_1_269' title='bbox 1765 2533 1827 2582; x_wconf 92' lang='lat' dir='ltr'><strong>de</strong></span> <span class='ocrx_word' id='word_1_270' title='bbox 1853 2532 2113 2599; x_wconf 87' lang='lat' dir='ltr'><strong>Balbyrny</strong></span> <span class='ocrx_word' id='word_1_271' title='bbox 2138 2561 2149 2571; x_wconf 91' lang='lat'><strong>·</strong></span> <span class='ocrx_word' id='word_1_272' title='bbox 2174 2532 2383 2581; x_wconf 83' lang='lat' dir='ltr'><strong>Andrea</strong></span> <span class='ocrx_word' id='word_1_273' title='bbox 2405 2531 2590 2581; x_wconf 85' lang='lat' dir='ltr'><strong>Litstar</strong></span> <span class='ocrx_word' id='word_1_274' title='bbox 2616 2562 2625 2572; x_wconf 88' lang='lat'><strong>·</strong></span> 
     </span>
     <span class='ocr_line' id='line_1_23' title="bbox 570 2621 2629 2691; baseline 0.002 -21"><span class='ocrx_word' id='word_1_275' title='bbox 570 2621 765 2671; x_wconf 86' lang='lat' dir='ltr'><strong>Thoma</strong></span> <span class='ocrx_word' id='word_1_276' title='bbox 803 2622 946 2688; x_wconf 71' lang='lat' dir='ltr'><strong>Tyry</strong></span> <span class='ocrx_word' id='word_1_277' title='bbox 986 2649 997 2662; x_wconf 90' lang='lat'><strong>·</strong></span> <span class='ocrx_word' id='word_1_278' title='bbox 1036 2622 1208 2671; x_wconf 84' lang='lat' dir='ltr'><strong>Dauid</strong></span> <span class='ocrx_word' id='word_1_279' title='bbox 1257 2624 1318 2672; x_wconf 92' lang='lat' dir='ltr'><strong>de</strong></span> <span class='ocrx_word' id='word_1_280' title='bbox 1359 2622 1610 2691; x_wconf 84' lang='lat' dir='ltr'><strong>Balgervy</strong></span> <span class='ocrx_word' id='word_1_281' title='bbox 1652 2654 1669 2664; x_wconf 88' lang='lat'><strong>--</strong></span> <span class='ocrx_word' id='word_1_282' title='bbox 1696 2624 1918 2674; x_wconf 34' lang='lat' dir='ltr'><strong>*Thoma</strong></span> <span class='ocrx_word' id='word_1_283' title='bbox 1954 2626 2017 2674; x_wconf 91' lang='lat' dir='ltr'><strong>de</strong></span> <span class='ocrx_word' id='word_1_284' title='bbox 2064 2624 2317 2674; x_wconf 87' lang='lat' dir='ltr'><strong>Durward</strong></span> <span class='ocrx_word' id='word_1_285' title='bbox 2364 2651 2375 2664; x_wconf 93' lang='lat'><strong>·</strong></span> <span class='ocrx_word' id='word_1_286' title='bbox 2421 2624 2629 2674; x_wconf 82' lang='lat' dir='ltr'><strong>Andrea</strong></span> 
     </span>
     <span class='ocr_line' id='line_1_24' title="bbox 570 2714 2624 2784; baseline 0.002 -22"><span class='ocrx_word' id='word_1_287' title='bbox 570 2714 793 2763; x_wconf 85' lang='lat' dir='ltr'><strong>Boldane</strong></span> <span class='ocrx_word' id='word_1_288' title='bbox 836 2743 847 2754; x_wconf 91' lang='lat'><strong>·</strong></span> <span class='ocrx_word' id='word_1_289' title='bbox 888 2714 923 2763; x_wconf 86' lang='lat' dir='ltr'><strong>J</strong></span> <span class='ocrx_word' id='word_1_290' title='bbox 927 2714 1122 2763; x_wconf 83' lang='lat' dir='ltr'><strong>ohanne</strong></span> <span class='ocrx_word' id='word_1_291' title='bbox 1166 2716 1463 2765; x_wconf 86' lang='lat' dir='ltr'><strong>Mathesoun</strong></span> <span class='ocrx_word' id='word_1_292' title='bbox 1500 2746 1511 2756; x_wconf 92' lang='lat'><strong>·</strong></span> <span class='ocrx_word' id='word_1_293' title='bbox 1557 2717 1755 2767; x_wconf 88' lang='lat' dir='ltr'><strong>Thoma</strong></span> <span class='ocrx_word' id='word_1_294' title='bbox 1796 2718 2003 2767; x_wconf 86' lang='lat' dir='ltr'><strong>Hornar</strong></span> <span class='ocrx_word' id='word_1_295' title='bbox 2048 2747 2058 2757; x_wconf 92' lang='lat'><strong>·</strong></span> <span class='ocrx_word' id='word_1_296' title='bbox 2101 2717 2323 2768; x_wconf 84' lang='lat' dir='ltr'><strong>Patricio</strong></span> <span class='ocrx_word' id='word_1_297' title='bbox 2358 2717 2584 2784; x_wconf 83' lang='lat' dir='ltr'><strong>Talyour</strong></span> <span class='ocrx_word' id='word_1_298' title='bbox 2615 2747 2624 2756; x_wconf 95' lang='lat'><strong>·</strong></span> 
     </span>
     <span class='ocr_line' id='line_1_25' title="bbox 567 2804 2627 2860; baseline 0.003 -6"><span class='ocrx_word' id='word_1_299' title='bbox 567 2805 799 2854; x_wconf 82' lang='lat' dir='ltr'><strong>Johanne</strong></span> <span class='ocrx_word' id='word_1_300' title='bbox 834 2804 987 2854; x_wconf 84' lang='lat' dir='ltr'><strong>Lame</strong></span> <span class='ocrx_word' id='word_1_301' title='bbox 1036 2837 1046 2846; x_wconf 88' lang='lat'>-</span> <span class='ocrx_word' id='word_1_302' title='bbox 1085 2806 1294 2855; x_wconf 86' lang='lat' dir='ltr'><strong>Andrea</strong></span> <span class='ocrx_word' id='word_1_303' title='bbox 1328 2806 1560 2857; x_wconf 84' lang='lat' dir='ltr'><strong>Demstar</strong></span> <span class='ocrx_word' id='word_1_304' title='bbox 1599 2838 1609 2848; x_wconf 91' lang='lat'><strong>·</strong></span> <span class='ocrx_word' id='word_1_305' title='bbox 1642 2818 1695 2859; x_wconf 89' lang='lat' dir='ltr'><strong>et</strong></span> <span class='ocrx_word' id='word_1_306' title='bbox 1742 2810 1940 2860; x_wconf 87' lang='lat' dir='ltr'><strong>Thoma</strong></span> <span class='ocrx_word' id='word_1_307' title='bbox 1980 2810 2258 2860; x_wconf 83' lang='lat' dir='ltr'><strong>Preschour</strong></span> <span class='ocrx_word' id='word_1_308' title='bbox 2298 2839 2309 2850; x_wconf 90' lang='lat'><strong>·</strong></span> <span class='ocrx_word' id='word_1_309' title='bbox 2347 2818 2466 2860; x_wconf 88' lang='lat' dir='ltr'><strong>tunc</strong></span> <span class='ocrx_word' id='word_1_310' title='bbox 2507 2818 2627 2860; x_wconf 88' lang='lat' dir='ltr'><strong>tem·</strong></span> 
     </span>
     <span class='ocr_line' id='line_1_26' title="bbox 568 2896 2627 2970; baseline 0.003 -25"><span class='ocrx_word' id='word_1_311' title='bbox 568 2897 702 2963; x_wconf 91' lang='lat' dir='ltr'><strong>poris</strong></span> <span class='ocrx_word' id='word_1_312' title='bbox 726 2896 923 2945; x_wconf 85' lang='lat' dir='ltr'><strong>balliuis</strong></span> <span class='ocrx_word' id='word_1_313' title='bbox 956 2925 966 2935; x_wconf 93' lang='lat'><strong>·</strong></span> <span class='ocrx_word' id='word_1_314' title='bbox 1002 2904 1052 2945; x_wconf 89' lang='lat' dir='ltr'><strong>et</strong></span> <span class='ocrx_word' id='word_1_315' title='bbox 1088 2896 1124 2945; x_wconf 75' lang='lat' dir='ltr'><strong>,J</strong></span> <span class='ocrx_word' id='word_1_316' title='bbox 1127 2897 1322 2945; x_wconf 84' lang='lat' dir='ltr'><strong>ohanne</strong></span> <span class='ocrx_word' id='word_1_317' title='bbox 1347 2897 1590 2967; x_wconf 85' lang='lat' dir='ltr'><strong>Fermory</strong></span> <span class='ocrx_word' id='word_1_318' title='bbox 1617 2919 1726 2951; x_wconf 85' lang='lat' dir='ltr'><strong>eum</strong></span> <span class='ocrx_word' id='word_1_319' title='bbox 1753 2902 1789 2952; x_wconf 86' lang='lat' dir='ltr'><strong>J</strong></span> <span class='ocrx_word' id='word_1_320' title='bbox 1791 2903 1988 2952; x_wconf 80' lang='lat' dir='ltr'><strong>ohanne</strong></span> <span class='ocrx_word' id='word_1_321' title='bbox 2024 2902 2248 2970; x_wconf 79' lang='lat' dir='ltr'><strong>Wyntyr</strong></span> <span class='ocrx_word' id='word_1_322' title='bbox 2271 2903 2512 2952; x_wconf 84' lang='lat' dir='ltr'><strong>feriandis</strong></span> <span class='ocrx_word' id='word_1_323' title='bbox 2543 2931 2552 2942; x_wconf 92' lang='lat'><strong>·</strong></span> <span class='ocrx_word' id='word_1_324' title='bbox 2579 2911 2627 2952; x_wconf 90' lang='lat' dir='ltr'><strong>et</strong></span> 
     </span>
     <span class='ocr_line' id='line_1_27' title="bbox 566 2988 2624 3061; baseline 0.003 -22"><span class='ocrx_word' id='word_1_325' title='bbox 566 2990 601 3039; x_wconf 86' lang='lat' dir='ltr'>J</span> <span class='ocrx_word' id='word_1_326' title='bbox 604 2989 798 3038; x_wconf 85' lang='lat' dir='ltr'><strong>ohanne</strong></span> <span class='ocrx_word' id='word_1_327' title='bbox 832 2989 893 3038; x_wconf 94' lang='lat' dir='ltr'><strong>de</strong></span> <span class='ocrx_word' id='word_1_328' title='bbox 921 2988 1315 3055; x_wconf 85' lang='lat' dir='ltr'><strong>Ouohtyrlowny</strong></span> <span class='ocrx_word' id='word_1_329' title='bbox 1333 2990 1384 3039; x_wconf 90' lang='lat' dir='ltr'><strong>in</strong></span> <span class='ocrx_word' id='word_1_330' title='bbox 1409 2991 1503 3040; x_wconf 84' lang='lat' dir='ltr'><strong>hac</strong></span> <span class='ocrx_word' id='word_1_331' title='bbox 1524 3001 1665 3057; x_wconf 86' lang='lat' dir='ltr'><strong>parte</strong></span> <span class='ocrx_word' id='word_1_332' title='bbox 1683 2994 1874 3044; x_wconf 88' lang='lat' dir='ltr'><strong>-olerico</strong></span> <span class='ocrx_word' id='word_1_333' title='bbox 1900 2996 2137 3061; x_wconf 88' lang='lat' dir='ltr'><strong>deputato</strong></span> <span class='ocrx_word' id='word_1_334' title='bbox 2165 3026 2175 3037; x_wconf 88' lang='lat'><strong>·</strong></span> <span class='ocrx_word' id='word_1_335' title='bbox 2202 2995 2287 3061; x_wconf 87' lang='lat' dir='ltr'><strong>qui</strong></span> <span class='ocrx_word' id='word_1_336' title='bbox 2310 3013 2428 3045; x_wconf 88' lang='lat' dir='ltr'><strong>vero</strong></span> <span class='ocrx_word' id='word_1_337' title='bbox 2451 2996 2624 3045; x_wconf 88' lang='lat' dir='ltr'><strong>balliui</strong></span> 
     </span>
     <span class='ocr_line' id='line_1_28' title="bbox 563 3081 2626 3147; baseline 0.005 -19"><span class='ocrx_word' id='word_1_338' title='bbox 563 3083 616 3130; x_wconf 88' lang='lat' dir='ltr'><strong>in</strong></span> <span class='ocrx_word' id='word_1_339' title='bbox 660 3081 915 3147; x_wconf 86' lang='lat' dir='ltr'><strong>presencia</strong></span> <span class='ocrx_word' id='word_1_340' title='bbox 959 3081 1176 3130; x_wconf 89' lang='lat' dir='ltr'><strong>omnium</strong></span> <span class='ocrx_word' id='word_1_341' title='bbox 1222 3081 1427 3131; x_wconf 89' lang='lat' dir='ltr'><strong>istorum</strong></span> <span class='ocrx_word' id='word_1_342' title='bbox 1474 3085 1834 3135; x_wconf 65' lang='lat' dir='ltr'><strong>antedietorum</strong></span> <span class='ocrx_word' id='word_1_343' title='bbox 1881 3087 2122 3137; x_wconf 84' lang='lat' dir='ltr'><strong>saiffinam</strong></span> <span class='ocrx_word' id='word_1_344' title='bbox 2167 3088 2299 3138; x_wconf 74' lang='lat' dir='ltr'><strong>di8to</strong></span> <span class='ocrx_word' id='word_1_345' title='bbox 2343 3088 2537 3138; x_wconf 88' lang='lat' dir='ltr'><strong>Thome</strong></span> <span class='ocrx_word' id='word_1_346' title='bbox 2577 3099 2626 3139; x_wconf 89' lang='lat' dir='ltr'><strong>et</strong></span> 
     </span>
     <span class='ocr_line' id='line_1_29' title="bbox 568 3174 2625 3245; baseline 0.003 -22"><span class='ocrx_word' id='word_1_347' title='bbox 568 3174 832 3223; x_wconf 88' lang='lat' dir='ltr'><strong>heredibus</strong></span> <span class='ocrx_word' id='word_1_348' title='bbox 858 3174 952 3222; x_wconf 87' lang='lat' dir='ltr'><strong>suis</strong></span> <span class='ocrx_word' id='word_1_349' title='bbox 978 3174 1038 3224; x_wconf 90' lang='lat' dir='ltr'><strong>de</strong></span> <span class='ocrx_word' id='word_1_350' title='bbox 1066 3174 1193 3222; x_wconf 62' lang='lat' dir='ltr'><strong>dieto</strong></span> <span class='ocrx_word' id='word_1_351' title='bbox 1232 3181 1513 3225; x_wconf 86' lang='lat' dir='ltr'><strong>tenemento</strong></span> <span class='ocrx_word' id='word_1_352' title='bbox 1550 3177 1865 3228; x_wconf 81' lang='lat' dir='ltr'><strong>tradiderunt</strong></span> <span class='ocrx_word' id='word_1_353' title='bbox 1900 3179 2255 3230; x_wconf 85' lang='lat' dir='ltr'><strong>hereditariam</strong></span> <span class='ocrx_word' id='word_1_354' title='bbox 2296 3210 2306 3220; x_wconf 92' lang='lat'><strong>·</strong></span> <span class='ocrx_word' id='word_1_355' title='bbox 2353 3180 2625 3245; x_wconf 81' lang='lat' dir='ltr'><strong>Quamqui-</strong></span> 
     </span>
    </p>
   </div>
  </div>
 </body>
</html>
