2762 3834
390 2121 479 2169 162

538 363 627 406 144
981 353 1398 407 REGISTRUM
1433 351 1528 401 DE
1563 347 2120 398 ABERBROTHOC.

590 528 600 536 .
643 528 653 537 .
694 488 1045 538 contrauerfias
1073 524 1082 534 .
1112 524 1122 534 .
1152 525 1162 535 .
1189 488 1317 534 inter
1344 522 1354 532 .
1383 521 1393 531 .
1423 521 1432 530 .
1460 483 1686 530 abbatem
1731 518 1740 527 .
1786 518 1796 528 .
1844 518 1854 528 .
1893 489 1942 529 et
1975 482 2261 546 magistrum
2297 483 2567 532 Robertum

539 619 548 628 .
575 617 584 627 .
611 618 621 628 .
646 597 794 645 penes
818 580 1056 628 decimam
1078 576 1325 641 garbalem
1351 576 1412 622 de
1437 574 1486 638 ly
1516 572 1907 622 Orchardecroft
1932 580 1981 620 et
2007 572 2288 638 Tasylcroft
2312 576 2573 639 parrochie

536 672 660 719 dicte
701 669 900 719 ecclesie
942 670 1002 716 de
1039 666 1316 715 Abbirellot
1354 702 1365 712 .
1405 702 1415 712 .
1457 701 1467 711 .
1504 666 1888 727 appun&uatum
1925 663 2088 713 extitit
2126 702 2136 712 .
2177 702 2187 712 .
2227 702 2237 712 .
2270 668 2403 729 quod
2446 705 2456 715 .
2505 705 2514 715 .
2562 704 2571 714 .

536 760 762 825 magister
787 760 1028 807 Robertus
1066 795 1076 805 .
1117 795 1127 804 .
1168 795 1177 804 .
1215 756 1432 804 manebit
1457 771 1566 803 cum
1604 754 1735 803 diaa
1765 754 1958 803 decima
1987 772 2077 819 pro
2102 763 2206 804 toto
2232 764 2451 821 tempore
2476 775 2572 822 quo

535 852 679 899 fuerit
704 850 914 899 vicarius
942 886 952 896 .
993 886 1003 895 .
1044 885 1053 896 .
1088 855 1137 896 et
1174 885 1184 894 .
1225 884 1235 894 .
1277 885 1287 895 .
1328 846 1527 894 nomine
1565 847 1691 894 diae
1728 847 1918 896 decime
1955 850 2209 898 annuatim
2241 850 2486 913 persoluet
2511 852 2574 898 ad

534 944 766 991 fabricam
792 981 801 990 .
840 979 851 990 .
892 979 902 990 .
939 940 1221 989 monasterii
1253 939 1513 988 duodecim
1551 938 1781 986 denarios
1807 938 1983 986 vsualis
2014 947 2210 988 monete
2236 940 2375 1004 regni
2403 939 2574 989 Scocie

534 1044 580 1081 et
604 1033 739 1082 dabit
762 1032 905 1081 fidele
932 1071 940 1080 .
968 1071 976 1079 .
1005 1070 1013 1079 .
1040 1031 1275 1079 auxilium
1302 1069 1311 1078 .
1340 1069 1348 1078 .
1378 1067 1388 1077 .
1416 1029 1581 1078 abbati
1608 1068 1617 1077 .
1642 1069 1650 1077 .
1676 1068 1684 1077 .
1712 1046 1824 1077 cum
1849 1069 1859 1078 .
1887 1068 1896 1077 .
1923 1068 1932 1078 .
1958 1029 2108 1078 fuerit
2131 1030 2391 1095 requifitus
2428 1049 2573 1096 quam

534 1124 752 1172 cedulam
795 1163 803 1171 .
852 1166 856 1170 .
908 1162 916 1170 .
961 1123 1101 1170 ambe
1139 1129 1306 1186 partes
1349 1163 1358 1172 .
1400 1159 1410 1169 .
1455 1160 1464 1168 .
1507 1121 1882 1169 ratificauerunt
1918 1160 1927 1169 .
1973 1160 1982 1169 .
2029 1161 2038 1170 .
2086 1122 2213 1170 Acta
2247 1123 2447 1171 fuerunt
2482 1124 2573 1172 hec

532 1217 660 1280 apud
685 1214 1150 1265 Sanaumandream
1172 1213 1223 1260 in
1244 1212 1463 1277 hospicio
1483 1212 1704 1276 magistri
1723 1212 1758 1261 J
1762 1213 1970 1261 ohannis
1989 1212 2249 1279 Driburgh
2270 1216 2574 1278 presentibus

643 1346 650 1354 .
692 1305 933 1371 magistris
971 1305 1180 1353 Andrea
1221 1303 1421 1352 Moricii
1463 1304 1513 1351 in
1560 1313 1765 1368 vtroque
1807 1305 2062 1354 licentiato
2098 1333 2108 1342 ·
2147 1305 2379 1355 Johanne
2420 1306 2573 1355 Clerk

533 1402 717 1448 rectore
742 1399 802 1447 de
827 1398 967 1463 Logy
993 1426 1002 1435 ·
1029 1397 1223 1445 Thoma
1248 1395 1520 1461 Dekysoun
1549 1395 1601 1443 in
1627 1396 1839 1444 decretis
1863 1396 2131 1445 bacallario
2156 1423 2167 1434 ·
2191 1396 2362 1445 Dauid
2387 1397 2573 1447 Herice

533 1493 592 1538 de
628 1490 768 1555 Dery
802 1518 812 1528 ·
841 1489 1072 1538 Johannc
1115 1488 1327 1536 Harwar
1364 1487 1565 1536 wicario
1603 1487 1664 1536 de
1704 1487 2113 1554 Banchoryterne
2150 1518 2160 1527 ·
2198 1498 2247 1537 et
2283 1490 2573 1538 Alexandro

535 1583 755 1630 Garman
794 1580 1035 1629 monacho
1077 1579 1192 1628 dicti
1234 1579 1518 1628 monasterii
1558 1619 1566 1627 .
1604 1617 1615 1628 .
1654 1617 1664 1627 .
1707 1578 1773 1628 Et
1814 1597 1906 1644 ego
1947 1580 2233 1629 Alexander
2276 1580 2570 1631 Thorntoun

533 1713 542 1721 .
570 1713 578 1722 .
606 1713 615 1721 .
641 1672 861 1721 notarius
886 1711 894 1719 .
922 1711 930 1719 .
958 1711 967 1719 .
991 1671 1086 1719 hoc
1111 1711 1119 1719 .
1148 1710 1156 1719 .
1183 1710 1192 1719 .
1218 1670 1593 1719 instrumentum
1621 1670 1783 1719 aliena
1806 1688 1955 1720 manu
1980 1672 2214 1736 scriptum
2238 1680 2331 1721 etc.

533 1926 698 2013 Quod
724 1946 910 1994 decime
931 1945 1154 2010 garbales
1179 1946 1239 1993 de
1265 1945 1466 1994 Petlour
1491 1946 1744 2011 pertinent
1767 1945 2061 1994 monasterio
2087 1947 2148 1994 de
2170 1946 2518 1996 Abirbrothoc.

535 2106 605 2177 In
631 2127 728 2175 Dei
753 2127 949 2175 nomine
974 2143 1115 2174 amen
1142 2154 1151 2164 ·
1178 2125 1274 2173 Per
1298 2126 1392 2174 hoc
1429 2165 1438 2174 .
1477 2166 1486 2174 .
1525 2165 1534 2174 .
1571 2133 1738 2190 pateat
1770 2165 1779 2175 .
1811 2165 1820 2174 .
1853 2165 1863 2174 .
1895 2127 2026 2190 quod
2051 2143 2182 2174 anno
2206 2126 2569 2175 incarnacionis

534 2220 775 2268 dominice
813 2218 1065 2267 millefimo
1104 2223 1238 2267 cccc⁰
1268 2217 1560 2283 sexagesimo
1599 2218 1772 2282 quinto
1804 2245 1814 2255 ·
1845 2216 2112 2266 indifflone
2149 2218 2342 2266 decima
2379 2219 2566 2267 tercia·

534 2311 706 2359 menfis
739 2328 857 2360 uero
895 2311 1020 2359 Julii
1062 2311 1142 2359 die
1182 2310 1374 2359 decima
1410 2313 1585 2358 o&aua
1617 2339 1627 2349 ·
1662 2326 1720 2358 ac
1757 2308 2072 2373 pontificatus
2109 2348 2118 2357 .
2162 2347 2171 2357 .
2217 2347 2226 2356 .
2265 2309 2406 2357 Pauli
2443 2349 2451 2357 .
2501 2349 2511 2358 .
2557 2350 2566 2359 .

533 2421 656 2467 pape
681 2403 878 2451 secundi
903 2419 1032 2450 anno
1055 2402 1215 2465 primo
1241 2430 1250 2440 -
1273 2402 1326 2449 in
1353 2401 1562 2451 concilio
1588 2400 1710 2449 cleri
1734 2418 1793 2449 ex
1821 2400 2026 2464 antiqua
2061 2440 2069 2448 .
2114 2439 2123 2448 .
2168 2440 2176 2448 .
2215 2400 2566 2450 consuetudine

652 2533 660 2540 .
708 2493 959 2541 annuatim
983 2500 1118 2541 tento
1144 2493 1274 2556 apud
1297 2492 1449 2541 Perth
1484 2493 1536 2540 in
1559 2492 1681 2540 festo
1718 2531 1727 2540 .
1765 2531 1775 2540 .
1815 2530 1825 2539 .
1865 2491 2028 2540 Sancti
2054 2492 2326 2556 Kynnelini
2354 2495 2568 2542 martiris

586 2623 593 2631 .
630 2624 638 2631 .
676 2601 837 2632 coram
876 2621 884 2631 .
919 2623 927 2630 .
962 2622 969 2630 .
1007 2583 1225 2631 Roberto
1261 2622 1270 2631 .
1304 2623 1313 2631 .
1347 2622 1356 2631 .
1393 2584 1619 2648 episcopo
1643 2582 1984 2632 Dunblanenfi
2017 2622 2025 2632 .
2059 2622 2068 2632 .
2103 2623 2112 2632 .
2149 2584 2443 2634 Malcolmus
2471 2625 2480 2634 .
2514 2626 2523 2635 .
2557 2627 2565 2634 .

537 2676 685 2723 abbas
710 2713 719 2722 .
747 2713 757 2723 .
780 2712 789 2721 .
815 2675 875 2722 de
899 2674 1230 2722 Abirbrothoc
1255 2712 1265 2721 .
1291 2712 1301 2722 .
1328 2713 1337 2721 .
1362 2675 1486 2723 dixit
1510 2676 1642 2739 quod
1674 2693 1784 2724 cum
1814 2676 2004 2724 decime
2027 2676 2256 2741 garbales
2280 2677 2481 2726 ecclesie
2506 2679 2566 2727 de

538 2765 818 2829 Abirnethy
846 2802 856 2812 .
885 2801 895 2811 .
924 2801 935 2811 .
969 2760 1330 2812 Dunblanenfis
1371 2766 1573 2814 diocefis
1615 2768 1699 2816 fibi
1739 2777 1788 2817 et
1830 2769 1913 2817 suo
1953 2770 2220 2818 conuentui
2262 2771 2478 2834 spetiant
2518 2781 2566 2821 et

537 2860 735 2906 fuerunt
774 2857 825 2903 in
865 2855 1089 2903 manibus
1127 2856 1310 2903 dudum
1337 2893 1348 2903 .
1377 2893 1387 2903 .
1418 2893 1428 2903 .
1452 2856 1629 2906 Jacobi
1671 2860 1884 2925 episcopi
1926 2860 2279 2910 Sanctiandree
2317 2880 2376 2911 ex
2420 2864 2565 2912 certis

537 2947 866 2998 contra&ibus
890 2954 938 2995 et
962 2962 1048 3008 per
1072 2953 1232 2994 certos
1257 2963 1410 2994 annos
1439 2964 1595 3011 nuper
1620 2950 1804 3014 elapsos
1840 2978 1849 2987 ·
1885 2951 1934 3000 in
1962 2969 2060 3016 qua
2083 2953 2280 3017 quidem
2305 2955 2566 3018 parrochia

541 3079 550 3088 .
581 3079 590 3089 .
619 3077 629 3087 .
657 3047 790 3089 certe
827 3046 957 3086 terre
995 3038 1056 3086 de
1093 3037 1295 3086 Petlour
1330 3037 1568 3086 fituantur
1592 3066 1602 3075 ·
1627 3057 1684 3088 ac
1716 3041 1777 3089 ab
1816 3079 1826 3087 .
1866 3079 1878 3090 .
1917 3079 1928 3090 .
1965 3043 2192 3108 episcopo
2228 3044 2562 3095 Dunblanenfi

540 3170 551 3180 .
592 3170 601 3179 .
643 3169 652 3179 .
693 3129 868 3195 petiuit
920 3129 1051 3192 quod
1098 3136 1147 3177 et
1196 3129 1339 3192 quale
1387 3129 1611 3178 intereffe
1659 3133 1741 3180 sua
1789 3134 2060 3196 paternitas
2109 3135 2280 3185 habuit
2329 3174 2338 3184 .
2391 3174 2400 3184 .
2443 3174 2454 3185 .
2503 3138 2565 3186 ad
