2762 3834
624 353 1051 405 REGISTRUM
1084 353 1182 402 DE
1218 354 1776 409 ABERBROTHOC.
2134 368 2224 421 137

188 526 198 536 .
327 526 336 536 .
393 487 637 536 relaxauit
689 524 700 534 .
755 524 764 534 .
819 522 829 533 .
881 486 998 534 Post
1023 487 1369 549 quamquidem
1396 489 1757 539 relaxaeionem
1805 529 1815 539 .
1864 531 1871 539 .
1918 532 1927 540 .
1976 494 2225 545 Ranaldus

189 579 360 629 Chene
404 617 414 627 .
458 617 468 626 .
513 617 522 627 .
565 578 812 642 prefatum
839 594 1056 624 annuum
1080 578 1328 627 redditum
1371 617 1381 628 .
1425 618 1435 628 .
1479 619 1489 628 .
1529 581 1582 629 in
1606 583 1830 632 manibus
1875 622 1884 632 .
1929 623 1938 633 .
1985 623 1996 634 .
2039 588 2226 637 abbatis

189 711 196 719 .
238 711 246 719 .
290 711 299 719 .
342 688 432 735 per
457 687 606 719 vnum
639 667 898 717 denarium
923 684 981 715 ae
1005 684 1096 731 per
1128 667 1319 718 litteras
1354 670 1460 719 suas
1496 671 1663 722 saifine
1706 714 1714 723 .
1759 715 1766 722 .
1812 715 1820 723 .
1865 677 1924 725 de
1960 678 2076 727 data
2110 680 2227 727 anni

188 762 393 810 Domini
429 760 670 810 millesimi
707 758 864 808 eceemi
897 758 1178 823 sexagesimi
1214 760 1360 823 primi
1389 764 1562 811 menfis
1599 763 1723 813 Maii
1759 767 1838 814 die
1874 769 2064 818 decimo
2094 773 2227 820 sexto

190 894 197 902 .
242 894 250 902 .
295 894 303 902 .
346 853 567 918 quietum
593 851 826 900 clamauit
858 852 1224 915 imperpetuum
1247 878 1257 888 ·
1283 858 1331 899 et
1356 851 1572 903 similiter
1613 896 1621 904 .
1666 896 1673 904 .
1716 897 1724 905 .
1767 858 1803 906 J
1806 858 2023 909 ohannes
2048 862 2108 910 de
2133 862 2235 928 Fyf

239 986 246 994 .
288 986 295 993 .
339 962 482 993 omne
520 944 594 992 ius
636 984 644 992 .
689 984 697 992 .
739 984 747 992 .
793 943 906 991 dieti
946 941 1098 990 annui
1135 943 1357 992 redditus
1385 944 1436 992 in
1469 948 1692 996 manibus
1736 988 1744 996 .
1784 989 1792 997 .
1830 990 1838 998 .
1882 952 2072 1000 abbatis
2113 994 2122 1002 .
2166 995 2174 1003 .
2219 996 2227 1003 .

189 1037 455 1102 refignauit
498 1076 506 1084 .
548 1076 556 1084 .
598 1076 606 1084 .
650 1035 1023 1099 Consequenter
1071 1051 1189 1082 vero
1232 1035 1431 1084 domina
1470 1037 1640 1102 Agnes
1685 1039 1859 1089 Fraser
1903 1043 2073 1106 sponsa
2113 1046 2228 1094 dieti

190 1130 436 1178 Johannis
466 1169 474 1178 .
508 1169 517 1177 .
551 1169 560 1177 .
592 1128 689 1176 fide
713 1127 878 1175 media
917 1167 925 1175 .
971 1166 979 1174 .
1021 1166 1029 1174 .
1074 1125 1322 1190 obligatur
1347 1127 1467 1175 mihi
1598 1169 1607 1178 .
1645 1147 1733 1194 per
1766 1172 1774 1180 .
1812 1172 1819 1180 .
1854 1173 1862 1181 .
1897 1134 2228 1185 eleuacionem

190 1239 364 1270 manus
388 1222 470 1269 sue
492 1221 663 1269 dextre
689 1220 822 1284 quod
844 1218 948 1283 ipsa
972 1234 1255 1281 nuncquam
1290 1228 1548 1268 reuocaret
1586 1240 1594 1267 .·
1633 1260 1640 1267 .
1680 1261 1687 1269 .
1726 1222 2079 1275 alienaeionem
2115 1229 2231 1276 diai

192 1314 345 1363 annui
369 1313 592 1362 redditus
644 1352 652 1360 .
701 1352 709 1360 .
759 1351 767 1359 .
814 1328 915 1359 non
942 1308 1163 1358 obstante
1193 1310 1278 1357 sua
1311 1309 1476 1358 iun8ca
1510 1311 1796 1361 feodaeione
1844 1356 1852 1364 .
1900 1356 1908 1365 .
1957 1358 1965 1366 .
2008 1319 2068 1367 de
2099 1329 2233 1369 terra

191 1405 418 1455 interiori
442 1405 588 1470 ipfius
612 1403 859 1453 Johannis
902 1443 910 1451 .
952 1443 960 1450 .
1005 1442 1013 1449 .
1056 1401 1108 1449 in
1134 1418 1232 1464 qua
1255 1419 1388 1450 nune
1411 1402 1654 1452 inhabitat
1678 1415 1824 1468 prout
1865 1444 1875 1455 .
1925 1446 1935 1456 .
1981 1447 1991 1457 .
2033 1413 2232 1474 patebat

192 1516 280 1564 per
330 1537 340 1546 .
389 1536 398 1546 .
451 1535 462 1544 .
510 1495 889 1544 instrumentum
941 1532 950 1542 .
1004 1531 1013 1541 .
1068 1530 1077 1541 .
1126 1493 1206 1541 sue
1231 1492 1527 1558 pofl‘effionis
1550 1495 1734 1543 ibidem
1757 1499 2047 1561 produdzum
2097 1540 2106 1550 .
2158 1541 2168 1551 .
2221 1541 2231 1551 .

193 1592 253 1640 de
302 1592 418 1639 data
465 1589 584 1638 anni
631 1587 874 1636 millesimi
922 1584 1081 1635 eceemi
1129 1585 1412 1650 sexagefimi
1458 1586 1607 1650 primi
1655 1595 1703 1636 et
1749 1590 1921 1638 menfis
1967 1591 2107 1641 Junii
2154 1595 2233 1642 die

192 1683 386 1732 decimo
424 1686 596 1730 ootauo
634 1709 644 1719 ·
673 1679 971 1744 quequidem
1008 1679 1125 1728 data
1163 1715 1173 1726 .
1216 1714 1226 1724 .
1273 1715 1284 1725 .
1322 1677 1564 1742 posterior
1607 1686 1712 1727 erat
1754 1681 1866 1729 date
1906 1719 1917 1730 .
1963 1721 1972 1730 .
2025 1721 2035 1731 .
2072 1685 2234 1734 littere

193 1767 489 1841 poffeffionis
513 1773 730 1822 Ranaldi
757 1771 928 1821 Chene
954 1778 1003 1820 et
1027 1770 1093 1820 fic
1117 1770 1222 1819 eius
1246 1769 1323 1818 ius
1346 1770 1399 1818 in
1424 1770 1560 1818 nullo
1582 1772 1764 1835 poterit
1787 1774 2025 1839 derogare
2049 1805 2058 1816 ·
2085 1780 2235 1840 quod-

188 1869 387 1934 quidem
413 1868 488 1915 ius
537 1906 545 1914 .
594 1905 604 1914 .
654 1905 663 1914 .
715 1882 811 1912 vna
836 1880 946 1912 cum
972 1863 1080 1911 iure
1129 1903 1137 1912 .
1187 1903 1195 1911 .
1247 1902 1255 1911 .
1304 1862 1552 1911 Johannis
1575 1862 1678 1928 Fyf
1696 1865 1812 1913 diai
1854 1905 1862 1913 .
1907 1906 1915 1914 .
1959 1907 1967 1916 .
2016 1870 2235 1919 redditus

238 1998 247 2007 .
288 2000 295 2008 .
334 1959 483 2008 abbas
523 1957 673 2005 habet
709 1996 717 2005 .
757 1996 765 2004 .
804 1996 812 2004 .
855 1955 1035 2004 virtute
1077 1955 1471 2020 refignacionum
1507 1994 1515 2003 .
1553 1995 1562 2004 .
1601 1995 1610 2003 .
1647 1955 1882 2006 faaarum
1920 1976 2010 2023 per
2047 1962 2236 2010 eosdem

310 2092 319 2100 .
370 2050 483 2099 Istis
507 2048 717 2114 peraetis
767 2088 776 2096 .
827 2088 835 2096 .
889 2088 897 2096 .
949 2047 1099 2096 abbas
1123 2046 1241 2096 feeit
1292 2084 1303 2095 .
1357 2085 1368 2095 .
1423 2085 1433 2094 .
1487 2046 1766 2096 Gilbertum
1792 2049 1852 2097 de
1878 2049 2076 2116 Kyntor
2100 2054 2235 2102 suum

187 2144 424 2193 balliuum
448 2142 501 2191 in
525 2142 620 2190 hac
644 2147 786 2206 parte
825 2178 835 2188 .
876 2177 886 2188 .
928 2177 938 2187 .
977 2140 1041 2188 ad
1065 2139 1283 2187 dandum
1307 2138 1527 2187 saisinam
1562 2177 1572 2186 .
1614 2176 1624 2187 .
1665 2177 1675 2187 .
1714 2140 1829 2188 diai
1868 2179 1878 2189 .
1919 2179 1930 2190 .
1969 2180 1979 2190 .
2017 2145 2235 2193 redditus

190 2277 197 2285 .
234 2276 244 2284 .
284 2276 292 2284 .
329 2235 364 2284 J
368 2234 551 2283 ohanni
574 2233 636 2281 de
662 2232 749 2281 Fif
774 2233 836 2281 de
868 2232 998 2280 dieta
1029 2239 1164 2280 terra
1198 2231 1283 2279 sua
1318 2230 1547 2279 orientali
1583 2270 1592 2279 .
1631 2270 1639 2279 .
1678 2271 1686 2279 .
1721 2232 2002 2296 quiquidem
2027 2235 2235 2285 balliuus

188 2338 307 2378 tunc
346 2365 356 2375 .
397 2364 408 2374 .
449 2364 459 2374 .
496 2325 720 2374 Johanni
757 2364 766 2373 .
805 2364 813 2372 .
854 2364 862 2373 .
900 2323 1121 2372 saifinam
1162 2360 1172 2370 .
1213 2360 1223 2370 .
1265 2360 1274 2370 .
1313 2323 1521 2371 tradidit
1558 2360 1568 2370 .
1609 2360 1619 2370 .
1660 2360 1670 2371 .
1712 2323 1856 2372 Tune
1892 2342 1949 2373 eo
1984 2326 2035 2374 in
2067 2327 2235 2391 pofl'es·

190 2421 319 2468 fione
345 2418 466 2468 dieti
510 2455 521 2466 .
568 2455 578 2465 .
627 2454 637 2466 .
679 2416 904 2465 redditus
930 2415 1169 2464 existente
1208 2452 1218 2463 .
1261 2452 1271 2462 .
1311 2452 1322 2462 .
1360 2414 1541 2462 dietum
1581 2452 1592 2462 .
1630 2452 1641 2462 .
1686 2452 1696 2463 .
1740 2416 1984 2465 redditum
2029 2454 2040 2466 .
2081 2456 2092 2466 .
2134 2456 2144 2467 .
2183 2420 2235 2468 in

188 2511 413 2561 manibus
457 2546 468 2558 .
515 2546 524 2556 .
573 2546 583 2557 .
627 2508 818 2557 abbatis
862 2545 873 2555 .
918 2546 928 2555 .
975 2545 985 2555 .
1028 2506 1295 2572 refignauit
1338 2543 1349 2554 .
1396 2543 1406 2554 .
1455 2543 1465 2554 .
1508 2505 1707 2555 Deinde
1742 2508 1960 2571 prefatus
1983 2507 2236 2560 Johannes

190 2603 291 2669 Fyf
310 2601 503 2652 aceeflit
553 2638 563 2649 .
617 2639 627 2648 .
680 2639 691 2649 .
742 2617 955 2649 vnacum
1005 2637 1015 2647 .
1068 2636 1079 2646 .
1131 2637 1142 2647 .
1192 2599 1368 2647 abbate
1402 2598 1465 2646 ad
1497 2605 1680 2647 terram
1712 2599 1846 2647 suam
1882 2600 2236 2651 occidentalem

191 2696 430 2744 iacentem
458 2695 509 2742 in
534 2694 666 2741 dieto
690 2692 822 2741 Vico
851 2692 1014 2742 Castri
1039 2691 1170 2740 inter
1199 2699 1384 2740 terram
1416 2690 1631 2739 eiusdem
1656 2691 1691 2739 J
1694 2691 1902 2740 ohannis
1927 2711 1986 2742 ex
2011 2694 2237 2743 orientali

192 2795 332 2852 parte
375 2824 386 2835 .
432 2824 443 2834 .
491 2824 501 2834 .
545 2793 594 2834 et
622 2792 807 2834 terram
834 2784 1028 2832 Thome
1052 2782 1174 2831 Prat
1199 2799 1260 2830 ex
1285 2781 1582 2830 occidentali
1621 2818 1631 2829 .
1675 2819 1685 2829 .
1726 2819 1736 2830 .
1775 2783 2070 2846 quequidem
2107 2793 2237 2834 terra

193 2886 388 2928 tenetur
426 2879 486 2926 de
537 2915 547 2926 .
599 2915 609 2926 .
661 2914 672 2924 .
721 2893 839 2940 rege
874 2876 928 2923 in
965 2875 1122 2923 libero
1156 2873 1398 2938 burgagio
1434 2880 1483 2921 et
1518 2873 1700 2921 ibidem
1750 2910 1761 2922 .
1811 2911 1822 2922 .
1874 2912 1884 2922 .
1932 2875 1983 2922 in
2015 2877 2236 2925 manibus

196 3006 207 3018 .
240 3008 251 3018 .
284 3007 295 3017 .
327 2969 362 3018 J
365 2969 572 3018 ohannis
597 2969 658 3017 de
683 2968 886 3033 Kyntor
911 2967 1056 3016 vuius
1079 2963 1378 3014 balliuorum
1404 2963 1522 3012 dieti
1545 2964 1690 3028 burgi
1714 2964 1924 3012 ministri
1962 3002 1974 3013 .
2013 3003 2025 3013 .
2065 3003 2076 3014 .
2109 2967 2237 3030 regis

196 3061 376 3110 dietum
420 3099 430 3109 .
477 3099 487 3110 .
535 3097 545 3108 .
586 3059 836 3108 redditum
881 3096 891 3107 .
939 3096 950 3106 .
996 3096 1006 3107 .
1049 3056 1317 3121 refignauit
1361 3093 1370 3103 .
1418 3093 1428 3103 .
1474 3093 1484 3103 .
1532 3055 1644 3113 Qua
1667 3056 2000 3120 refignaoione
2026 3057 2088 3105 fio
2111 3058 2237 3105 faeta

196 3153 406 3202 balliuus
436 3152 656 3200 saifinam
695 3188 706 3198 .
747 3187 757 3197 .
798 3187 808 3196 .
848 3149 965 3197 diai
1004 3187 1014 3197 .
1056 3186 1067 3197 .
1101 3186 1113 3197 .
1150 3150 1372 3198 redditus
1410 3187 1420 3199 .
1463 3186 1473 3196 .
1514 3187 1525 3197 .
1563 3150 1728 3197 abbati
1766 3187 1776 3197 .
1818 3187 1827 3197 .
1869 3187 1878 3197 .
1918 3150 2155 3199 tradidit.
2183 3188 2194 3198 .
2222 3188 2233 3198 .

1198 3248 1221 3279 s
