2586 3834
259 609 352 663 567

265 1524 359 1572 568

399 391 496 436 432
865 377 1290 433 REGISTRUM
1323 375 1420 427 DE
1451 373 2012 426 ABERBROTHOC.

407 589 560 661 Idem
585 607 811 658 concedit
847 606 1067 655 Roberto
1101 602 1308 666 Dunlop
1332 599 1564 665 burgenfi
1589 600 1652 648 de
1679 598 1940 665 Arbroyth
1977 596 2240 651 heredibus
2275 602 2368 651 suis
2405 611 2453 651 et

408 700 654 766 affignatis
688 698 823 747 illam
858 704 990 746 terre
1024 694 1314 759 porcionem
1352 690 1452 740 fiue
1485 692 1663 740 rudam
1687 691 1951 741 australem
1976 692 2220 742 iacentem
2255 694 2309 742 in
2345 702 2453 742 orto

408 790 740 840 elemofinarie
776 805 836 837 ex
869 795 1010 852 parte
1046 785 1249 854 australi
1274 784 1407 833 inter
1441 783 1635 848 peciam
1671 783 1770 833 fiue
1806 785 1982 834 rudam
2018 785 2267 849 wlgariter
2302 786 2456 833 nomi-

407 891 572 931 natam
598 879 1056 946 Haughhowfl'ched
1080 878 1144 926 ad
1168 877 1411 925 orientem
1436 884 1486 925 et
1509 884 1668 926 terras
1692 877 1933 925 heredum
1951 876 2246 926 Allexandri
2266 877 2455 925 Burnet

409 992 465 1023 ac
501 974 656 1022 eciam
690 973 821 1021 inter
857 980 1014 1020 terras
1050 970 1167 1018 dieti
1191 969 1401 1019 Roberti
1425 967 1634 1034 Dunlop
1659 968 1712 1018 N
1714 969 1895 1018 icholai
1923 969 2110 1018 Baxter
2135 978 2185 1018 et
2208 970 2243 1018 J
2247 970 2455 1018 ohannis

407 1066 642 1131 Aykman
679 1065 743 1114 ad
775 1063 1034 1112 meridiem
1070 1070 1119 1112 et
1155 1061 1368 1111 croftum
1404 1060 1742 1111 elemofinarie
1773 1062 1837 1110 ad
1872 1062 2182 1110 occidentem
2207 1078 2266 1110 ac
2291 1069 2453 1110 ortum

408 1155 741 1205 elemosinarie
783 1157 847 1205 ad
886 1156 1088 1204 boream
1129 1181 1139 1191 ·
1181 1154 1460 1203 Reddendo
1493 1153 1738 1203 monacho
1777 1154 2116 1203 elemofinario
2158 1153 2240 1202 sex
2276 1153 2453 1202 solidos

408 1257 602 1298 monete
630 1248 803 1300 Scocie
844 1277 853 1287 ·
897 1251 960 1296 22
986 1246 1180 1312 Aprilis
1209 1250 1350 1295 1521.

411 1502 560 1574 Idem
587 1522 768 1571 affedat
791 1522 826 1571 J
829 1522 1013 1571 ohanni
1043 1521 1238 1570 Betoun
1274 1521 1335 1569 de
1374 1519 1595 1585 Creycht
1634 1546 1644 1556 ·
1683 1518 1971 1584 Margarete
2009 1518 2126 1584 Hay
2157 1547 2167 1557 ·
2205 1527 2253 1568 et
2288 1519 2459 1569 Dauid

413 1616 607 1665 Betoun
631 1632 802 1664 eorum
835 1614 937 1663 filio
972 1613 1305 1679 primogenito
1342 1620 1392 1661 et
1425 1612 1600 1660 heredi
1638 1611 1900 1675 apparenti
1941 1639 1952 1650 ·
1994 1618 2043 1660 et
2080 1611 2174 1659 suis
2213 1611 2459 1677 affignatis

413 1726 512 1757 non
547 1708 749 1756 maioris
781 1707 933 1756 status
968 1735 979 1746 ·
1017 1714 1067 1755 et
1090 1707 1162 1756 ita
1186 1706 1318 1770 quod
1352 1722 1455 1754 non
1489 1703 1662 1753 licebit
1695 1702 1983 1768 Margarete
2018 1702 2309 1769 affignatum
2345 1721 2459 1753 con-

414 1801 614 1850 stituere
653 1826 663 1836 ·
701 1800 916 1849 decimas
951 1799 1180 1865 garbales
1204 1797 1406 1849 ecclefie
1430 1796 1731 1862 parochialis
1755 1797 1818 1846 dc
1842 1795 2065 1861 Dunbog
2088 1813 2180 1860 pro
2205 1797 2376 1845 decem
2412 1804 2460 1846 et

416 1909 593 1940 nouem
619 1891 759 1940 annis
782 1908 874 1956 pro
898 1891 1117 1940 seruiciis
1146 1890 1183 1940 J
1185 1889 1394 1940 ohannis
1418 1897 1468 1938 et
1490 1890 1679 1939 summa
1700 1889 1911 1954 pecunie
1934 1905 2025 1953 per
2049 1905 2160 1937 eum
2183 1888 2432 1953 persoluta
2449 1918 2459 1929 ·

420 1983 668 2033 Soluendo
692 1984 924 2032 summam
952 1990 1150 2032 centum
1172 1983 1415 2035 librarum
1437 1990 1637 2033 monete
1675 1980 1850 2031 Scocie
1885 1981 1950 2030 ad
1984 1981 2108 2030 festa
2141 1980 2462 2031 Inuencionis

419 2074 598 2125 Sancte
626 2074 801 2125 Crucis
826 2083 875 2124 et
899 2075 1166 2125 aduincula
1189 2074 1356 2126 Sancti
1381 2074 1521 2125 Petri
1545 2078 1647 2132 ·24
1671 2073 1864 2138 Aprilis
1892 2076 2035 2121 1521.

419 2328 572 2400 Idem
597 2351 827 2401 concedit
850 2350 1077 2400 seruitori
1111 2351 1196 2400 suo
1228 2350 1423 2401 Thome
1458 2350 1665 2401 Peirson
1697 2352 1965 2403 heredibus
1999 2352 2097 2402 suis
2131 2359 2182 2401 et
2214 2349 2463 2416 affignatis

420 2458 563 2490 vnam
598 2459 802 2506 paruam
834 2442 1132 2507 particulam
1166 2450 1300 2492 terre
1325 2442 1579 2507 wlgariter
1603 2452 1830 2494 vocatam
1865 2446 1917 2512 ly
1945 2444 2186 2511 Guysdub
2215 2444 2461 2493 iacentem
2554 2483 2556 2486 .

418 2531 471 2580 in
494 2532 545 2597 ly
570 2532 774 2582 Almere
799 2534 863 2583 ad
886 2534 1197 2584 occidentem
1231 2535 1364 2584 inter
1399 2541 1557 2584 terras
1592 2535 1877 2586 monasterii
1908 2536 2142 2586 videlicet
2175 2535 2373 2584 domum
2407 2535 2461 2582 in
2551 2565 2557 2568 -

420 2639 518 2686 qua
542 2624 787 2686 quondam
810 2624 845 2674 J
848 2624 1066 2675 ohannes
1091 2625 1383 2675 Mathesone
1417 2628 1651 2678 manebat
1675 2636 1725 2679 et
1749 2629 1959 2678 croftam
1981 2636 2208 2678 vocatam
2242 2626 2461 2693 magistri

420 2713 606 2762 fabrice
630 2715 693 2763 ad
718 2715 958 2764 orientem
981 2723 1031 2765 et
1054 2734 1366 2767 communem
1390 2718 1636 2768 venellam
1659 2720 1722 2769 de
1746 2719 1799 2786 ly
1821 2720 2213 2786 Homlowgreyn
2235 2720 2459 2785 partibus

422 2804 483 2852 ab
528 2804 743 2868 utrisque
788 2835 799 2845 ·
845 2806 1119 2856 Reddendo
1161 2808 1307 2858 altari
1355 2809 1511 2858 Beate
1557 2809 1722 2863 Marie
1769 2811 1977 2877 virginis
2034 2828 2190 2878 prope
2247 2811 2459 2862 hostium

422 2893 637 2942 vestiarii
660 2894 713 2942 in
738 2895 942 2944 ecclefia
963 2897 1246 2947 monasterii
1271 2907 1484 2963 quatuor
1506 2901 1686 2951 solidos
1716 2910 1914 2953 monete
1942 2901 2115 2953 Scocie
2149 2903 2459 2968 recipiendos

421 3001 511 3049 per
536 2984 845 3048 capellanum
879 2986 998 3036 dicti
1028 2987 1197 3037 altaris
1233 2997 1283 3038 et
1317 2991 1381 3038 ad
1414 2991 1615 3042 luminis
1649 2993 2058 3044 sustentacionem
2088 2994 2303 3044 eiusdem
2340 3023 2351 3034 ·
2394 2998 2457 3043 28

423 3075 613 3140 Aprilis
641 3079 782 3125 1521.
