2762 3834
60 2109 118 2161 95

597 337 1022 389 REGISTRUM
1053 338 1151 388 DE
1181 337 1736 389 ABERBROTHOC.
2107 340 2199 392 173

165 470 246 518 die
279 467 505 516 vicefimo
527 471 720 516 roezauo
743 495 755 507 ·
785 470 1057 519 indietione
1094 474 1274 520 nazaua‘
1303 493 1325 510 ·-
1351 471 1669 535 pontificatus
1705 508 1716 518 .
1751 509 1761 519 .
1799 507 1811 519 .
1849 468 2199 519 dominiSixti

166 601 175 609 .
212 600 222 609 .
263 594 276 609 .
306 576 442 624 pape·
471 558 646 623 quarti·
677 576 806 607 anno
848 561 1018 623 quinto
1056 598 1068 609 .
1104 599 1115 609 .
1152 601 1161 611 .
1200 561 1417 610 Thomas
1455 563 1515 610 de
1539 561 1641 628 Fyf
1670 561 1922 627 burgensis
1956 561 2103 625 burgi
2137 561 2199 608 de

167 652 423 701 Abirdene
446 649 667 716 promisit
690 647 755 698 se'
777 687 788 698 .
822 660 836 699 ’.
874 689 884 699 .
921 651 1120 700 domino
1145 652 1372 718 Georgeo
1405 654 1570 703 abbati
1610 655 1671 703 de
1713 653 2052 703 Abirbrothoc
2091 670 2198 717 per-

165 736 354 792 soluere
390 782 399 791 .
440 780 452 791 .
491 779 503 791 .
541 741 680 790 illum
721 758 940 789 annuum
979 742 1224 791 redditum
1259 744 1476 808 quinque
1508 745 1746 794 librarum
1789 745 1966 794 vsualis
2002 752 2199 794 monete

170 835 341 884 Seocie
382 835 444 883 de
484 833 674 882 duabus
708 833 854 882 terris
895 832 991 881 suis
1031 828 1311 882 iacentibus*
1346 836 1677 886 colateraliter
1715 837 1848 885 infra
1885 837 2097 899 burgum
2137 835 2199 883 de

166 925 437 990 Aberdeyn
453 925 506 973 in
524 923 656 972 Vico
681 922 842 973 Castri
862 940 922 971 ex
937 924 1116 972 boriali
1132 931 1273 988 parte
1295 926 1507 975 eiusdem
1523 927 1621 976 vici
1640 928 1703 976 ad
1722 927 1956 977 terminos
1975 927 2025 976 in
2040 926 2198 990 burgo

166 1016 352 1066 vsuales
386 1015 652 1065 secundum
698 1022 924 1065 tenorem
959 1022 1009 1064 et
1047 1015 1254 1063 formam
1291 1054 1302 1063 .
1339 1056 1349 1065 .
1387 1055 1397 1066 .
1433 1018 1802 1067 euidenciarum
1838 1018 2044 1082 desuper
2085 1034 2198 1066 con-

165 1109 399 1157 fefitarum
437 1144 448 1155 .
487 1147 496 1157 .
537 1145 548 1156 .
586 1107 933 1172 quemquidem
959 1124 1177 1155 annuum
1200 1107 1446 1157 redditum
1473 1111 1720 1172 quondam
1737 1109 1773 1158 J
1775 1110 1992 1158 ohannes
2017 1109 2078 1157 de
2103 1108 2203 1173 Fyf

165 1207 305 1263 pater
326 1199 455 1247 diote
491 1198 684 1247 Thome
710 1237 720 1247 .
746 1237 756 1248 .
785 1236 795 1247 .
822 1198 1059 1247 alienauit
1097 1198 1262 1246 abbati
1287 1237 1296 1246 .
1319 1238 1328 1247 .
1357 1236 1366 1247 .
1393 1199 1522 1252 Aeta
1558 1201 1757 1248 fuerunt
1794 1199 1887 1248 hec
1926 1200 1980 1247 in
2012 1199 2200 1264 capella

166 1290 282 1338 diai
306 1290 492 1338 domini
514 1290 703 1339 abbatis
727 1290 858 1354 apud
885 1289 1046 1337 Torre
1063 1289 1189 1337 hora
1211 1289 1471 1337 vndeoima
1489 1291 1568 1339 vel
1587 1291 1780 1339 eoeirca
1798 1299 1912 1340 ante
1932 1291 2197 1358 merediem

168 1419 179 1430 .
213 1419 224 1429 .
261 1419 270 1429 .
304 1381 611 1445 presentibus
647 1419 657 1429 .
693 1419 704 1429 .
740 1418 748 1428 .
788 1380 824 1429 J
826 1380 979 1429 acobo
1018 1378 1357 1445 Skyrmgeour
1382 1409 1392 1419 ·
1417 1380 1608 1429 Jacobo
1642 1381 1925 1431 Crechtoun
1950 1411 1961 1422 ·
1996 1383 2199 1431 Andrea

171 1471 381 1522 Scherar
403 1502 413 1512 -
441 1472 636 1521 Thoma
660 1471 794 1521 Strat
817 1471 1047 1537 burgenfi
1072 1471 1175 1536 [seu
1191 1470 1533 1537 burgenfibus]
1556 1472 1673 1519 dieti
1689 1473 1834 1538 burgi
1858 1502 1869 1512 ·
1895 1481 1944 1522 et
1967 1472 2196 1538 magistro

166 1562 347 1628 Egidio
372 1563 433 1611 de
455 1563 607 1629 Boyis
632 1562 814 1612 clerieo
850 1601 860 1612 .
898 1601 907 1611 .
945 1602 954 1611 .
993 1562 1184 1611 abbatis
1209 1580 1321 1612 cum
1345 1561 1548 1612 diuersis
1573 1563 1680 1612 aliis
1720 1601 1731 1611 .
1767 1601 1776 1610 .
1813 1602 1823 1612 .

232 1654 479 1704 Robertus
502 1654 618 1703 Leis
651 1691 662 1703 .
700 1692 711 1704 .
749 1693 759 1703 .
797 1654 1018 1703 notarius
1056 1692 1066 1702 .
1105 1693 1114 1702 .
1153 1693 1162 1702 .

170 1903 342 1976 Carta
364 1925 634 1976 tenementi
658 1927 720 1974 de
744 1925 943 1975 Dunde.

173 2083 432 2156 Omnibus
471 2144 481 2153 .
519 2142 531 2154 .
574 2144 583 2153 .
628 2105 888 2170 Georgeus
924 2144 933 2153 .
977 2143 986 2153 .
1034 2142 1044 2152 .
1088 2105 1237 2154 abbas
1272 2142 1280 2151 .
1319 2142 1329 2151 .
1366 2142 1375 2151 .
1413 2104 1475 2152 de
1499 2103 1835 2152 Abirbrothoe
1870 2142 1880 2152 .
1915 2142 1923 2152 .
1958 2142 1967 2151 .
2002 2104 2203 2153 salutem

174 2234 181 2243 .
214 2235 224 2244 .
263 2234 273 2244 .
311 2195 526 2245 Nouerit
549 2194 839 2245 vniuerfitas
863 2195 1025 2245 vestra
1047 2213 1137 2243 nos
1172 2234 1182 2243 .
1220 2234 1230 2243 .
1269 2232 1280 2243 .
1317 2194 1589 2243 conceffifl'e
1626 2233 1635 2243 .
1672 2232 1684 2242 .
1721 2231 1732 2242 .
1766 2195 1802 2243 J
1805 2195 1986 2243 ohanni
2010 2194 2202 2259 Scrym-

172 2302 323 2350 geour
353 2287 580 2353 burgenfi
618 2288 680 2335 de
704 2287 889 2335 Dunde
926 2294 1082 2336 totum
1120 2287 1297 2335 toftum
1339 2293 1388 2335 et
1426 2293 1758 2336 tenementum
1797 2324 1807 2335 .
1845 2324 1856 2334 .
1896 2323 1906 2334 .
1943 2286 2109 2335 iacens
2150 2286 2202 2332 in

175 2376 302 2426 (ὶίἃιο
342 2379 501 2444 burgo
539 2378 669 2428 inter
705 2385 888 2427 terram
930 2377 1048 2426 olim
1084 2378 1276 2427 Thome
1311 2377 1426 2426 Leis
1464 2395 1524 2426 ex
1563 2386 1703 2442 parte
1741 2377 1968 2426 orientali
2005 2414 2016 2424 .
2056 2414 2067 2423 .
2107 2414 2117 2423 .
2156 2384 2205 2424 et

176 2469 415 2531 venellam
439 2487 535 2534 que
559 2478 766 2519 vocatur
799 2468 1097 2534 Spaldyngis
1121 2468 1295 2535 Wynd
1329 2487 1388 2518 ex
1418 2478 1559 2534 parte
1585 2469 1879 2518 occidentali
1914 2509 1924 2518 .
1962 2508 1971 2517 .
2009 2507 2019 2517 .
2055 2468 2204 2531 quod-

177 2559 373 2622 quidem
397 2600 406 2610 .
431 2599 443 2610 .
470 2597 481 2608 .
505 2560 599 2610 fuit
621 2559 884 2609 Elesabeth
905 2560 1114 2626 Murray
1139 2569 1189 2609 et
1212 2562 1344 2625 quod
1366 2561 1508 2609 nobis
1540 2597 1551 2608 .
1588 2597 1598 2608 .
1638 2598 1649 2608 .
1686 2560 1951 2625 refignauit
1974 2587 1984 2597 ·
2010 2559 2206 2608 Tenen-

177 2650 293 2699 dum
330 2689 341 2700 .
374 2690 385 2700 .
423 2689 433 2699 .
469 2652 506 2701 J
507 2651 692 2701 ohanni
725 2652 991 2700 heredibus
1023 2659 1072 2700 et
1096 2652 1345 2718 affignatis
1379 2690 1390 2700 .
1431 2690 1442 2700 .
1481 2689 1492 2699 .
1531 2652 1890 2716 imperpetuum
1927 2691 1936 2701 .
1974 2687 1986 2698 .
2028 2689 2039 2699 .
2075 2651 2207 2699 salua

180 2743 434 2807 regalitate
459 2744 627 2793 nostra
662 2781 673 2792 ,
714 2781 725 2791 .
765 2782 776 2793 .
806 2744 1084 2793 Reddendo
1123 2781 1132 2792 .
1178 2782 1188 2792 .
1231 2782 1241 2793 .
1281 2744 1362 2792 sex
1396 2743 1573 2792 solidos
1605 2744 1782 2792 vsualis
1815 2751 2010 2792 monete
2037 2741 2206 2792 Scocie

182 2832 244 2881 ad
264 2834 499 2883 terminos
521 2835 710 2884 vsuales
734 2863 744 2874 ·
771 2841 821 2885 et
843 2834 1145 2883 inueniendo
1169 2835 1310 2883 nobis
1334 2835 1588 2884 monachis
1612 2835 1866 2899 armigeris
1888 2834 2207 2883 seruientibus

181 2930 231 2971 et
262 2925 508 2974 officiariis
540 2925 720 2974 nostris
755 2925 991 2989 quociens
1025 2925 1145 2974 illuc
1180 2926 1350 2974 venire
1387 2926 1650 2990 contigerit
1679 2942 1768 2974 nos
1792 2933 1876 2974 aut
1899 2926 2025 2989 ipsos
2049 2925 2207 2974 aulam

182 3012 429 3077 honestam
475 3032 720 3064 cameram
767 3015 983 3079 spensam
1032 3015 1367 3064 buttellariam
1413 3024 1463 3065 et
1518 3015 1760 3065 stabulum
1817 3015 2052 3064 sufficiens
2098 3033 2207 3064 cum

184 3103 392 3166 coquina
422 3105 568 3153 focali
601 3105 777 3153 littirio
814 3105 937 3153 albis
972 3106 1190 3154 candelis
1215 3113 1264 3154 et
1288 3106 1384 3154 sale
1407 3123 1498 3170 pro
1522 3107 1687 3155 mensa
1707 3123 1802 3155 vna
1826 3122 1934 3155 oum
1960 3122 2137 3169 mappa
2159 3115 2206 3153 et
