2586 3834
29 814 126 863 495

641 313 1069 364 REGISTRUM
1104 312 1201 362 DE
1238 312 1798 363 ABERBROTHOC.
2020 307 2024 311 ’
2148 323 2245 372 393

187 517 433 589 Dimidia
468 556 583 603 pars
615 541 676 589 de
713 539 952 606 Baldowy
978 540 1223 589 affedatur
1258 540 1480 589 Johanni
1514 540 1713 605 Ogilwy
1740 548 1789 589 et
1824 540 2000 589 Ellene
2039 541 2243 590 Coffour

186 631 356 695 sponse
380 631 475 680 sue.

187 852 194 860 .
242 853 248 860 .
293 852 301 861 .
343 812 520 863 Pateat
563 852 571 861 .
619 853 626 861 .
672 851 680 861 .
722 830 811 861 nos
848 813 1121 878 Georgium
1157 850 1166 859 .
1206 851 1214 859 .
1260 852 1267 859 .
1308 812 1534 862 abbatem
1580 853 1588 861 .
1635 850 1646 860 .
1699 851 1708 860 .
1759 813 1819 861 de
1853 813 2075 862 Arbroth
2115 853 2123 862 .
2174 853 2182 861 .
2233 854 2241 861 .

186 905 410 954 affedaffe
447 942 458 954 .
497 945 506 954 .
545 945 554 954 .
591 905 813 954 Johanni
842 904 1057 971 Ogylwy
1082 911 1132 953 et
1156 904 1331 953 Ellene
1358 904 1562 954 Cofl'our
1586 905 1756 969 sponse
1781 905 1863 953 sue
1893 943 1903 953 .
1939 943 1948 953 .
1980 944 1991 952 .
2021 922 2113 970 pro
2139 912 2243 954 toto

183 1006 406 1061 tempore
432 998 532 1046 vite
569 1035 578 1044 .
618 1035 628 1046 .
670 1035 680 1046 .
719 997 975 1046 dimidiam
1001 1004 1194 1062 partem
1222 996 1336 1045 ville
1361 998 1527 1045 nostre
1553 997 1615 1045 de
1640 996 1878 1061 Baldowy
1903 1024 1912 1033 ·
1938 1014 2083 1060 quam
2109 996 2242 1045 idem

246 1127 256 1136 .
304 1127 313 1136 .
357 1090 633 1152 occupabat
657 1097 881 1153 tempore
908 1089 1233 1137 confeffionis
1258 1089 1566 1152 presencium
1592 1105 1702 1137 cum
1729 1088 1932 1136 decimis
1955 1088 2241 1153 garbalibus

187 1219 197 1228 .
249 1221 256 1228 .
302 1221 310 1228 .
353 1180 646 1230 Tenendam
687 1219 696 1229 .
734 1218 744 1228 .
787 1219 796 1228 .
836 1181 957 1229 ficut
982 1180 1099 1228 olim
1124 1180 1302 1229 Petrus
1331 1179 1456 1246 Seyr
1480 1179 1759 1228 huiusmodi
1798 1217 1807 1227 .
1853 1217 1863 1226 .
1907 1217 1916 1227 .
1959 1187 2239 1243 parte-cum

184 1273 389 1321 decimis
438 1313 446 1320 .
497 1310 508 1319 .
557 1311 566 1320 .
615 1273 864 1337 gaudebat
913 1301 923 1311 ·
972 1280 1194 1336 tempore
1236 1289 1355 1321 vero
1399 1273 1633 1321 introitus
1682 1312 1690 1320 .
1740 1312 1748 1320 .
1801 1312 1810 1320 .
1858 1272 2128 1336 incipiente
2177 1274 2240 1320 ad

182 1365 357 1414 festum
401 1363 752 1414 Penthecostes
798 1364 929 1413 diem
977 1365 1092 1413 date
1134 1364 1442 1428 presencium
1487 1348 1772 1412 immediate
1821 1364 2027 1427 sequens
2084 1403 2094 1412 .
2155 1402 2165 1411 .
2229 1402 2239 1412 .

186 1456 437 1506 Soluendo
483 1494 492 1504 .
534 1494 544 1503 .
586 1493 596 1503 .
640 1472 731 1520 pro
755 1457 898 1504 firma
948 1494 958 1504 .
1010 1494 1020 1503 .
1074 1494 1084 1504 .
1135 1457 1355 1520 quinque
1379 1456 1531 1504 libras
1556 1463 1605 1504 et
1628 1473 1720 1520 pro
1759 1493 1769 1503 .
1812 1493 1822 1503 .
1864 1493 1873 1503 .
1912 1455 2116 1504 decimis
2141 1463 2240 1504 tres

181 1550 334 1598 libras
358 1550 439 1597 sex
464 1547 645 1596 solidos
671 1556 720 1597 et
745 1551 854 1597 οὲὶο
880 1550 1112 1598 denarios
1154 1590 1163 1598 .
1207 1589 1216 1597 .
1258 1585 1269 1596 .
1310 1554 1508 1595 monete
1548 1586 1557 1595 .
1600 1586 1607 1594 .
1650 1586 1658 1594 .
1703 1545 1876 1596 Scocie
1910 1587 1918 1594 .
1954 1587 1962 1595 .
2001 1587 2010 1595 .
2048 1548 2112 1595 ad
2143 1554 2239 1595 ter-

182 1642 341 1690 minos
368 1640 623 1689 consuetos
649 1657 860 1689 vnacum
886 1641 1157 1707 rynmartis
1175 1639 1382 1688 wederis
1401 1639 1603 1702 aliisque
1621 1638 1987 1687 husbandorum
2008 1640 2239 1688 oneribus

182 1774 190 1782 .
232 1774 240 1782 .
280 1774 288 1782 .
331 1732 441 1781 Nec
464 1732 635 1781 licebit
672 1771 681 1779 .
720 1772 728 1781 .
762 1772 770 1780 .
806 1732 1029 1782 Johanni
1055 1743 1107 1783 et
1130 1731 1307 1781 Ellene
1332 1731 1513 1779 &fitam
1551 1770 1559 1779 .
1595 1770 1603 1778 .
1640 1770 1649 1778 .
1679 1737 1872 1795 partem
1899 1747 2009 1778 cum
2034 1731 2239 1779 decimis

182 1826 332 1874 alicui
358 1824 574 1874 afl'edare
601 1824 824 1873 cottariis
864 1864 872 1872 .
915 1865 922 1873 .
965 1865 973 1873 .
1013 1825 1234 1890 exceptis
1271 1855 1281 1865 ·
1319 1823 1529 1887 Insuper
1553 1823 1586 1870 fi
1627 1863 1635 1871 .
1668 1863 1675 1870 .
1711 1862 1719 1871 .
1751 1823 1939 1871 fuerint
1970 1862 1979 1871 .
2014 1863 2022 1871 .
2065 1863 2073 1870 .
2110 1823 2238 1871 male

179 1917 517 1981 persoluentes
557 1956 565 1965 .
611 1956 619 1964 .
664 1956 672 1964 .
723 1924 807 1965 aut
832 1916 1053 1964 iniuriosi
1094 1957 1102 1965 .
1139 1958 1147 1965 .
1189 1957 1198 1966 .
1239 1915 1410 1964 licebit
1440 1915 1583 1964 nobis
1621 1955 1629 1963 .
1674 1955 1682 1963 .
1723 1955 1731 1963 .
1770 1915 1834 1963 de
1875 1955 1882 1962 .
1923 1955 1931 1963 .
1976 1955 1984 1962 .
2023 1915 2240 1962 dimedia

180 2016 321 2072 parte
349 2025 458 2057 cum
486 2008 691 2056 decimis
730 2045 740 2055 .
776 2048 785 2056 .
820 2047 829 2056 .
869 2009 1128 2073 disponere
1166 2049 1175 2057 .
1216 2048 1224 2057 .
1264 2047 1272 2056 .
1315 2006 1542 2072 Sigillum
1582 2044 1595 2056 .
1636 2044 1647 2055 .
1687 2044 1698 2055 .
1737 2007 1939 2071 capituli
1980 2044 1989 2055 .
2032 2044 2043 2054 .
2083 2044 2093 2054 .
2130 2023 2239 2070 pre-

181 2101 399 2149 sentibus
423 2100 495 2148 est
520 2101 785 2165 appensum
810 2099 964 2149 xxviii
983 2100 1159 2148 menfis
1180 2099 1363 2148 Marcii
1384 2115 1516 2148 anno
1535 2098 1741 2147 Domini
1763 2104 1830 2146 m⁰
1849 2098 2237 2162 quintengefimo

182 2194 391 2242 decimo.

184 2444 520 2515 Dunbarrow
546 2463 788 2512 affedatur
814 2464 1103 2513 Alexandro
1133 2465 1360 2531 Gardyn.

188 2686 196 2695 .
240 2686 248 2695 .
291 2685 300 2694 .
342 2647 519 2708 Pateat
561 2686 569 2695 .
618 2686 627 2695 .
668 2686 676 2694 .
715 2663 805 2694 nos
844 2646 1118 2712 Georgium
1161 2688 1170 2697 .
1218 2688 1224 2697 .
1269 2687 1279 2697 .
1324 2649 1551 2697 abbatem
1601 2689 1609 2696 .
1657 2687 1666 2696 .
1712 2687 1719 2696 .
1761 2649 1822 2697 de
1859 2648 2083 2696 Arbroth
2124 2686 2133 2695 .
2172 2688 2179 2695 .
2224 2687 2232 2694 .

186 2738 411 2787 affedaffe
448 2778 457 2787 .
494 2776 504 2786 .
543 2778 552 2786 .
594 2737 886 2786 Alexandro
912 2738 1122 2804 Gardyn
1146 2746 1195 2787 et
1220 2740 1316 2788 suis
1350 2740 1598 2806 affignatis
1631 2780 1640 2789 .
1677 2780 1685 2789 .
1724 2780 1732 2789 .
1767 2758 1868 2788 non
1900 2779 1909 2788 .
1945 2780 1954 2789 .
1990 2778 1999 2787 .
2035 2740 2234 2788 maioris

186 2829 338 2878 status
376 2867 385 2877 .
424 2867 435 2878 .
473 2866 482 2877 .
521 2846 669 2893 quam
692 2828 793 2893 ipse
830 2866 842 2877 .
884 2866 894 2877 .
932 2866 943 2876 .
979 2837 1138 2878 terras
1173 2831 1364 2879 nostras
1390 2833 1451 2880 de
1476 2832 1792 2881 Dunbarrow
1817 2839 1866 2881 et
1897 2832 2234 2879 molendinum

245 2957 255 2967 .
300 2957 309 2967 .
347 2937 458 2968 cum
483 2920 689 2968 decimis
712 2920 996 2984 garbalibus
1022 2921 1263 2969 dfflarum
1287 2929 1533 2971 terrarum
1578 2961 1589 2971 .
1634 2960 1645 2971 .
1691 2960 1701 2971 .
1742 2923 1959 2971 iacentes
1982 2923 2034 2970 in
2058 2921 2233 2985 regali-

186 3019 286 3059 tate
329 3010 495 3059 nostra
534 3011 595 3059 de
641 3010 867 3059 Arbroth
907 3011 1040 3059 infra
1081 3011 1481 3060 vicecomitatum
1528 3014 1590 3061 de
1636 3012 1834 3061 Forfair
1878 3030 1969 3076 pro
2010 3011 2231 3060 terminis

187 3100 531 3149 nouemdecim
556 3115 799 3149 annorum
851 3137 862 3149 .
914 3137 925 3147 .
976 3136 987 3148 .
1042 3117 1134 3164 pro
1159 3100 1254 3148 suis
1278 3101 1500 3150 seruiciis
1525 3110 1575 3150 et
1596 3102 1982 3167 gratitudinibus
2021 3139 2031 3150 .
2078 3138 2088 3148 .
2133 3138 2143 3148 .
2185 3109 2232 3148 et

1167 3194 1198 3236 3
1223 3206 1256 3238 D
