2762 3834
52 1871 54 1878 i
50 1798 55 1862 A..-
44 811 65 1792 ᾼῂω-ὒρ-ῌψ-ψ-ή-.--ᾲᾲω-
44 764 49 802 „m

617 360 1042 411 REGISTRUM
1078 361 1174 409 DE
1210 359 1768 412 ABERBROTHOC.
1970 381 1972 383 ’
2116 366 2213 411 253

173 493 418 558 gaudeant
455 532 464 541 .
505 531 514 540 .
551 531 560 540 .
601 492 741 541 dictis
767 496 938 543 oaaua
962 501 1011 543 et
1035 494 1362 543 decimasexta
1384 494 1605 559 partibus
1641 532 1651 543 .
1688 532 1698 542 .
1735 531 1751 542 ..
1784 493 1899 542 ville
1925 493 1986 541 dc
2015 493 2213 559 Crachy

174 602 261 651 per
285 583 462 632 diuisas
498 621 508 631 .
543 621 553 630 .
587 621 597 631 .
641 584 932 648 subscriptas
968 614 978 625 ·
1011 593 1159 649 prout
1192 585 1238 635 se
1272 586 1496 636 extendit
1531 604 1560 635 a
1593 585 1758 651 lapide
1794 585 1855 633 de
1889 584 1936 632 16
1971 584 2216 651 Furdhyu

176 676 381 725 colendo
405 682 554 739 prout
580 675 749 723 colunt
783 674 1162 742 Ouchtirlowny
1187 686 1236 727 et
1262 679 1505 728 veniendo
1542 695 1633 742 per
1669 677 1882 726 mediam
1919 677 2048 725 viam
2083 677 2215 725 inter

175 776 331 817 terras
356 767 511 817 cultas
537 767 598 815 de
626 765 1005 830 Ouchtirlowny
1030 775 1078 816 et
1106 767 1308 835 Crachy
1333 771 1479 834 vsque
1502 771 1566 818 ad
1586 770 1772 819 fontem
1796 770 1857 818 de
1886 768 2130 819 Croftoun
2166 776 2215 817 et

176 860 238 911 ad
260 859 389 907 ouile
415 859 475 907 de
499 858 546 906 le
571 857 897 922 Bovbrigfald
920 858 1068 922 Vsque
1092 861 1156 908 ad
1180 878 1354 924 aquam
1391 862 1451 910 de
1489 861 1695 927 Ovynni
1731 899 1742 910 .
1776 898 1787 910 .
1828 898 1838 909 .
1874 868 2022 925 prout
2058 860 2215 909 dictus

175 955 459 1003 Alexander
480 970 614 1001 nunc
633 952 840 1017 poffidet
873 979 884 991 ·
916 953 982 1002 Et
1009 953 1211 1001 vlterius
1235 953 1425 1001 soluent
1450 953 1703 1002 annuatim
1729 969 1819 1017 pro
1842 952 2036 1001 decima
2070 952 2216 1002 crofti

176 1046 443 1096 molendini
467 1063 613 1094 vnam
648 1044 832 1092 bollam
857 1044 986 1092 ordii
1017 1044 1240 1092 mensure
1275 1045 1371 1092 fori
1407 1045 1650 1093 currentis
1700 1083 1710 1094 .
1761 1084 1770 1093 .
1821 1082 1831 1093 .
1881 1044 2033 1108 Apud
2067 1043 2216 1092 Abir-

175 1140 380 1190 brothoc
402 1139 594 1188 decimo
619 1137 792 1202 quinto
817 1137 896 1184 die
922 1136 1096 1184 mensis
1117 1135 1409 1184 Decembris
1431 1152 1561 1183 anno
1582 1135 1789 1183 Domini
1818 1135 1958 1184 1486.

176 1394 458 1466 Affedacio
485 1410 686 1460 ecclesie
711 1411 773 1459 de
801 1409 1075 1475 Glammys.

176 1575 449 1650 Uniuerfis
489 1603 657 1660 pateat
693 1634 702 1644 .
739 1633 750 1643 .
787 1634 796 1643 .
832 1611 925 1643 nos
964 1593 1135 1642 Dauid
1180 1631 1190 1641 .
1236 1630 1247 1641 .
1290 1630 1301 1641 .
1344 1593 1572 1642 abbatem
1615 1630 1626 1641 .
1671 1630 1682 1641 .
1727 1629 1738 1641 .
1782 1592 1843 1640 de
1879 1592 2215 1643 Abirbrothoc

220 1726 231 1737 .
264 1726 275 1737 .
306 1687 530 1736 affedass'e
562 1725 572 1736 .
611 1725 623 1735 .
660 1724 670 1735 .
701 1685 934 1751 magistro
956 1684 991 1734 J
994 1684 1178 1734 ohanni
1197 1683 1375 1750 Lyoun
1395 1685 1595 1733 domino
1618 1684 1876 1749 apparenti
1896 1685 1956 1732 de
1979 1683 2217 1733 Glammis

175 1820 184 1830 .
210 1819 219 1829 .
247 1819 255 1829 .
280 1780 457 1845 garbas
482 1778 746 1827 decimales
772 1775 973 1826 ecclefie
995 1776 1158 1825 nostre
1183 1777 1244 1824 de
1272 1776 1512 1826 Glammis
1538 1816 1546 1825 .
1577 1814 1587 1824 .
1615 1815 1624 1825 .
1648 1793 1739 1840 pro
1758 1775 1981 1825 terminis
2000 1776 2216 1840 quinque

173 1889 410 1923 annorum
449 1911 458 1920 .
505 1910 515 1919 .
561 1909 572 1919 .
611 1870 822 1919 termino
870 1886 987 1918 vero
1031 1868 1264 1918 introitus
1307 1906 1316 1917 .
1357 1907 1367 1916 .
1409 1906 1418 1916 .
1459 1868 1731 1932 incipiente
1785 1867 1836 1915 in
1880 1867 2002 1915 festo
2051 1866 2216 1917 Sancti

174 1964 308 2013 Petri
331 1964 464 2028 quod
487 1963 671 2012 dicitur
695 1961 964 2011 aduincula
985 1961 1040 2009 in
1064 1971 1195 2010 anno
1220 1961 1427 2010 Domini
1458 1960 1712 2008 millesimo
1738 1966 1871 2008 cccc⁰
1896 1959 2218 2024 o&uages1mo

177 2057 342 2104 o&auo
370 2084 381 2095 ·
407 2054 656 2105 Soluendo
696 2092 707 2103 .
747 2092 758 2103 .
796 2093 806 2103 .
845 2053 1100 2102 annuatim
1139 2090 1150 2102 .
1191 2090 1202 2101 .
1239 2091 1250 2102 .
1288 2070 1377 2116 pro
1402 2053 1555 2102 tribus
1589 2052 1761 2116 primis
1796 2052 1938 2100 annis
1974 2052 2220 2117 octoginta

176 2147 340 2196 decem
376 2147 527 2196 libras
562 2154 611 2197 et
646 2163 737 2211 pro
774 2147 963 2195 duobus
1001 2145 1183 2195 vltimis
1219 2145 1362 2194 annis
1387 2144 1637 2209 octoginta
1662 2144 1919 2192 tresdecim
1952 2144 2102 2192 libras
2139 2143 2218 2192 sex

177 2239 348 2288 solidos
381 2246 429 2288 et
463 2241 569 2287 οᾶο
595 2238 826 2287 denarios
865 2275 884 2286 .,
916 2275 927 2287 .
966 2277 974 2286 .
1011 2243 1208 2286 monete
1245 2276 1254 2285 .
1294 2275 1304 2285 .
1343 2276 1352 2284 .
1392 2235 1565 2285 Scocie
1591 2236 1655 2284 ad
1689 2274 1699 2284 .
1736 2275 1744 2283 .
1782 2273 1792 2283 .
1830 2235 2064 2283 terminos
2102 2271 2113 2282 .
2155 2272 2165 2282 .
2206 2273 2215 2282 .

177 2330 359 2380 Pasche
386 2339 435 2380 et
463 2330 628 2380 Sanffl
651 2330 789 2379 Petri
815 2330 878 2378 ad
903 2329 1103 2378 uincula
1135 2367 1146 2378 .
1178 2368 1187 2378 .
1223 2367 1234 2377 .
1268 2328 1332 2377 Et
1357 2327 1391 2376 fi
1416 2329 1574 2376 dietus
1612 2367 1621 2375 .
1656 2366 1666 2376 .
1702 2365 1713 2375 .
1749 2327 1801 2375 in
1838 2367 1846 2375 .
1882 2365 1893 2376 .
1927 2365 1936 2375 .
1971 2326 2216 2375 solucione

174 2461 187 2471 .
218 2458 238 2470 ..
264 2458 275 2470 .
303 2422 524 2471 deficerit
548 2400 611 2470 ad
636 2422 872 2470 terminos
904 2458 915 2469 .
947 2460 955 2470 .
995 2460 1004 2470 .
1041 2420 1124 2469 uel
1147 2421 1279 2470 infra
1303 2420 1582 2485 quindecim
1603 2420 1706 2468 dies
1743 2457 1754 2468 .
1794 2456 1804 2467 .
1843 2458 1852 2468 .
1889 2418 2056 2468 licebit
2077 2418 2216 2467 nobis

175 2551 187 2563 ‚
220 2552 233 2565 2
267 2551 284 2563 ..
311 2515 371 2562 de
411 2553 419 2561 .
462 2552 472 2561 .
516 2551 526 2561 .
571 2513 775 2562 ecclesia
799 2531 918 2562 cum.
935 2513 1101 2578 garbis
1126 2512 1446 2561 decimalibus
1482 2551 1491 2560 .
1529 2551 1538 2560 .
1579 2549 1589 2559 .
1625 2511 1884 2575 disponere
1920 2548 1929 2558 .
1969 2549 1979 2559 .
2018 2550 2026 2558 .
2064 2510 2216 2575 Apud

178 2603 509 2656 Abirbrothoc
534 2605 727 2653 decimo
752 2605 833 2654 die
856 2604 1032 2654 menfis
1055 2605 1245 2670 Aprilis
1270 2621 1400 2654 anno
1426 2603 1632 2652 Domini
1660 2603 1800 2657 1487.

179 2851 386 2924 Littera
410 2874 661 2924 diuifionis
683 2876 799 2924 vine
825 2877 886 2924 de
911 2876 1163 2941 Baidewy.

62 3062 133 3112 509
182 3034 452 3107 Uniuerfis
492 3066 659 3124 pateat
702 3097 712 3107 .
759 3099 768 3108 .
813 3099 822 3107 .
865 3076 954 3107 nos
1000 3058 1171 3107 Dauid
1209 3060 1437 3108 abbatem
1476 3097 1486 3107 .
1527 3096 1537 3106 .
1578 3096 1588 3107 .
1626 3059 1686 3107 de
1728 3058 2065 3107 Abirbrothoc
2106 3095 2116 3105 .
2153 3095 2163 3104 .
2201 3094 2211 3102 .

184 3149 473 3199 consenfiffe,
494 3190 504 3200 .
542 3191 551 3200 .
588 3191 598 3200 .
636 3150 862 3200 diuifioni
886 3150 1001 3199 ville
1032 3150 1196 3199 nostre
1226 3151 1287 3199 de
1320 3150 1555 3215 Baldewy
1580 3150 1704 3198 fa&e
1735 3166 1824 3214 per
1861 3187 1872 3198 .
1913 3188 1922 3197 .
1961 3188 1971 3198 .
2012 3148 2211 3196 Petrum
