2586 3834
38 3116 42 3152 1

40 3153 43 3200 l

18 3215 47 3327 <l

46 3335 48 3363 i

635 372 1057 422 REGISTRUM
1093 371 1190 419 DE
1230 371 1782 423 ABERBROTHOC.
2133 382 2229 431 409

187 502 530 552 Alexandrum
556 503 808 552 dominum
834 504 895 552 de
921 503 1223 568 Abyrnethy
1247 503 1389 551 nobis
1433 542 1440 551 .
1485 543 1494 551 .
1535 543 1543 552 .
1586 505 1832 569 persoluta
1856 505 2078 554 affedafl‘e
2119 546 2126 554 .
2171 546 2180 555 .

186 595 378 658 prefato
424 633 434 643 .
483 634 492 643 .
541 634 551 644 .
602 602 650 644 et
678 595 928 643 Willelmo
953 595 1255 661 Abyrnethy
1279 595 1381 642 filio
1418 595 1499 643 suo
1525 603 1574 644 et
1596 596 1770 645 heredi
1795 599 2053 661 apparenti
2103 638 2110 645 .
2160 638 2168 645 .
2220 639 2227 646 .

185 702 276 750 pro
302 694 405 735 toto
431 695 652 752 tempore
677 688 779 736 vite
822 727 831 736 .
876 727 884 735 .
929 726 937 735 .
982 695 1031 736 et
1055 687 1151 735 suis
1176 687 1545 735 subtenentibus
1584 725 1593 735 .
1632 725 1641 735 .
1678 726 1687 735 .
1730 705 1831 736 non
1874 727 1883 736 .
1927 728 1936 737 .
1979 728 1989 737 .
2030 689 2230 738 maioris

186 776 335 826 status
379 818 387 826 .
426 818 435 826 .
473 818 482 827 .
526 796 672 843 quam
705 779 821 827 diui
866 816 877 826 .
920 815 930 826 .
973 815 984 826 .
1028 778 1244 826 decimas
1279 778 1505 842 garbales
1537 779 1738 828 ecclefie
1774 779 1937 828 nostre
1974 781 2035 829 de
2066 780 2229 845 Abyr-

185 868 373 917 kerdur
397 887 455 918 ac
489 907 500 918 .
539 907 550 918 .
589 908 600 919 .
643 879 802 918 terras
834 870 1025 918 nostras
1062 870 1123 918 de
1160 869 1485 934 Innerbundy
1511 887 1621 918 cum
1645 871 1928 920 molendino
1953 879 2002 921 et
2026 872 2229 921 decimis

185 961 467 1025 garba-libus
497 1000 506 1009 .
543 999 553 1010 .
587 999 598 1010 .
636 980 694 1011 ac
714 979 824 1011 cum
853 998 863 1009 .
900 999 911 1010 .
943 999 953 1010 .
978 961 1218 1026 potestate
1242 961 1463 1025 piscandi
1488 961 1725 1009 salmones
1750 970 1798 1010 et
1823 963 2021 1028 cymbas
2044 963 2227 1012 ibidem

184 1054 440 1118 imponere
476 1084 486 1093 ·
525 1055 737 1104 termino
772 1072 890 1103 vero
928 1055 1161 1103 introitus
1200 1091 1210 1101 .
1251 1091 1261 1100 .
1302 1089 1313 1099 .
1356 1053 1420 1100 ad
1455 1052 1607 1100 diEtas
1642 1060 1798 1101 terras
1836 1091 1846 1101 .
1884 1091 1895 1101 .
1934 1091 1945 1102 .
1982 1072 2091 1103 cum
2126 1072 2229 1102 mo-

185 1145 388 1193 lendino
411 1146 680 1210 incipiente
720 1146 783 1194 ad
814 1145 990 1194 festum
1014 1143 1328 1193 Pentecostes
1353 1144 1519 1191 datam
1543 1144 1846 1207 presencium
1870 1145 2092 1209 proxime
2126 1183 2136 1193 .
2168 1184 2178 1194 .
2215 1183 2226 1193 .

186 1236 392 1300 sequens
431 1274 442 1285 .
484 1274 496 1286 .
535 1274 545 1286 .
584 1255 642 1286 ac
667 1238 731 1285 ad
769 1275 780 1285 .
828 1274 838 1285 .
882 1275 892 1286 .
934 1237 1152 1285 decimas
1186 1236 1414 1301 garbales
1450 1236 1513 1283 ad
1548 1236 1720 1285 festum
1753 1238 1816 1285 ad
1840 1238 2037 1286 vincula
2060 1238 2227 1288 Sancti

187 1327 322 1377 Petri
361 1367 373 1377 .
419 1367 429 1377 .
475 1365 487 1377 .
523 1329 744 1378 fimiliter
783 1367 794 1379 .
834 1368 844 1378 .
885 1367 896 1378 .
930 1330 1136 1393 sequens
1175 1365 1186 1376 .
1225 1367 1235 1377 .
1276 1364 1285 1375 .
1327 1326 1577 1376 Soluendo
1614 1365 1625 1375 .
1665 1364 1677 1376 .
1719 1366 1729 1376 .
1765 1345 1855 1392 pro
1880 1329 2081 1377 decimis
2117 1368 2126 1377 .
2169 1369 2177 1378 .
2217 1369 2226 1378 .

187 1419 313 1469 diue
353 1420 554 1469 ecclefie
591 1421 846 1486 sexaginta
881 1420 964 1469 sex
1000 1420 1152 1468 libras
1191 1420 1432 1468 tredecim
1471 1419 1647 1468 solidos
1684 1427 1731 1468 et
1768 1428 1976 1485 quatuor
1999 1422 2226 1470 denarios

234 1553 242 1561 .
281 1554 290 1562 .
327 1521 524 1563 monete
553 1513 725 1563 Scocie
751 1515 814 1562 ad
853 1554 862 1562 .
896 1554 906 1563 .
940 1553 950 1563 .
992 1512 1115 1562 festa
1161 1553 1170 1562 .
1209 1552 1217 1560 .
1256 1551 1265 1560 .
1317 1511 1468 1560 Pasce
1504 1518 1553 1559 et
1590 1510 1755 1559 Sancti
1780 1512 1916 1561 Petri
1941 1514 2004 1561 ad
2029 1513 2243 1562 vincula·

241 1643 251 1652 .
291 1643 302 1653 .
339 1623 396 1654 ac
431 1596 522 1670 pro
553 1606 696 1654 firma
732 1614 780 1654 et
816 1605 1018 1654 decimis
1060 1643 1070 1653 .
1125 1641 1136 1652 .
1185 1642 1195 1652 .
1234 1604 1295 1651 de
1331 1602 1658 1668 Innerbundy
1684 1620 1793 1652 cum
1830 1595 2112 1652 molendino
2136 1606 2227 1669 pis-

185 1697 320 1745 caria
366 1698 634 1746 salmonum
684 1706 733 1746 et
780 1697 1016 1746 facultate
1062 1695 1351 1761 imponendi
1390 1684 1592 1760 cymbas
1640 1703 1851 1758 quatuor
1896 1696 2045 1744 libras
2090 1735 2100 1745 .
2152 1734 2163 1744 .
2214 1734 2224 1744 .

182 1796 378 1838 monete
413 1788 587 1838 Scocie
613 1790 675 1838 ad
702 1788 825 1837 festa
849 1788 1161 1837 Pentecostes
1187 1796 1236 1837 et
1264 1787 1430 1837 Samffi
1456 1788 1663 1837 Martini
1704 1826 1714 1837 .
1758 1827 1768 1837 .
1814 1826 1825 1837 .
1870 1806 1979 1837 cum
2006 1785 2243 1837 omnibus

244 1917 254 1927 .
295 1917 306 1928 .
344 1881 576 1929 oneribus
615 1919 624 1929 .
665 1919 676 1928 .
716 1918 727 1929 .
765 1881 831 1929 Et
856 1881 889 1929 fi
915 1880 1172 1945 contingat
1191 1881 1375 1928 dictum
1394 1880 1734 1928 Alexandrum
1756 1888 1804 1930 et
1821 1881 2123 1929 Willelmum
2145 1889 2228 1930 aut

185 1989 355 2020 eorum
379 1972 588 2021 alterum
615 1973 808 2021 diucius
833 1973 1078 2022 viuentem
1106 1973 1362 2036 imponere
1399 1974 1624 2038 cymbam
1652 1974 1733 2022 uel
1768 1974 1968 2040 cymbas
2002 1973 2054 2021 in
2085 1980 2228 2037 portu

295 2102 305 2112 .
355 2065 416 2113 de
461 2064 784 2130 Innerbundy
823 2065 1077 2113 habebunt
1115 2065 1269 2128 pisces
1308 2065 1573 2114 decimales
1617 2064 1871 2114 cuiussibet
1918 2065 2091 2129 cymbe
2139 2082 2236 2128 pro.

185 2155 361 2220 viginti
386 2156 550 2204 solidis
586 2157 727 2205 nobis
777 2196 785 2205 .
836 2196 844 2205 .
895 2196 904 2205 .
954 2156 1210 2205 annuatim
1247 2157 1493 2205 soluendis
1530 2166 1577 2206 et
1611 2157 1705 2205 hoc
1731 2157 1847 2220 quia
1871 2164 2089 2220 tempore
2114 2173 2226 2204 con-

186 2247 409 2295 fectionis
433 2248 741 2312 presencium
766 2248 901 2296 nulle
927 2256 1069 2297 erant
1092 2248 1274 2296 ibidem
1304 2250 1479 2314 cymbe
1516 2289 1524 2297 .
1563 2287 1572 2297 .
1609 2288 1618 2297 .
1659 2248 1811 2312 Apud
1847 2286 1856 2295 .
1895 2286 1903 2296 .
1941 2286 1950 2295 .
1987 2246 2224 2295 monaste-

186 2338 315 2386 rium
351 2339 505 2387 tercio
541 2339 620 2387 die
655 2338 830 2387 menfis
854 2339 1151 2388 Decembris
1176 2358 1306 2388 anno
1331 2339 1538 2388 Domini
1560 2337 1813 2386 millefimo
1838 2338 2222 2402 quingentefimo

187 2430 445 2479 vndecimo
471 2440 520 2480 et
545 2430 926 2480 consecrationis
951 2430 1114 2479 nostre
1140 2449 1270 2480 anno
1294 2432 1471 2496 primo.

183 2679 468 2766 Bogfechil
492 2701 734 2750 affedatur
760 2701 1012 2750 Willelmo
1039 2701 1353 2766 Abyrnethy.

3 2891 13 2914 ⁸
43 2882 135 2927 520
190 2921 199 2931 .
241 2923 250 2934 ,
292 2921 302 2931 .
338 2884 513 2933 Pateat
539 2922 549 2932 .
580 2921 590 2932 .
619 2922 630 2932 .
657 2902 746 2932 nos
773 2884 1047 2948 Georgium
1073 2881 1210 2949 [etc]
1250 2920 1260 2930 .
1301 2919 1312 2930 .
1351 2919 1362 2929 .
1401 2880 1623 2929 affedafl'e
1662 2917 1672 2928 .
1712 2917 1723 2927 .
1762 2917 1773 2927 .
1800 2879 2051 2927 Willelmo
2075 2878 2219 2926 Abir-

182 2974 335 3039 nethy
358 2975 460 3023 filio
486 2983 534 3024 et
563 2975 736 3023 heredi
773 2974 1031 3038 apparenti
1067 3012 1076 3021 .
1114 3012 1123 3022 .
1162 3011 1173 3021 .
1226 2973 1519 3021 Allexandri
1545 2971 1730 3020 domini
1756 2971 1817 3019 de
1849 2970 2146 3035 Abyrnethy
2171 2977 2219 3017 et

185 3065 279 3113 suis
305 3066 675 3114 coadiutoribus'
695 3073 744 3114 et
768 3065 1135 3113 subtenentibus
1168 3100 1178 3110 .
1209 3100 1219 3111 .
1253 3100 1264 3110 .
1293 3080 1393 3110 non
1426 3102 1434 3111 .
1466 3102 1475 3111 .
1506 3102 1514 3110 .
1548 3062 1747 3110 maioris
1771 3061 1922 3109 status
1951 3099 1960 3109 .
1991 3099 2000 3109 .
2033 3099 2042 3108 .
2074 3076 2218 3123 quam

184 3155 284 3219 ipse
321 3195 329 3204 .
375 3196 384 3204 .
433 3196 442 3204 .
479 3155 637 3204 terras
680 3193 691 3203 .
731 3192 742 3204 .
782 3192 792 3203 .
836 3156 897 3202 de
933 3153 1211 3218 Bogfechill
1250 3153 1467 3200 iacentes
1506 3153 1638 3200 infra
1673 3151 1928 3199 baroniam
1978 3187 1988 3197 .
2038 3187 2048 3198 .
2099 3187 2109 3197 .
2155 3149 2215 3196 de

1163 3246 1193 3289 3
1217 3259 1244 3290 F
