2742 3848
625 357 1058 409 REGISTRUM
1091 357 1189 406 DE
1226 357 1789 409 ABERBROTHOC.
2132 363 2226 415 497

171 491 312 540 cione
340 492 557 540 eiusdem
582 509 672 556 per
698 492 959 541 officiarios
983 492 1379 557 predecessorum
1404 494 1537 559 regis
1561 510 1722 558 nuper
1744 492 2023 558 perturbati
2057 493 2229 541 extite-

167 593 284 632 runt
312 585 439 632 vnde
463 591 636 648 portus
661 585 862 632 omnino
889 584 1163 634 destructus
1197 586 1361 634 extitit
1386 594 1435 634 et
1459 585 1637 634 exinde
1674 586 1861 651 burgus
1897 585 1996 633 iam
2031 585 2227 649 penitus

167 676 535 740 depauperatur
559 675 623 724 fic
650 676 784 739 quod
809 676 1011 741 aliquod
1038 679 1348 727 commodum
1375 679 1427 727 in
1451 680 1611 744 burgo
1635 679 1744 744 regi
1769 695 1871 726 non
1897 678 2194 727 obueniebat
2219 707 2228 716 ·

168 768 426 816 confirmat
451 767 778 816 donacionem
804 769 937 834 regis
963 769 1135 817 Dauid
1158 777 1208 818 et
1232 771 1444 819 aliorum
1465 788 1640 837 regum
1669 770 1844 821 Scocie
1885 799 1896 810 ·
1939 770 2085 819 saluis
2122 771 2231 835 regi

167 869 216 908 et
240 859 588 909 successoribus
614 860 905 909 oracionum
929 861 1175 926 suffragiis
1201 863 1391 912 abbatis
1411 872 1460 912 et
1480 870 1756 912 conuentus
1776 858 1967 911 tantum
1991 891 2001 902 ·
2027 862 2229 911 testibus

166 951 359 1001 Jacobo
396 952 750 1002 Sanaiandree
787 953 1158 1018 archiepiscopo
1204 985 1214 994 ·
1264 956 1483 1005 Galuino
1520 957 1892 1022 archiepiscopo
1937 955 2225 1021 Glasguenfi

168 1046 467 1094 cancellario
515 1047 648 1112 regis
697 1075 707 1084 ·
751 1046 972 1112 Georgio
1017 1047 1246 1111 episcopo
1288 1047 1633 1097 Dunkeldenfi
1681 1077 1691 1088 ·
1743 1049 1963 1099 Galuino
2000 1049 2229 1113 episcopo

168 1137 502 1188 Abirdonenfi
545 1139 823 1189 rotulorum
871 1139 1069 1204 registri
1119 1146 1168 1188 et
1208 1138 1396 1187 confilii
1443 1140 1626 1189 clerico
1674 1168 1685 1179 ·
1733 1141 1959 1190 Henrico
2000 1141 2228 1205 episcopo

132 1227 396 1281 'Candide
430 1233 537 1281 case
575 1241 625 1281 et
661 1232 851 1297 capelle
894 1233 1032 1298 regie
1079 1231 1481 1297 Striuelingenfis
1528 1260 1538 1270 ·
1586 1233 1718 1298 regis
1761 1233 2138 1298 consanguineis
2181 1242 2229 1281 et

165 1325 320 1374 fratre
362 1325 556 1375 Jacobo
598 1326 828 1375 Morauie
868 1327 1048 1375 comite
1091 1355 1102 1365 ·
1150 1325 1368 1389 Hugone
1406 1325 1586 1373 comite
1623 1326 1684 1374 de
1723 1325 1996 1391 Eglington
2028 1325 2229 1374 domino

166 1417 522 1485 Montgomery
567 1447 577 1458 ·
636 1419 860 1485 Georgio
909 1419 1090 1468 comite
1133 1419 1194 1466 de
1238 1417 1427 1466 Rothes
1469 1417 1671 1466 domino
1710 1418 1868 1467 Lessie
1908 1447 1917 1458 ·
1959 1418 2228 1467 Malcolmo

166 1510 368 1559 domino
394 1510 623 1577 Fleming
648 1528 828 1576 magno
855 1511 1128 1560 camerario
1154 1510 1287 1575 regis
1323 1536 1333 1547 ·
1369 1510 1589 1558 Patricio
1627 1510 1794 1574 priore
1821 1509 2025 1559 ecclefie
2050 1518 2229 1559 metro-

165 1603 386 1668 politane
429 1603 785 1653 San&iandree
828 1631 838 1640 ·
879 1604 1101 1652 Roberto
1133 1603 1311 1652 abbate
1347 1601 1630 1650 monasterii
1662 1602 1839 1651 SanEoe
1867 1602 2045 1652 Crucis
2074 1620 2229 1668 prope

166 1696 457 1746 Edinbruch
499 1728 508 1737 ·
549 1697 860 1746 Allexandro
898 1697 1075 1746 abbate
1099 1695 1384 1745 monasterii
1410 1697 1471 1744 de
1500 1695 1941 1761 Cambusszynneth
1975 1724 1985 1735 ·
2023 1696 2230 1745 familia-

104 1821 106 1825 ·
154 1790 301 1838 ribus
348 1790 481 1856 regis
523 1789 744 1839 Roberto
790 1789 978 1838 Berton
1017 1791 1077 1838 de
1125 1789 1432 1839 Ouirberton
1480 1789 1613 1854 regis
1661 1790 1968 1838 thesaurario
2011 1798 2059 1838 et
2103 1807 2231 1838 com-

0 1857 4 1869 *
165 1890 396 1947 potorum
421 1882 684 1931 rotulatori
716 1909 726 1920 ·
756 1882 990 1947 magistro
1019 1880 1216 1930 Thoma
1242 1880 1436 1946 Erfkyn
1465 1881 1526 1928 de
1555 1880 1744 1929 Halton
1771 1881 1903 1946 regis
1927 1881 2193 1930 secretario
2222 1910 2229 1918 ·

168 1983 218 2023 et
241 1975 434 2024 Jacobo
463 1975 659 2025 Coluile
685 1976 746 2023 de
775 1974 1037 2024 Ovchiltre
1072 1974 1206 2040 regis
1241 1974 1540 2023 cancellarie
1567 1975 1815 2024 directore
1852 2002 1861 2013 ·
1903 1975 2055 2039 Apud
2079 1975 2232 2023 Edin-

169 2068 326 2117 bruch
356 2072 417 2116 10
442 2067 673 2116 Januarii
702 2071 832 2122 1529
858 2074 906 2115 et
933 2084 976 2115 a.
1003 2084 1044 2115 r.
1075 2070 1152 2120 17.

11 2362 21 2385 Ε
59 2346 120 2397 39
173 2326 370 2398 Abbas
410 2346 662 2410 presentat
707 2344 953 2394 Thomam
1002 2343 1193 2393 Curror
1237 2343 1473 2392 clericum
1523 2342 1879 2393 Sanctiandree
1921 2344 2126 2392 diocesis
2171 2346 2234 2392 ad

15 2422 18 2425 μ
174 2438 410 2487 vicariam
432 2444 722 2502 perpetuam
750 2437 954 2486 ecclesie
974 2436 1301 2501 parrochialis
1327 2436 1388 2485 de
1415 2435 1849 2500 Banquhoriterne
1875 2436 2234 2485 Abirdonensis

173 2531 378 2579 diocesis
415 2547 527 2578 cum
570 2547 749 2578 vacare
793 2529 1060 2594 contigerit
1107 2547 1197 2593 per
1243 2526 1635 2593 refignacionem
1676 2527 1900 2593 magistri
1939 2528 2234 2577 Allexandri

177 2621 375 2686 Spittell
414 2622 558 2670 causa
594 2621 982 2686 permutacionis
1019 2638 1128 2669 cum
1165 2621 1424 2684 prebenda
1454 2624 1513 2669 de
1550 2621 1845 2670 Auchindor
1879 2621 2093 2670 eiusdem
2132 2622 2234 2669 dio-

175 2713 293 2763 cefis
318 2731 464 2778 quam
493 2713 712 2762 Thomas
740 2712 931 2762 Curror
955 2730 1089 2761 nunc
1116 2713 1308 2777 optinet
1333 2740 1343 2752 ·
1372 2717 1395 2761 1
1427 2713 1687 2763 Februarii
1717 2718 1860 2768 1529.

55 2983 127 3051 {40
176 2963 328 3035 Idem
366 2985 549 3034 affedat
582 3002 674 3049 pro
711 2991 814 3033 toto
853 2993 1076 3049 tempore
1110 2984 1211 3032 vite
1243 2983 1466 3033 «Iohanni
1506 2984 1695 3051 Ogiluy
1721 2992 1767 3034 et
1794 2984 2002 3033 Isobelle
2029 2983 2236 3034 Stewart

180 3077 284 3126 eius
307 3077 475 3141 sponse
499 3077 690 3141 suisque
715 3077 1088 3125 subtenentibus
1113 3083 1273 3125 terras
1299 3078 1360 3125 de
1386 3077 1622 3143 Kyrkton
1660 3078 1721 3126 de
1757 3077 2088 3126 Innerkelour
2125 3095 2233 3125 cum

181 3169 383 3217 decimis
422 3169 706 3234 garbalibus
749 3169 1020 3217 earundem
1057 3175 1106 3216 et
1142 3167 1346 3216 decimis
1389 3169 1672 3233 garbalibus
1721 3169 1781 3216 de
1829 3168 2086 3216 Annaston
2124 3185 2233 3215 cum

1147 3263 1177 3306 3
1206 3276 1237 3306 R
