<?xml version="1.0" encoding="UTF-8"?>
<!DOCTYPE html PUBLIC "-//W3C//DTD XHTML 1.0 Transitional//EN"
    "http://www.w3.org/TR/xhtml1/DTD/xhtml1-transitional.dtd">
<html xmlns="http://www.w3.org/1999/xhtml" xml:lang="en" lang="en">
 <head>
  <title>
</title>
<meta http-equiv="Content-Type" content="text/html;charset=utf-8" />
  <meta name='ocr-system' content='tesseract 3.04.00' />
  <meta name='ocr-capabilities' content='ocr_page ocr_carea ocr_par ocr_line ocrx_word'/>
</head>
<body>
  <div class='ocr_page' id='page_1' title='image "./libersthomedea8602arbruoft_0243.png"; bbox 0 0 2762 3834; ppageno 0'>
   <div class='ocr_carea' id='block_1_1' title="bbox 6 1779 16 2058">
    <p class='ocr_par' dir='ltr' id='par_1_1' title="bbox 6 1779 16 2058">
     <span class='ocr_line' id='line_1_1' title="bbox 6 1779 10 1876; baseline 0 -21"><span class='ocrx_word' id='word_1_1' title='bbox 6 1779 10 1876; x_wconf 60' lang='grc' dir='ltr'>ς</span> 
     </span>
     <span class='ocr_line' id='line_1_2' title="bbox 8 1877 11 1934; baseline 0 -14"><span class='ocrx_word' id='word_1_2' title='bbox 8 1877 11 1934; x_wconf 65' lang='grc' dir='ltr'><strong>ι</strong></span> 
     </span>
     <span class='ocr_line' id='line_1_3' title="bbox 10 1939 16 2058; baseline 0 0"><span class='ocrx_word' id='word_1_3' title='bbox 10 1939 16 2058; x_wconf 60' lang='lat' dir='ltr'>l</span> 
     </span>
    </p>
   </div>
   <div class='ocr_carea' id='block_1_2' title="bbox 618 389 2213 442">
    <p class='ocr_par' dir='ltr' id='par_1_2' title="bbox 618 389 2213 442">
     <span class='ocr_line' id='line_1_4' title="bbox 618 389 2213 442; baseline 0.003 -5"><span class='ocrx_word' id='word_1_4' title='bbox 618 389 1037 440; x_wconf 84' lang='lat' dir='ltr'>REGISTRUM</span> <span class='ocrx_word' id='word_1_5' title='bbox 1073 389 1170 439; x_wconf 91' lang='lat' dir='ltr'>DE</span> <span class='ocrx_word' id='word_1_6' title='bbox 1207 390 1763 440; x_wconf 87' lang='lat' dir='ltr'><strong>ABERBROTHOC.</strong></span> <span class='ocrx_word' id='word_1_7' title='bbox 2121 399 2213 442; x_wconf 88' lang='grc'>143</span> 
     </span>
    </p>
   </div>
   <div class='ocr_carea' id='block_1_3' title="bbox 168 518 2219 1594">
    <p class='ocr_par' dir='ltr' id='par_1_3' title="bbox 168 518 2219 1594">
     <span class='ocr_line' id='line_1_5' title="bbox 169 518 2213 572; baseline 0.002 -5"><span class='ocrx_word' id='word_1_8' title='bbox 169 518 293 568; x_wconf 87' lang='lat' dir='ltr'>Item</span> <span class='ocrx_word' id='word_1_9' title='bbox 320 520 380 568; x_wconf 90' lang='lat' dir='ltr'>de</span> <span class='ocrx_word' id='word_1_10' title='bbox 402 519 581 567; x_wconf 88' lang='lat' dir='ltr'>litteris</span> <span class='ocrx_word' id='word_1_11' title='bbox 606 520 917 568; x_wconf 87' lang='lat' dir='ltr'>fundacionis</span> <span class='ocrx_word' id='word_1_12' title='bbox 942 522 1097 570; x_wconf 83' lang='lat' dir='ltr'>nichil</span> <span class='ocrx_word' id='word_1_13' title='bbox 1121 524 1279 571; x_wconf 91' lang='lat' dir='ltr'>sciunt</span> <span class='ocrx_word' id='word_1_14' title='bbox 1304 553 1314 562; x_wconf 91' lang='lat'><strong>·</strong></span> <span class='ocrx_word' id='word_1_15' title='bbox 1342 523 1469 571; x_wconf 91' lang='lat' dir='ltr'>Item</span> <span class='ocrx_word' id='word_1_16' title='bbox 1492 524 1552 571; x_wconf 88' lang='lat' dir='ltr'>de</span> <span class='ocrx_word' id='word_1_17' title='bbox 1578 524 1852 572; x_wconf 81' lang='lat' dir='ltr'>redditibus</span> <span class='ocrx_word' id='word_1_18' title='bbox 1889 525 2017 572; x_wconf 67' lang='lat' dir='ltr'>diae</span> <span class='ocrx_word' id='word_1_19' title='bbox 2043 526 2213 571; x_wconf 90' lang='lat' dir='ltr'>domus</span> 
     </span>
     <span class='ocr_line' id='line_1_6' title="bbox 168 611 2213 680; baseline 0.001 -20"><span class='ocrx_word' id='word_1_20' title='bbox 168 612 324 661; x_wconf 88' lang='lat' dir='ltr'>nichil</span> <span class='ocrx_word' id='word_1_21' title='bbox 348 613 506 662; x_wconf 90' lang='lat' dir='ltr'>sciunt</span> <span class='ocrx_word' id='word_1_22' title='bbox 531 611 620 660; x_wconf 90' lang='lat' dir='ltr'>nisi</span> <span class='ocrx_word' id='word_1_23' title='bbox 647 614 708 661; x_wconf 91' lang='lat' dir='ltr'>de</span> <span class='ocrx_word' id='word_1_24' title='bbox 734 631 831 661; x_wconf 91' lang='lat' dir='ltr'>vno</span> <span class='ocrx_word' id='word_1_25' title='bbox 857 624 965 663; x_wconf 90' lang='lat' dir='ltr'>orto</span> <span class='ocrx_word' id='word_1_26' title='bbox 991 623 1039 663; x_wconf 88' lang='lat' dir='ltr'>et</span> <span class='ocrx_word' id='word_1_27' title='bbox 1064 633 1161 664; x_wconf 87' lang='lat' dir='ltr'>vna</span> <span class='ocrx_word' id='word_1_28' title='bbox 1197 616 1354 664; x_wconf 88' lang='lat' dir='ltr'>crofta</span> <span class='ocrx_word' id='word_1_29' title='bbox 1378 645 1388 654; x_wconf 87' lang='lat'><strong>·</strong></span> <span class='ocrx_word' id='word_1_30' title='bbox 1415 615 1539 664; x_wconf 85' lang='lat' dir='ltr'><strong>Item</strong></span> <span class='ocrx_word' id='word_1_31' title='bbox 1567 616 1627 664; x_wconf 90' lang='lat' dir='ltr'>de</span> <span class='ocrx_word' id='word_1_32' title='bbox 1652 616 1702 680; x_wconf 94' lang='lat' dir='ltr'>ly</span> <span class='ocrx_word' id='word_1_33' title='bbox 1729 615 2016 680; x_wconf 84' lang='lat' dir='ltr'>Spitalfelde</span> <span class='ocrx_word' id='word_1_34' title='bbox 2043 616 2213 664; x_wconf 88' lang='lat' dir='ltr'>dicunt</span> 
     </span>
     <span class='ocr_line' id='line_1_7' title="bbox 170 704 2213 771; baseline 0 -18"><span class='ocrx_word' id='word_1_35' title='bbox 170 705 302 769; x_wconf 90' lang='lat' dir='ltr'>quod</span> <span class='ocrx_word' id='word_1_36' title='bbox 326 722 426 752; x_wconf 92' lang='lat' dir='ltr'>non</span> <span class='ocrx_word' id='word_1_37' title='bbox 458 704 617 752; x_wconf 89' lang='lat' dir='ltr'>sciunt</span> <span class='ocrx_word' id='word_1_38' title='bbox 649 704 831 751; x_wconf 60' lang='lat' dir='ltr'>dietam</span> <span class='ocrx_word' id='word_1_39' title='bbox 866 708 1050 753; x_wconf 86' lang='lat' dir='ltr'>terrani</span> <span class='ocrx_word' id='word_1_40' title='bbox 1088 707 1180 756; x_wconf 81' lang='lat' dir='ltr'>effe</span> <span class='ocrx_word' id='word_1_41' title='bbox 1216 706 1488 755; x_wconf 57' lang='lat' dir='ltr'>distinctam</span> <span class='ocrx_word' id='word_1_42' title='bbox 1515 724 1546 755; x_wconf 87' lang='lat' dir='ltr'>a</span> <span class='ocrx_word' id='word_1_43' title='bbox 1569 707 1869 771; x_wconf 83' lang='lat' dir='ltr'>proprietate</span> <span class='ocrx_word' id='word_1_44' title='bbox 1893 708 2175 756; x_wconf 85' lang='lat' dir='ltr'>monasterii</span> <span class='ocrx_word' id='word_1_45' title='bbox 2205 737 2213 745; x_wconf 90' lang='lat'>·</span> 
     </span>
     <span class='ocr_line' id='line_1_8' title="bbox 168 796 2214 862; baseline 0.001 -18"><span class='ocrx_word' id='word_1_46' title='bbox 168 798 251 846; x_wconf 91' lang='lat' dir='ltr'>sed</span> <span class='ocrx_word' id='word_1_47' title='bbox 277 797 449 845; x_wconf 89' lang='lat' dir='ltr'>dicunt</span> <span class='ocrx_word' id='word_1_48' title='bbox 474 796 608 859; x_wconf 92' lang='lat' dir='ltr'>quod</span> <span class='ocrx_word' id='word_1_49' title='bbox 631 796 902 843; x_wconf 84' lang='lat' dir='ltr'>monachus</span> <span class='ocrx_word' id='word_1_50' title='bbox 928 797 1285 845; x_wconf 74' lang='lat' dir='ltr'>elimosinarius</span> <span class='ocrx_word' id='word_1_51' title='bbox 1313 798 1490 862; x_wconf 82' lang='lat' dir='ltr'>recipit</span> <span class='ocrx_word' id='word_1_52' title='bbox 1515 799 1768 847; x_wconf 84' lang='lat' dir='ltr'>annuatim</span> <span class='ocrx_word' id='word_1_53' title='bbox 1793 801 1914 847; x_wconf 82' lang='lat' dir='ltr'>duas</span> <span class='ocrx_word' id='word_1_54' title='bbox 1940 817 2129 848; x_wconf 83' lang='lat' dir='ltr'>marcas</span> <span class='ocrx_word' id='word_1_55' title='bbox 2155 802 2214 847; x_wconf 89' lang='lat' dir='ltr'>de</span> 
     </span>
     <span class='ocr_line' id='line_1_9' title="bbox 170 887 2213 939; baseline 0 -2"><span class='ocrx_word' id='word_1_56' title='bbox 170 889 257 937; x_wconf 89' lang='lat' dir='ltr'>illa</span> <span class='ocrx_word' id='word_1_57' title='bbox 293 898 427 937; x_wconf 88' lang='lat' dir='ltr'>terra</span> <span class='ocrx_word' id='word_1_58' title='bbox 452 917 461 927; x_wconf 93' lang='lat'><strong>·</strong></span> <span class='ocrx_word' id='word_1_59' title='bbox 489 888 615 936; x_wconf 90' lang='lat' dir='ltr'>Item</span> <span class='ocrx_word' id='word_1_60' title='bbox 655 887 1011 935; x_wconf 73' lang='lat' dir='ltr'>elimosinarius</span> <span class='ocrx_word' id='word_1_61' title='bbox 1049 888 1119 936; x_wconf 86' lang='lat' dir='ltr'>est</span> <span class='ocrx_word' id='word_1_62' title='bbox 1155 888 1422 936; x_wconf 90' lang='lat' dir='ltr'>monachus</span> <span class='ocrx_word' id='word_1_63' title='bbox 1461 890 1577 937; x_wconf 60' lang='lat' dir='ltr'>dicti</span> <span class='ocrx_word' id='word_1_64' title='bbox 1615 890 1896 938; x_wconf 89' lang='lat' dir='ltr'>monasterii</span> <span class='ocrx_word' id='word_1_65' title='bbox 1940 892 2003 938; x_wconf 86' lang='lat' dir='ltr'>ad</span> <span class='ocrx_word' id='word_1_66' title='bbox 2040 899 2213 939; x_wconf 87' lang='lat' dir='ltr'>nutum</span> 
     </span>
     <span class='ocr_line' id='line_1_10' title="bbox 171 964 2214 1046; baseline -0 -17"><span class='ocrx_word' id='word_1_67' title='bbox 171 980 361 1029; x_wconf 88' lang='lat' dir='ltr'>abbatis</span> <span class='ocrx_word' id='word_1_68' title='bbox 382 964 436 1028; x_wconf 53' lang='lat' dir='ltr'>⁸et</span> <span class='ocrx_word' id='word_1_69' title='bbox 461 986 735 1028; x_wconf 88' lang='lat' dir='ltr'>conuentus</span> <span class='ocrx_word' id='word_1_70' title='bbox 761 985 952 1026; x_wconf 87' lang='lat' dir='ltr'>amotus</span> <span class='ocrx_word' id='word_1_71' title='bbox 977 987 1026 1027; x_wconf 89' lang='lat' dir='ltr'>et</span> <span class='ocrx_word' id='word_1_72' title='bbox 1051 979 1231 1026; x_wconf 64' lang='lat' dir='ltr'>electus</span> <span class='ocrx_word' id='word_1_73' title='bbox 1254 1007 1263 1016; x_wconf 93' lang='lat'>·</span> <span class='ocrx_word' id='word_1_74' title='bbox 1288 978 1413 1027; x_wconf 91' lang='lat' dir='ltr'>Item</span> <span class='ocrx_word' id='word_1_75' title='bbox 1438 981 1568 1028; x_wconf 66' lang='lat' dir='ltr'>dicta</span> <span class='ocrx_word' id='word_1_76' title='bbox 1590 982 1761 1029; x_wconf 91' lang='lat' dir='ltr'>domus</span> <span class='ocrx_word' id='word_1_77' title='bbox 1787 982 1856 1030; x_wconf 78' lang='lat' dir='ltr'>est</span> <span class='ocrx_word' id='word_1_78' title='bbox 1879 990 2214 1046; x_wconf 86' lang='lat' dir='ltr'>competenter</span> 
     </span>
     <span class='ocr_line' id='line_1_11' title="bbox 172 1069 2215 1138; baseline 0 -17"><span class='ocrx_word' id='word_1_79' title='bbox 172 1073 401 1121; x_wconf 87' lang='lat' dir='ltr'>edificata</span> <span class='ocrx_word' id='word_1_80' title='bbox 424 1079 473 1120; x_wconf 88' lang='lat' dir='ltr'>et</span> <span class='ocrx_word' id='word_1_81' title='bbox 497 1070 689 1135; x_wconf 85' lang='lat' dir='ltr'>capella</span> <span class='ocrx_word' id='word_1_82' title='bbox 714 1071 841 1118; x_wconf 92' lang='lat' dir='ltr'>bene</span> <span class='ocrx_word' id='word_1_83' title='bbox 867 1077 1042 1117; x_wconf 86' lang='lat' dir='ltr'>ornata</span> <span class='ocrx_word' id='word_1_84' title='bbox 1067 1098 1076 1107; x_wconf 93' lang='lat'><em>·</em></span> <span class='ocrx_word' id='word_1_85' title='bbox 1104 1069 1229 1117; x_wconf 84' lang='lat' dir='ltr'>Item</span> <span class='ocrx_word' id='word_1_86' title='bbox 1262 1088 1414 1134; x_wconf 86' lang='lat' dir='ltr'>quare</span> <span class='ocrx_word' id='word_1_87' title='bbox 1439 1072 1571 1120; x_wconf 69' lang='lat' dir='ltr'>dicta</span> <span class='ocrx_word' id='word_1_88' title='bbox 1605 1074 1776 1121; x_wconf 88' lang='lat' dir='ltr'>domus</span> <span class='ocrx_word' id='word_1_89' title='bbox 1813 1082 1861 1122; x_wconf 90' lang='lat' dir='ltr'>et</span> <span class='ocrx_word' id='word_1_90' title='bbox 1895 1073 2084 1138; x_wconf 88' lang='lat' dir='ltr'>capella</span> <span class='ocrx_word' id='word_1_91' title='bbox 2106 1075 2215 1121; x_wconf 87' lang='lat' dir='ltr'>sunt</span> 
     </span>
     <span class='ocr_line' id='line_1_12' title="bbox 172 1161 2214 1228; baseline 0 -16"><span class='ocrx_word' id='word_1_92' title='bbox 172 1164 398 1212; x_wconf 85' lang='lat' dir='ltr'>edificate</span> <span class='ocrx_word' id='word_1_93' title='bbox 437 1170 578 1211; x_wconf 79' lang='lat' dir='ltr'>extra</span> <span class='ocrx_word' id='word_1_94' title='bbox 615 1161 967 1209; x_wconf 88' lang='lat' dir='ltr'>monasterium</span> <span class='ocrx_word' id='word_1_95' title='bbox 994 1161 1165 1209; x_wconf 92' lang='lat' dir='ltr'>dicunt</span> <span class='ocrx_word' id='word_1_96' title='bbox 1204 1163 1335 1225; x_wconf 90' lang='lat' dir='ltr'>quod</span> <span class='ocrx_word' id='word_1_97' title='bbox 1372 1164 1595 1212; x_wconf 88' lang='lat' dir='ltr'>nesciunt</span> <span class='ocrx_word' id='word_1_98' title='bbox 1633 1166 1822 1213; x_wconf 89' lang='lat' dir='ltr'>causam</span> <span class='ocrx_word' id='word_1_99' title='bbox 1855 1165 1943 1212; x_wconf 88' lang='lat' dir='ltr'>nisi</span> <span class='ocrx_word' id='word_1_100' title='bbox 1981 1166 2112 1228; x_wconf 92' lang='lat' dir='ltr'>quod</span> <span class='ocrx_word' id='word_1_101' title='bbox 2151 1165 2214 1213; x_wconf 87' lang='lat' dir='ltr'>sic</span> 
     </span>
     <span class='ocr_line' id='line_1_13' title="bbox 172 1252 2215 1320; baseline 0 -16"><span class='ocrx_word' id='word_1_102' title='bbox 172 1256 359 1320; x_wconf 90' lang='lat' dir='ltr'>placuit</span> <span class='ocrx_word' id='word_1_103' title='bbox 401 1255 770 1304; x_wconf 88' lang='lat' dir='ltr'>edificatoribus</span> <span class='ocrx_word' id='word_1_104' title='bbox 814 1281 822 1290; x_wconf 97' lang='lat'>·</span> <span class='ocrx_word' id='word_1_105' title='bbox 866 1252 989 1302; x_wconf 89' lang='lat' dir='ltr'>Item</span> <span class='ocrx_word' id='word_1_106' title='bbox 1036 1254 1097 1300; x_wconf 89' lang='lat' dir='ltr'>de</span> <span class='ocrx_word' id='word_1_107' title='bbox 1138 1253 1268 1300; x_wconf 85' lang='lat' dir='ltr'>fama</span> <span class='ocrx_word' id='word_1_108' title='bbox 1309 1254 1506 1317; x_wconf 88' lang='lat' dir='ltr'>publica</span> <span class='ocrx_word' id='word_1_109' title='bbox 1547 1256 1678 1318; x_wconf 92' lang='lat' dir='ltr'>quod</span> <span class='ocrx_word' id='word_1_110' title='bbox 1720 1256 1848 1304; x_wconf 51' lang='lat' dir='ltr'>dista</span> <span class='ocrx_word' id='word_1_111' title='bbox 1889 1257 2059 1304; x_wconf 91' lang='lat' dir='ltr'>domus</span> <span class='ocrx_word' id='word_1_112' title='bbox 2101 1256 2215 1304; x_wconf 73' lang='lat' dir='ltr'>esset</span> 
     </span>
     <span class='ocr_line' id='line_1_14' title="bbox 174 1344 2215 1411; baseline -0 -15"><span class='ocrx_word' id='word_1_113' title='bbox 174 1348 362 1411; x_wconf 84' lang='lat' dir='ltr'>equalis</span> <span class='ocrx_word' id='word_1_114' title='bbox 400 1347 451 1394; x_wconf 94' lang='lat' dir='ltr'>in</span> <span class='ocrx_word' id='word_1_115' title='bbox 489 1344 851 1410; x_wconf 77' lang='lat' dir='ltr'>possessionibus</span> <span class='ocrx_word' id='word_1_116' title='bbox 894 1344 1015 1393; x_wconf 87' lang='lat' dir='ltr'>sicut</span> <span class='ocrx_word' id='word_1_117' title='bbox 1054 1344 1360 1408; x_wconf 86' lang='lat' dir='ltr'>episcopatus</span> <span class='ocrx_word' id='word_1_118' title='bbox 1396 1345 1735 1394; x_wconf 87' lang='lat' dir='ltr'>Brechinensis</span> <span class='ocrx_word' id='word_1_119' title='bbox 1761 1347 1931 1395; x_wconf 88' lang='lat' dir='ltr'>dicunt</span> <span class='ocrx_word' id='word_1_120' title='bbox 1969 1349 2099 1410; x_wconf 90' lang='lat' dir='ltr'>quod</span> <span class='ocrx_word' id='word_1_121' title='bbox 2122 1348 2215 1394; x_wconf 85' lang='lat' dir='ltr'>hoc</span> 
     </span>
     <span class='ocr_line' id='line_1_15' title="bbox 174 1435 2216 1502; baseline 0 -16"><span class='ocrx_word' id='word_1_122' title='bbox 174 1456 454 1502; x_wconf 89' lang='lat' dir='ltr'>nuncquam</span> <span class='ocrx_word' id='word_1_123' title='bbox 474 1438 725 1486; x_wconf 85' lang='lat' dir='ltr'>sciuerunt</span> <span class='ocrx_word' id='word_1_124' title='bbox 743 1453 836 1484; x_wconf 89' lang='lat' dir='ltr'>nec</span> <span class='ocrx_word' id='word_1_125' title='bbox 856 1454 885 1484; x_wconf 90' lang='lat' dir='ltr'>a</span> <span class='ocrx_word' id='word_1_126' title='bbox 906 1435 1233 1500; x_wconf 88' lang='lat' dir='ltr'>prudentibus</span> <span class='ocrx_word' id='word_1_127' title='bbox 1258 1444 1343 1484; x_wconf 89' lang='lat' dir='ltr'>aut</span> <span class='ocrx_word' id='word_1_128' title='bbox 1368 1438 1630 1485; x_wconf 88' lang='lat' dir='ltr'>autenticis</span> <span class='ocrx_word' id='word_1_129' title='bbox 1654 1438 1870 1501; x_wconf 89' lang='lat' dir='ltr'>personis</span> <span class='ocrx_word' id='word_1_130' title='bbox 1896 1439 2216 1486; x_wconf 85' lang='lat' dir='ltr'>audiuerunt·</span> 
     </span>
     <span class='ocr_line' id='line_1_16' title="bbox 174 1527 2219 1594; baseline -0 -16"><span class='ocrx_word' id='word_1_131' title='bbox 174 1530 299 1579; x_wconf 91' lang='lat' dir='ltr'>Item</span> <span class='ocrx_word' id='word_1_132' title='bbox 325 1531 386 1578; x_wconf 91' lang='lat' dir='ltr'>de</span> <span class='ocrx_word' id='word_1_133' title='bbox 412 1530 637 1578; x_wconf 88' lang='lat' dir='ltr'>omnibus</span> <span class='ocrx_word' id='word_1_134' title='bbox 663 1529 885 1577; x_wconf 87' lang='lat' dir='ltr'>referunt</span> <span class='ocrx_word' id='word_1_135' title='bbox 914 1529 962 1576; x_wconf 85' lang='lat' dir='ltr'>se</span> <span class='ocrx_word' id='word_1_136' title='bbox 994 1527 1172 1576; x_wconf 87' lang='lat' dir='ltr'>litteris</span> <span class='ocrx_word' id='word_1_137' title='bbox 1196 1528 1549 1577; x_wconf 88' lang='lat' dir='ltr'>fundacionum</span> <span class='ocrx_word' id='word_1_138' title='bbox 1575 1529 1692 1576; x_wconf 70' lang='lat' dir='ltr'>diffi</span> <span class='ocrx_word' id='word_1_139' title='bbox 1718 1529 1996 1578; x_wconf 87' lang='lat' dir='ltr'>monasterii</span> <span class='ocrx_word' id='word_1_140' title='bbox 2024 1562 2032 1571; x_wconf 89' lang='lat'>-</span> <span class='ocrx_word' id='word_1_141' title='bbox 2062 1530 2219 1594; x_wconf 81' lang='lat' dir='ltr'>Super</span> 
     </span>
    </p>
   </div>
   <div class='ocr_carea' id='block_1_4' title="bbox 174 1619 2222 1869">
    <p class='ocr_par' dir='ltr' id='par_1_4' title="bbox 174 1619 2222 1869">
     <span class='ocr_line' id='line_1_17' title="bbox 174 1619 2218 1686; baseline -0.001 -16"><span class='ocrx_word' id='word_1_142' title='bbox 174 1623 350 1686; x_wconf 90' lang='lat' dir='ltr'>quibus</span> <span class='ocrx_word' id='word_1_143' title='bbox 379 1660 389 1670; x_wconf 88' lang='lat'>.</span> <span class='ocrx_word' id='word_1_144' title='bbox 419 1660 429 1669; x_wconf 87' lang='lat'><strong><em>.</em></strong></span> <span class='ocrx_word' id='word_1_145' title='bbox 459 1660 469 1669; x_wconf 90' lang='lat'><strong>.</strong></span> <span class='ocrx_word' id='word_1_146' title='bbox 497 1621 650 1670; x_wconf 83' lang='lat' dir='ltr'>frater</span> <span class='ocrx_word' id='word_1_147' title='bbox 671 1620 954 1669; x_wconf 90' lang='lat' dir='ltr'>Willelmus</span> <span class='ocrx_word' id='word_1_148' title='bbox 979 1636 1068 1684; x_wconf 90' lang='lat' dir='ltr'>per</span> <span class='ocrx_word' id='word_1_149' title='bbox 1091 1636 1167 1666; x_wconf 90' lang='lat' dir='ltr'>me</span> <span class='ocrx_word' id='word_1_150' title='bbox 1195 1659 1202 1668; x_wconf 89' lang='lat'><em>.</em></span> <span class='ocrx_word' id='word_1_151' title='bbox 1233 1659 1241 1667; x_wconf 92' lang='lat'><strong>.</strong></span> <span class='ocrx_word' id='word_1_152' title='bbox 1269 1619 1382 1668; x_wconf 80' lang='lat' dir='ltr'>‚fibi</span> <span class='ocrx_word' id='word_1_153' title='bbox 1406 1620 1514 1668; x_wconf 87' lang='lat' dir='ltr'>fieri</span> <span class='ocrx_word' id='word_1_154' title='bbox 1539 1621 1690 1684; x_wconf 90' lang='lat' dir='ltr'>peciit</span> <span class='ocrx_word' id='word_1_155' title='bbox 1714 1661 1722 1668; x_wconf 95' lang='lat'><em>.</em></span> <span class='ocrx_word' id='word_1_156' title='bbox 1749 1660 1757 1668; x_wconf 91' lang='lat'>.</span> <span class='ocrx_word' id='word_1_157' title='bbox 1786 1660 1793 1668; x_wconf 94' lang='lat'>.</span> <span class='ocrx_word' id='word_1_158' title='bbox 1819 1621 2218 1669; x_wconf 87' lang='lat' dir='ltr'>instrumentum-</span> 
     </span>
     <span class='ocr_line' id='line_1_18' title="bbox 175 1712 2220 1777; baseline -0.001 -15"><span class='ocrx_word' id='word_1_159' title='bbox 175 1716 301 1762; x_wconf 66' lang='lat' dir='ltr'>Ae&#39;ta</span> <span class='ocrx_word' id='word_1_160' title='bbox 338 1715 540 1762; x_wconf 88' lang='lat' dir='ltr'>fuerunt</span> <span class='ocrx_word' id='word_1_161' title='bbox 578 1714 668 1762; x_wconf 90' lang='lat' dir='ltr'>hec</span> <span class='ocrx_word' id='word_1_162' title='bbox 704 1752 712 1761; x_wconf 94' lang='lat'><strong><em>.</em></strong></span> <span class='ocrx_word' id='word_1_163' title='bbox 751 1752 760 1761; x_wconf 89' lang='lat'><strong>.</strong></span> <span class='ocrx_word' id='word_1_164' title='bbox 798 1753 806 1761; x_wconf 89' lang='lat'>.</span> <span class='ocrx_word' id='word_1_165' title='bbox 844 1714 895 1761; x_wconf 90' lang='lat' dir='ltr'>in</span> <span class='ocrx_word' id='word_1_166' title='bbox 938 1713 1052 1761; x_wconf 86' lang='lat' dir='ltr'>aula</span> <span class='ocrx_word' id='word_1_167' title='bbox 1094 1712 1283 1761; x_wconf 84' lang='lat' dir='ltr'>abbatis</span> <span class='ocrx_word' id='word_1_168' title='bbox 1318 1751 1327 1760; x_wconf 90' lang='lat'><strong>.</strong></span> <span class='ocrx_word' id='word_1_169' title='bbox 1368 1752 1376 1760; x_wconf 92' lang='lat'><strong>.</strong></span> <span class='ocrx_word' id='word_1_170' title='bbox 1414 1751 1422 1760; x_wconf 93' lang='lat'><strong><em>.</em></strong></span> <span class='ocrx_word' id='word_1_171' title='bbox 1462 1712 1768 1776; x_wconf 89' lang='lat' dir='ltr'>presentibus</span> <span class='ocrx_word' id='word_1_172' title='bbox 1815 1752 1822 1760; x_wconf 94' lang='lat'>.</span> <span class='ocrx_word' id='word_1_173' title='bbox 1874 1752 1881 1760; x_wconf 92' lang='lat'><strong>.</strong></span> <span class='ocrx_word' id='word_1_174' title='bbox 1934 1750 1944 1760; x_wconf 94' lang='lat'><strong>.</strong></span> <span class='ocrx_word' id='word_1_175' title='bbox 1992 1713 2220 1777; x_wconf 84' lang='lat' dir='ltr'>magistro</span> 
     </span>
     <span class='ocr_line' id='line_1_19' title="bbox 178 1804 2222 1869; baseline -0.002 -13"><span class='ocrx_word' id='word_1_176' title='bbox 178 1807 395 1856; x_wconf 83' lang='lat' dir='ltr'>Ricardo</span> <span class='ocrx_word' id='word_1_177' title='bbox 421 1806 616 1856; x_wconf 87' lang='lat' dir='ltr'>Guthre</span> <span class='ocrx_word' id='word_1_178' title='bbox 649 1806 784 1853; x_wconf 87' lang='lat' dir='ltr'>sacre</span> <span class='ocrx_word' id='word_1_179' title='bbox 821 1806 1069 1867; x_wconf 83' lang='lat' dir='ltr'>theologie</span> <span class='ocrx_word' id='word_1_180' title='bbox 1105 1804 1370 1868; x_wconf 80' lang='lat' dir='ltr'>professore</span> <span class='ocrx_word' id='word_1_181' title='bbox 1413 1841 1422 1852; x_wconf 91' lang='lat'>.</span> <span class='ocrx_word' id='word_1_182' title='bbox 1461 1843 1469 1852; x_wconf 88' lang='lat'><strong>.</strong></span> <span class='ocrx_word' id='word_1_183' title='bbox 1508 1844 1516 1852; x_wconf 93' lang='lat'><strong><em>.</em></strong></span> <span class='ocrx_word' id='word_1_184' title='bbox 1553 1804 1587 1852; x_wconf 84' lang='lat' dir='ltr'>J</span> <span class='ocrx_word' id='word_1_185' title='bbox 1592 1804 1784 1852; x_wconf 88' lang='lat' dir='ltr'>ohanne</span> <span class='ocrx_word' id='word_1_186' title='bbox 1812 1804 2035 1869; x_wconf 85' lang='lat' dir='ltr'>Grahym</span> <span class='ocrx_word' id='word_1_187' title='bbox 2059 1805 2222 1868; x_wconf 86' lang='lat' dir='ltr'>priore</span> 
     </span>
    </p>
   </div>
   <div class='ocr_carea' id='block_1_5' title="bbox 178 1895 2223 2132">
    <p class='ocr_par' dir='ltr' id='par_1_5' title="bbox 178 1895 2223 2132">
     <span class='ocr_line' id='line_1_20' title="bbox 178 1895 2223 1962; baseline -0.002 -15"><span class='ocrx_word' id='word_1_188' title='bbox 178 1899 453 1962; x_wconf 64' lang='lat' dir='ltr'>supradifim</span> <span class='ocrx_word' id='word_1_189' title='bbox 482 1926 490 1935; x_wconf 92' lang='lat'><strong>·</strong></span> <span class='ocrx_word' id='word_1_190' title='bbox 518 1897 748 1961; x_wconf 86' lang='lat' dir='ltr'>magistro</span> <span class='ocrx_word' id='word_1_191' title='bbox 784 1896 817 1945; x_wconf 83' lang='lat' dir='ltr'>J</span> <span class='ocrx_word' id='word_1_192' title='bbox 823 1897 1016 1946; x_wconf 87' lang='lat' dir='ltr'>ohanne</span> <span class='ocrx_word' id='word_1_193' title='bbox 1057 1896 1211 1946; x_wconf 81' lang='lat' dir='ltr'>Clerk</span> <span class='ocrx_word' id='word_1_194' title='bbox 1250 1899 1440 1945; x_wconf 67' lang='lat' dir='ltr'>re&amp;ore</span> <span class='ocrx_word' id='word_1_195' title='bbox 1477 1897 1537 1944; x_wconf 89' lang='lat' dir='ltr'>de</span> <span class='ocrx_word' id='word_1_196' title='bbox 1570 1896 1708 1961; x_wconf 82' lang='lat' dir='ltr'>Logy</span> <span class='ocrx_word' id='word_1_197' title='bbox 1735 1924 1744 1934; x_wconf 93' lang='lat'><strong>·</strong></span> <span class='ocrx_word' id='word_1_198' title='bbox 1771 1895 1986 1944; x_wconf 88' lang='lat' dir='ltr'>Patricio</span> <span class='ocrx_word' id='word_1_199' title='bbox 2020 1896 2223 1960; x_wconf 72' lang='lat' dir='ltr'>Gardyn</span> 
     </span>
     <span class='ocr_line' id='line_1_21' title="bbox 183 1988 2103 2055; baseline -0.003 -16"><span class='ocrx_word' id='word_1_200' title='bbox 183 1993 245 2039; x_wconf 91' lang='lat' dir='ltr'>de</span> <span class='ocrx_word' id='word_1_201' title='bbox 272 1991 442 2039; x_wconf 90' lang='lat' dir='ltr'>eodem</span> <span class='ocrx_word' id='word_1_202' title='bbox 467 2019 476 2029; x_wconf 91' lang='lat'><strong>·</strong></span> <span class='ocrx_word' id='word_1_203' title='bbox 498 1999 547 2039; x_wconf 91' lang='lat' dir='ltr'>et</span> <span class='ocrx_word' id='word_1_204' title='bbox 570 1989 804 2055; x_wconf 84' lang='lat' dir='ltr'>magistro</span> <span class='ocrx_word' id='word_1_205' title='bbox 832 1989 1029 2037; x_wconf 87' lang='lat' dir='ltr'>Thoma</span> <span class='ocrx_word' id='word_1_206' title='bbox 1052 1988 1322 2054; x_wconf 90' lang='lat' dir='ltr'>Dekysoun</span> <span class='ocrx_word' id='word_1_207' title='bbox 1349 1989 1399 2036; x_wconf 88' lang='lat' dir='ltr'>in</span> <span class='ocrx_word' id='word_1_208' title='bbox 1425 1989 1635 2037; x_wconf 88' lang='lat' dir='ltr'>decretis</span> <span class='ocrx_word' id='word_1_209' title='bbox 1658 1988 1958 2038; x_wconf 82' lang='lat' dir='ltr'>bachallario</span> <span class='ocrx_word' id='word_1_210' title='bbox 1996 2027 2003 2035; x_wconf 93' lang='lat'>.</span> <span class='ocrx_word' id='word_1_211' title='bbox 2042 2027 2049 2035; x_wconf 92' lang='lat'><strong>.</strong></span> <span class='ocrx_word' id='word_1_212' title='bbox 2094 2026 2103 2034; x_wconf 94' lang='lat'>.</span> 
     </span>
     <span class='ocr_line' id='line_1_22' title="bbox 249 2082 1386 2132; baseline -0.003 -1"><span class='ocrx_word' id='word_1_213' title='bbox 249 2083 536 2132; x_wconf 85' lang='lat' dir='ltr'>Alexander</span> <span class='ocrx_word' id='word_1_214' title='bbox 564 2082 863 2130; x_wconf 84' lang='lat' dir='ltr'>Thorntoun</span> <span class='ocrx_word' id='word_1_215' title='bbox 901 2122 909 2130; x_wconf 92' lang='lat'>.</span> <span class='ocrx_word' id='word_1_216' title='bbox 949 2122 957 2130; x_wconf 93' lang='lat'><strong><em>.</em></strong></span> <span class='ocrx_word' id='word_1_217' title='bbox 998 2121 1006 2130; x_wconf 91' lang='lat'><strong>.</strong></span> <span class='ocrx_word' id='word_1_218' title='bbox 1044 2082 1268 2131; x_wconf 86' lang='lat' dir='ltr'>notarius</span> <span class='ocrx_word' id='word_1_219' title='bbox 1297 2120 1306 2129; x_wconf 85' lang='lat'><strong>.</strong></span> <span class='ocrx_word' id='word_1_220' title='bbox 1338 2119 1347 2129; x_wconf 91' lang='lat'><strong>.</strong></span> <span class='ocrx_word' id='word_1_221' title='bbox 1377 2119 1386 2128; x_wconf 89' lang='lat'>.</span> 
     </span>
    </p>
   </div>
   <div class='ocr_carea' id='block_1_6' title="bbox 148 2337 2225 2500">
    <p class='ocr_par' dir='ltr' id='par_1_6' title="bbox 148 2337 2225 2500">
     <span class='ocr_line' id='line_1_23' title="bbox 148 2337 2225 2426; baseline -0.004 -18"><span class='ocrx_word' id='word_1_222' title='bbox 148 2337 351 2426; x_wconf 39' lang='lat' dir='ltr'>sQuod</span> <span class='ocrx_word' id='word_1_223' title='bbox 386 2359 577 2407; x_wconf 90' lang='lat' dir='ltr'>decime</span> <span class='ocrx_word' id='word_1_224' title='bbox 614 2359 674 2406; x_wconf 91' lang='lat' dir='ltr'>de</span> <span class='ocrx_word' id='word_1_225' title='bbox 716 2358 981 2407; x_wconf 86' lang='lat' dir='ltr'>Tasilcroft</span> <span class='ocrx_word' id='word_1_226' title='bbox 1016 2358 1069 2405; x_wconf 90' lang='lat' dir='ltr'>in</span> <span class='ocrx_word' id='word_1_227' title='bbox 1100 2356 1348 2405; x_wconf 90' lang='lat' dir='ltr'>Abirellot</span> <span class='ocrx_word' id='word_1_228' title='bbox 1384 2356 1635 2419; x_wconf 86' lang='lat' dir='ltr'>pertinent</span> <span class='ocrx_word' id='word_1_229' title='bbox 1670 2353 1962 2402; x_wconf 86' lang='lat' dir='ltr'>monasterio</span> <span class='ocrx_word' id='word_1_230' title='bbox 1995 2355 2054 2401; x_wconf 89' lang='lat' dir='ltr'>de</span> <span class='ocrx_word' id='word_1_231' title='bbox 2081 2354 2225 2401; x_wconf 90' lang='lat' dir='ltr'>Abir—</span> 
     </span>
     <span class='ocr_line' id='line_1_24' title="bbox 182 2451 406 2500; baseline 0 0"><span class='ocrx_word' id='word_1_232' title='bbox 182 2451 406 2500; x_wconf 90' lang='lat' dir='ltr'>brothoc.</span> 
     </span>
    </p>
   </div>
   <div class='ocr_carea' id='block_1_7' title="bbox 47 2614 2227 2695">
    <p class='ocr_par' dir='ltr' id='par_1_7' title="bbox 47 2614 2227 2695">
     <span class='ocr_line' id='line_1_25' title="bbox 47 2614 2227 2695; baseline -0.005 -12"><span class='ocrx_word' id='word_1_233' title='bbox 47 2635 126 2685; x_wconf 88' lang='lat'>161</span> <span class='ocrx_word' id='word_1_234' title='bbox 187 2614 260 2685; x_wconf 83' lang='lat' dir='ltr'>In</span> <span class='ocrx_word' id='word_1_235' title='bbox 296 2636 495 2684; x_wconf 90' lang='lat' dir='ltr'>nomine</span> <span class='ocrx_word' id='word_1_236' title='bbox 532 2635 739 2683; x_wconf 89' lang='lat' dir='ltr'>Domini</span> <span class='ocrx_word' id='word_1_237' title='bbox 776 2649 919 2682; x_wconf 88' lang='lat' dir='ltr'>amen</span> <span class='ocrx_word' id='word_1_238' title='bbox 945 2660 954 2669; x_wconf 94' lang='lat'><strong>·</strong></span> <span class='ocrx_word' id='word_1_239' title='bbox 980 2632 1076 2680; x_wconf 87' lang='lat' dir='ltr'>Per</span> <span class='ocrx_word' id='word_1_240' title='bbox 1110 2631 1204 2679; x_wconf 87' lang='lat' dir='ltr'>hoc</span> <span class='ocrx_word' id='word_1_241' title='bbox 1233 2668 1242 2678; x_wconf 92' lang='lat'><strong>.</strong></span> <span class='ocrx_word' id='word_1_242' title='bbox 1272 2668 1282 2678; x_wconf 92' lang='lat'>.</span> <span class='ocrx_word' id='word_1_243' title='bbox 1312 2668 1322 2678; x_wconf 94' lang='lat'><strong><em>.</em></strong></span> <span class='ocrx_word' id='word_1_244' title='bbox 1348 2638 1515 2695; x_wconf 89' lang='lat' dir='ltr'>pateat</span> <span class='ocrx_word' id='word_1_245' title='bbox 1550 2668 1560 2677; x_wconf 90' lang='lat'><strong>.</strong></span> <span class='ocrx_word' id='word_1_246' title='bbox 1599 2667 1608 2677; x_wconf 94' lang='lat'><strong>.</strong></span> <span class='ocrx_word' id='word_1_247' title='bbox 1642 2667 1652 2677; x_wconf 90' lang='lat'><strong>.</strong></span> <span class='ocrx_word' id='word_1_248' title='bbox 1690 2630 1821 2694; x_wconf 92' lang='lat' dir='ltr'>quod</span> <span class='ocrx_word' id='word_1_249' title='bbox 1851 2645 1980 2676; x_wconf 89' lang='lat' dir='ltr'>anno</span> <span class='ocrx_word' id='word_1_250' title='bbox 2005 2628 2227 2675; x_wconf 83' lang='lat' dir='ltr'>incarna—</span> 
     </span>
    </p>
   </div>
   <div class='ocr_carea' id='block_1_8' title="bbox 187 2720 2227 3247">
    <p class='ocr_par' dir='ltr' id='par_1_8' title="bbox 187 2720 2227 3247">
     <span class='ocr_line' id='line_1_26' title="bbox 187 2720 2226 2789; baseline -0.006 -12"><span class='ocrx_word' id='word_1_251' title='bbox 187 2729 341 2777; x_wconf 89' lang='lat' dir='ltr'>cionis</span> <span class='ocrx_word' id='word_1_252' title='bbox 373 2726 619 2775; x_wconf 89' lang='lat' dir='ltr'>dominice</span> <span class='ocrx_word' id='word_1_253' title='bbox 655 2725 910 2774; x_wconf 82' lang='lat' dir='ltr'>millesimo</span> <span class='ocrx_word' id='word_1_254' title='bbox 947 2722 1430 2789; x_wconf 86' lang='lat' dir='ltr'>quadringentesimo</span> <span class='ocrx_word' id='word_1_255' title='bbox 1453 2721 1746 2787; x_wconf 84' lang='lat' dir='ltr'>sexagesimo</span> <span class='ocrx_word' id='word_1_256' title='bbox 1773 2722 1945 2784; x_wconf 91' lang='lat' dir='ltr'>quinto</span> <span class='ocrx_word' id='word_1_257' title='bbox 1968 2747 1977 2756; x_wconf 92' lang='lat'><strong>·</strong></span> <span class='ocrx_word' id='word_1_258' title='bbox 2003 2720 2080 2767; x_wconf 91' lang='lat' dir='ltr'>die</span> <span class='ocrx_word' id='word_1_259' title='bbox 2114 2735 2226 2765; x_wconf 89' lang='lat' dir='ltr'>vero</span> 
     </span>
     <span class='ocr_line' id='line_1_27' title="bbox 187 2811 2227 2883; baseline -0.005 -15"><span class='ocrx_word' id='word_1_260' title='bbox 187 2819 360 2868; x_wconf 87' lang='lat' dir='ltr'>mensis</span> <span class='ocrx_word' id='word_1_261' title='bbox 397 2819 589 2883; x_wconf 89' lang='lat' dir='ltr'>Aprilis</span> <span class='ocrx_word' id='word_1_262' title='bbox 625 2817 797 2866; x_wconf 87' lang='lat' dir='ltr'>vltima</span> <span class='ocrx_word' id='word_1_263' title='bbox 834 2845 844 2855; x_wconf 93' lang='lat'><strong>·</strong></span> <span class='ocrx_word' id='word_1_264' title='bbox 882 2817 1151 2864; x_wconf 69' lang='lat' dir='ltr'>indiffione</span> <span class='ocrx_word' id='word_1_265' title='bbox 1187 2817 1381 2865; x_wconf 88' lang='lat' dir='ltr'>decima</span> <span class='ocrx_word' id='word_1_266' title='bbox 1415 2817 1569 2865; x_wconf 90' lang='lat' dir='ltr'>tercia</span> <span class='ocrx_word' id='word_1_267' title='bbox 1596 2846 1605 2856; x_wconf 92' lang='lat'><strong>·</strong></span> <span class='ocrx_word' id='word_1_268' title='bbox 1630 2815 1944 2880; x_wconf 85' lang='lat' dir='ltr'>pontificatus</span> <span class='ocrx_word' id='word_1_269' title='bbox 1972 2850 1982 2861; x_wconf 88' lang='lat'><strong>.</strong></span> <span class='ocrx_word' id='word_1_270' title='bbox 2012 2850 2021 2860; x_wconf 94' lang='lat'><strong><em>.</em></strong></span> <span class='ocrx_word' id='word_1_271' title='bbox 2051 2850 2061 2858; x_wconf 93' lang='lat'><strong>.</strong></span> <span class='ocrx_word' id='word_1_272' title='bbox 2088 2811 2227 2860; x_wconf 90' lang='lat' dir='ltr'>Pauli</span> 
     </span>
     <span class='ocr_line' id='line_1_28' title="bbox 191 2906 2226 2976; baseline -0.004 -17"><span class='ocrx_word' id='word_1_273' title='bbox 191 2949 202 2959; x_wconf 89' lang='lat'><strong>.</strong></span> <span class='ocrx_word' id='word_1_274' title='bbox 246 2949 256 2959; x_wconf 92' lang='lat'>.</span> <span class='ocrx_word' id='word_1_275' title='bbox 300 2949 310 2959; x_wconf 92' lang='lat'><strong>.</strong></span> <span class='ocrx_word' id='word_1_276' title='bbox 352 2928 479 2976; x_wconf 86' lang='lat' dir='ltr'>pape</span> <span class='ocrx_word' id='word_1_277' title='bbox 524 2910 726 2958; x_wconf 89' lang='lat' dir='ltr'>secundi</span> <span class='ocrx_word' id='word_1_278' title='bbox 774 2926 904 2958; x_wconf 88' lang='lat' dir='ltr'>anno</span> <span class='ocrx_word' id='word_1_279' title='bbox 948 2909 1110 2972; x_wconf 89' lang='lat' dir='ltr'>primo</span> <span class='ocrx_word' id='word_1_280' title='bbox 1154 2948 1162 2955; x_wconf 91' lang='lat'>.</span> <span class='ocrx_word' id='word_1_281' title='bbox 1209 2946 1218 2966; x_wconf 71' lang='lat'>,</span> <span class='ocrx_word' id='word_1_282' title='bbox 1263 2946 1273 2956; x_wconf 89' lang='lat'><strong>.</strong></span> <span class='ocrx_word' id='word_1_283' title='bbox 1319 2909 1592 2956; x_wconf 88' lang='lat' dir='ltr'>Malcomus</span> <span class='ocrx_word' id='word_1_284' title='bbox 1643 2945 1652 2954; x_wconf 93' lang='lat'><strong><em>.</em></strong></span> <span class='ocrx_word' id='word_1_285' title='bbox 1705 2944 1715 2954; x_wconf 91' lang='lat'><strong>.</strong></span> <span class='ocrx_word' id='word_1_286' title='bbox 1767 2943 1776 2954; x_wconf 92' lang='lat'>.</span> <span class='ocrx_word' id='word_1_287' title='bbox 1827 2906 1976 2954; x_wconf 87' lang='lat' dir='ltr'>abbas</span> <span class='ocrx_word' id='word_1_288' title='bbox 2016 2942 2026 2951; x_wconf 92' lang='lat'>.</span> <span class='ocrx_word' id='word_1_289' title='bbox 2070 2942 2079 2951; x_wconf 92' lang='lat'>.</span> <span class='ocrx_word' id='word_1_290' title='bbox 2120 2941 2129 2951; x_wconf 90' lang='lat'><strong>.</strong></span> <span class='ocrx_word' id='word_1_291' title='bbox 2170 2907 2226 2950; x_wconf 87' lang='lat' dir='ltr'>de</span> 
     </span>
     <span class='ocr_line' id='line_1_29' title="bbox 190 2996 2227 3064; baseline -0.005 -12"><span class='ocrx_word' id='word_1_292' title='bbox 190 3004 523 3052; x_wconf 91' lang='lat' dir='ltr'>Abirbrothoc</span> <span class='ocrx_word' id='word_1_293' title='bbox 563 3040 572 3050; x_wconf 90' lang='lat'><strong>.</strong></span> <span class='ocrx_word' id='word_1_294' title='bbox 614 3040 624 3050; x_wconf 92' lang='lat'>.</span> <span class='ocrx_word' id='word_1_295' title='bbox 665 3040 675 3049; x_wconf 86' lang='lat'><strong>.</strong></span> <span class='ocrx_word' id='word_1_296' title='bbox 714 3010 763 3050; x_wconf 88' lang='lat' dir='ltr'>et</span> <span class='ocrx_word' id='word_1_297' title='bbox 797 3039 806 3049; x_wconf 92' lang='lat'><strong>.</strong></span> <span class='ocrx_word' id='word_1_298' title='bbox 848 3039 857 3049; x_wconf 93' lang='lat'><strong><em>.</em></strong></span> <span class='ocrx_word' id='word_1_299' title='bbox 899 3039 908 3048; x_wconf 92' lang='lat'><strong><em>.</em></strong></span> <span class='ocrx_word' id='word_1_300' title='bbox 946 2999 1177 3064; x_wconf 86' lang='lat' dir='ltr'>magister</span> <span class='ocrx_word' id='word_1_301' title='bbox 1212 3000 1459 3048; x_wconf 86' lang='lat' dir='ltr'>Robertus</span> <span class='ocrx_word' id='word_1_302' title='bbox 1496 2999 1675 3047; x_wconf 90' lang='lat' dir='ltr'>Brown</span> <span class='ocrx_word' id='word_1_303' title='bbox 1712 2997 1922 3046; x_wconf 87' lang='lat' dir='ltr'>vicarius</span> <span class='ocrx_word' id='word_1_304' title='bbox 1959 2997 2019 3044; x_wconf 90' lang='lat' dir='ltr'>de</span> <span class='ocrx_word' id='word_1_305' title='bbox 2050 2996 2227 3043; x_wconf 88' lang='lat' dir='ltr'>Abbir-</span> 
     </span>
     <span class='ocr_line' id='line_1_30' title="bbox 193 3079 2224 3155; baseline -0.005 -12"><span class='ocrx_word' id='word_1_306' title='bbox 193 3095 310 3143; x_wconf 90' lang='lat' dir='ltr'>ellot</span> <span class='ocrx_word' id='word_1_307' title='bbox 347 3132 357 3142; x_wconf 92' lang='lat'><strong>.</strong></span> <span class='ocrx_word' id='word_1_308' title='bbox 396 3133 407 3141; x_wconf 93' lang='lat'>.</span> <span class='ocrx_word' id='word_1_309' title='bbox 448 3133 458 3143; x_wconf 92' lang='lat'>.</span> <span class='ocrx_word' id='word_1_310' title='bbox 496 3094 616 3142; x_wconf 90' lang='lat' dir='ltr'>mihi</span> <span class='ocrx_word' id='word_1_311' title='bbox 655 3130 666 3140; x_wconf 92' lang='lat'>.</span> <span class='ocrx_word' id='word_1_312' title='bbox 707 3131 716 3140; x_wconf 94' lang='lat'><em>.</em></span> <span class='ocrx_word' id='word_1_313' title='bbox 758 3131 768 3140; x_wconf 94' lang='lat'>.</span> <span class='ocrx_word' id='word_1_314' title='bbox 814 3093 1059 3155; x_wconf 88' lang='lat' dir='ltr'>quandam</span> <span class='ocrx_word' id='word_1_315' title='bbox 1106 3079 1329 3139; x_wconf 83' lang='lat' dir='ltr'>cedulam</span> <span class='ocrx_word' id='word_1_316' title='bbox 1372 3129 1382 3138; x_wconf 91' lang='lat'>.</span> <span class='ocrx_word' id='word_1_317' title='bbox 1428 3129 1438 3138; x_wconf 92' lang='lat'><strong>.</strong></span> <span class='ocrx_word' id='word_1_318' title='bbox 1485 3128 1495 3138; x_wconf 92' lang='lat'><em>.</em></span> <span class='ocrx_word' id='word_1_319' title='bbox 1539 3090 1849 3138; x_wconf 88' lang='lat' dir='ltr'>tradiderunt</span> <span class='ocrx_word' id='word_1_320' title='bbox 1896 3088 2224 3150; x_wconf 84' lang='lat' dir='ltr'>cuiusquidem</span> 
     </span>
     <span class='ocr_line' id='line_1_31' title="bbox 194 3180 2224 3247; baseline -0.005 -14"><span class='ocrx_word' id='word_1_321' title='bbox 194 3186 365 3235; x_wconf 87' lang='lat' dir='ltr'>cedule</span> <span class='ocrx_word' id='word_1_322' title='bbox 391 3192 533 3234; x_wconf 90' lang='lat' dir='ltr'>tenor</span> <span class='ocrx_word' id='word_1_323' title='bbox 559 3184 775 3247; x_wconf 87' lang='lat' dir='ltr'>sequitur</span> <span class='ocrx_word' id='word_1_324' title='bbox 815 3222 824 3231; x_wconf 88' lang='lat'><strong><em>.</em></strong></span> <span class='ocrx_word' id='word_1_325' title='bbox 870 3221 878 3230; x_wconf 96' lang='lat'><strong>.</strong></span> <span class='ocrx_word' id='word_1_326' title='bbox 924 3220 934 3229; x_wconf 80' lang='lat'><em>.</em></span> <span class='ocrx_word' id='word_1_327' title='bbox 974 3183 1351 3231; x_wconf 85' lang='lat' dir='ltr'>Memorandum</span> <span class='ocrx_word' id='word_1_328' title='bbox 1378 3183 1508 3245; x_wconf 89' lang='lat' dir='ltr'>quod</span> <span class='ocrx_word' id='word_1_329' title='bbox 1533 3184 1592 3229; x_wconf 86' lang='lat' dir='ltr'>ad</span> <span class='ocrx_word' id='word_1_330' title='bbox 1617 3180 1881 3229; x_wconf 88' lang='lat' dir='ltr'>sedandum</span> <span class='ocrx_word' id='word_1_331' title='bbox 1921 3216 1931 3226; x_wconf 90' lang='lat'><strong>.</strong></span> <span class='ocrx_word' id='word_1_332' title='bbox 1971 3216 1980 3226; x_wconf 91' lang='lat'>.</span> <span class='ocrx_word' id='word_1_333' title='bbox 2021 3216 2030 3225; x_wconf 90' lang='lat'>.</span> <span class='ocrx_word' id='word_1_334' title='bbox 2063 3195 2224 3224; x_wconf 87' lang='lat' dir='ltr'>omnes</span> 
     </span>
    </p>
   </div>
  </div>
 </body>
</html>
