2762 3834
423 2139 513 2190 371

574 367 670 412 302
1019 359 1442 413 REGISTRUM
1477 359 1573 408 DE
1609 357 2166 409 ABERBROTHOC.

574 495 645 544 las
668 495 900 544 frumenti
925 521 935 532 ·
955 502 1005 543 et
1027 511 1117 558 pro
1142 493 1282 541 firma.
1306 499 1355 540 et
1378 491 1569 539 decima
1591 491 1653 538 de
1674 490 1720 538 16
1744 490 2039 554 borw0rudis
2065 492 2147 539 sex
2170 491 2322 540 libras
2347 494 2614 542 tresdecem

574 586 751 635 solidos
775 594 825 635 et
848 592 1058 648 quatuor
1081 582 1310 631 denarios
1335 580 1474 629 simul
1498 588 1547 628 et
1579 580 1725 629 semel
1761 581 1904 630 nobis
1940 582 2020 630 uel
2049 582 2323 647 grauitario
2358 583 2524 633 nostro
2559 586 2620 634 de

575 676 910 726 Abirbrothoc
950 676 1013 724 ad
1058 673 1229 722 festum
1272 672 1423 721 Pasce
1465 709 1474 720 .
1520 710 1529 719 .
1574 709 1583 719 .
1630 671 1694 721 Et
1738 709 1748 720 .
1793 711 1803 720 .
1846 711 1855 721 .
1901 673 2109 722 fatemur
2145 691 2235 722 nos
2271 691 2360 738 pre
2396 676 2620 724 manibus

575 767 795 831 recipisse
819 784 849 814 a.
872 766 1001 814 dieto
1022 764 1207 814 Karalo
1232 764 1312 812 die
1338 763 1451 811 date
1475 764 1782 827 presencium
1804 765 2054 830 octoginta
2072 766 2340 814 tresdecem
2366 766 2515 815 libras
2540 768 2618 815 sex

579 859 755 906 solidos
779 867 827 906 et
850 859 958 905 octo
983 856 1210 905 denarios
1255 891 1266 903 .
1311 892 1322 902 .
1369 892 1380 902 .
1417 862 1614 903 monete
1645 893 1654 903 .
1696 891 1706 902 .
1749 891 1760 903 .
1806 853 1979 904 Scocie
2017 892 2028 902 .
2063 894 2072 904 .
2106 894 2115 904 .
2155 856 2385 906 videlicet
2407 875 2497 922 pro
2524 859 2622 905 vic—

578 949 787 998 tualibus
827 949 890 997 de
931 947 1151 1012 Kynaldi
1191 946 1444 995 aunuatim
1483 947 1561 994 sex
1605 947 1755 997 libras
1798 948 2063 997 tresdecem
2104 949 2282 998 solidos
2322 958 2371 998 et
2412 959 2622 1013 quatuor

573 1040 799 1088 denarios
825 1070 835 1079 -
862 1046 911 1087 et
931 1055 1021 1102 pro
1041 1037 1244 1086 decimis
1269 1037 1331 1085 de
1355 1036 1400 1084 le
1427 1037 1590 1085 borow
1615 1038 1786 1086 ruddis
1808 1039 2060 1088 annuatim
2081 1040 2160 1088 sex
2184 1039 2334 1089 libras
2354 1041 2620 1090 tresdecem

574 1131 747 1179 solidos
772 1139 822 1179 et
844 1140 1055 1194 quatuor
1090 1128 1318 1177 denarios
1355 1145 1443 1192 pro
1481 1128 1809 1179 satisfaetione
1840 1138 1891 1180 et
1926 1131 2276 1195 redempcione
2307 1133 2459 1180 nostri
2493 1150 2622 1181 com-

573 1224 732 1271 munis
768 1222 910 1286 figilli
946 1222 1078 1286 quod
1115 1220 1272 1269 dictus
1305 1219 1519 1269 Karalus
1555 1221 1727 1271 habuit
1760 1239 1851 1286 pro
1887 1223 2219 1289 quadraginta
2253 1224 2392 1272 libris
2428 1234 2477 1273 et
2512 1224 2621 1273 aliis

572 1314 807 1364 iocalibus
831 1313 971 1362 nobis
996 1311 1178 1361 et'loco
1205 1311 1370 1360 nostro
1396 1313 1809 1363 concernentibus
1833 1330 1928 1378 que
1953 1314 2125 1363 habuit
2148 1315 2200 1363 in
2230 1315 2620 1380 pingnoracione

571 1409 640 1457 ita
662 1408 794 1471 quod
817 1407 973 1455 di&us
1007 1442 1017 1452 .
1057 1442 1067 1454 .
1104 1444 1113 1453 .
1145 1412 1194 1453 et
1218 1404 1442 1470 affignati
1481 1405 1550 1454 sui
1586 1422 1686 1454 non
1723 1406 2088 1470 respondebunt
2127 1443 2137 1454 .
2177 1447 2187 1456 .
2225 1444 2236 1455 .
2266 1424 2358 1471 pro
2393 1408 2537 1456 firma
2571 1418 2619 1456 et

570 1501 770 1550 decimis
794 1499 997 1564 prefatis
1020 1516 1111 1563 pro
1136 1499 1359 1548 terminis
1383 1499 1627 1547 dictorum
1648 1499 1830 1563 septem
1852 1515 2093 1547 annorum
2139 1536 2149 1548 .
2196 1537 2206 1547 .
2247 1537 2258 1547 .
2301 1501 2450 1564 Apud
2498 1537 2507 1547 .
2552 1540 2560 1548 .
2609 1538 2618 1548 .

569 1591 915 1640 monasterium
948 1594 1119 1639 octauo
1156 1590 1244 1638 die‘
1270 1589 1445 1638 meniis
1470 1589 1687 1640 Marchii
1723 1608 1853 1640 anno
1877 1590 2083 1640 Domini
2109 1591 2362 1641 millesimo
2388 1593 2619 1656 quadrin-

570 1683 834 1748 gentefimo
858 1682 1169 1748 nonagesimo
1195 1682 1342 1731 sexto.

575 1938 803 2024 Guthyn
826 1957 1067 2006 ass'edatur
1092 1956 1290 2004 domino
1319 1955 1511 2004 Thome
1539 1955 1753 2020 Ogilwy.

572 2119 698 2190 Nos
723 2140 889 2188 Dauid
925 2140 1073 2188 abbas
1120 2177 1130 2186 .
1180 2177 1188 2187 .
1233 2178 1241 2187 .
1291 2140 1351 2187 de
1389 2140 1726 2189 Abirbrothoc
1769 2178 1780 2188 .
1823 2181 1832 2188 .
1881 2179 1891 2189 .
1941 2140 2207 2190 affedamus
2252 2179 2260 2188 .
2307 2179 2317 2188 .
2364 2179 2373 2188 .
2417 2141 2615 2189 domino

573 2231 762 2279 Thome
790 2231 986 2296 Ogilwy
1012 2230 1157 2279 militi
1181 2239 1230 2279 et
1255 2231 1359 2280 eius
1384 2230 1632 2297 affignatis
1657 2240 1706 2280 et
1730 2232 2098 2281 subtenentibus
2135 2270 2145 2280 .
2182 2270 2192 2280 .
2231 2270 2241 2280 .
2269 2233 2340 2281 ita
2360 2233 2491 2296 quod
2516 2249 2614 2279 non

569 2324 660 2371 fint
682 2322 880 2371 maioris
904 2321 1053 2370 status
1078 2339 1222 2385 quam
1249 2322 1347 2386 ipse
1393 2360 1402 2370 .
1432 2360 1443 2371 .
1489 2359 1500 2371 .
1540 2331 1589 2371 et
1614 2325 1747 2388 quod
1770 2324 1990 2390 affignati
2013 2325 2337 2374 admittantur
2361 2342 2449 2389 per
2495 2363 2502 2372 .
2549 2363 2559 2372 .
2603 2362 2613 2371 .

569 2416 792 2463 abbatem
817 2423 866 2463 et
889 2423 1186 2464 conuentum
1230 2453 1239 2462 .
1278 2452 1288 2462 .
1325 2452 1336 2463 .
1374 2424 1531 2464 terras
1567 2415 1756 2465 nostras
1781 2417 1843 2465 de
1870 2416 2078 2481 Guthyn
2104 2424 2153 2465 et
2179 2416 2468 2466 Vestirbrex
2506 2455 2515 2464 .
2558 2455 2566 2463 .
2603 2456 2611 2463 .

569 2523 666 2554 vna.
688 2523 800 2555 cum
824 2506 1027 2555 decimis
1060 2508 1342 2571 garbalibus
1385 2547 1393 2555 .
1434 2547 1443 2556 .
1479 2546 1488 2556 .
1529 2508 1579 2557 in
1617 2507 1877 2573 regalitate
1913 2507 2080 2556 nostra
2116 2508 2178 2556 de
2201 2507 2535 2556 Abirbrothoc
2567 2516 2615 2555 et

570 2598 699 2645 infra.
735 2598 1129 2648 vicecomitatum
1161 2599 1222 2647 de
1257 2598 1435 2648 Forfar
1469 2617 1560 2663 pro
1597 2599 1822 2648 terminis
1858 2600 2030 2648 decem
2072 2607 2121 2647 et·
2154 2616 2333 2647 nouem
2373 2616 2613 2647 annorum

572 2724 582 2735 .
622 2727 631 2735 .
672 2727 681 2735 .
719 2688 929 2736 termino
961 2705 1078 2737 vero
1112 2689 1343 2738 introitus
1379 2729 1389 2738 .
1429 2730 1437 2738 .
1487 2729 1497 2740 .
1546 2690 1858 2756 [incipiente]
1893 2691 1945 2739 in
1988 2690 2068 2740 die
2109 2690 2232 2739 festo
2265 2690 2614 2739 Penthecostes
2698 2710 2700 2713 ’

570 2779 851 2828 immediate
888 2780 1118 2842 sequente
1160 2780 1343 2829 exitum
1385 2782 1707 2832 terminorum
1747 2781 2066 2832 affedacionis
2102 2782 2319 2847 magistri
2359 2782 2611 2831 Malcolmi

574 2870 768 2919 Guthre
807 2908 817 2918 .
858 2909 866 2917 .
906 2908 916 2917 .
958 2869 1204 2920 Soluendo
1240 2910 1249 2919 .
1287 2911 1296 2920 .
1333 2910 1342 2920 .
1381 2872 1568 2936 vigenti
1589 2875 1744 2923 bollas
1769 2874 1896 2923 ordii
1921 2874 2093 2924 mundi
2117 2883 2167 2922 et
2191 2874 2306 2922 boni
2332 2883 2381 2922 et
2403 2875 2610 2937 quadra—

570 2966 711 3030 ginta.
733 2964 886 3014 bollas
906 2964 1065 3013 farine
1089 2981 1199 3013 cum
1223 2967 1449 3015 mensura
1471 2966 1566 3015 fori
1591 2965 1839 3015 currentis
1858 2966 1922 3014 ad
1946 2966 2182 3015 terminos
2224 3001 2235 3013 .
2276 3004 2284 3012 .
2326 3004 2336 3013 .
2380 2965 2609 3013 vi&ualia

572 3056 824 3105 soluendi·
850 3064 900 3104 et
935 3063 1035 3104 tres
1070 3056 1220 3104 libras
1256 3056 1336 3104 sex
1375 3056 1551 3105 solidos
1589 3067 1638 3106 et
1673 3060 1780 3105 octo
1822 3057 2052 3107 denarios
2091 3096 2100 3105 .
2146 3094 2156 3104 .
2201 3096 2210 3105 .
2252 3065 2448 3104 monete
2486 3093 2497 3103 .
2537 3093 2547 3103 .
2597 3093 2607 3103 .

575 3148 746 3198 Scocie
771 3148 834 3197 ad
874 3185 885 3212 ,
927 3184 938 3195 .
982 3185 992 3194 .
1031 3147 1151 3206 festa
1175 3147 1519 3197 Penthecostes
1544 3157 1592 3197 et
1629 3147 1790 3196 Sancti
1818 3147 2023 3197 Martini
2066 3185 2077 3195 .
2129 3185 2140 3194 .
2186 3184 2195 3195 .
2239 3147 2304 3195 Et
2329 3147 2445 3210 quia
2488 3184 2498 3194 .
2541 3185 2550 3193 .
2598 3182 2608 3193 .
