2762 3834
645 376 741 421 232
1088 362 1508 416 REGISTRUM
1542 360 1639 409 DE
1675 357 2231 409 ABERBROTHOC.

648 574 927 644 Affedacio
951 592 1011 639 de
1035 590 1081 638 le
1107 585 1396 651 Wardmyll.

496 776 594 830 276
646 751 920 822 Uniuerfis
953 807 963 816 .
997 807 1006 817 .
1044 807 1052 815 .
1093 765 1291 815 ecclesie
1315 764 1427 811 filiis
1463 801 1472 810 .
1508 801 1517 810 .
1551 800 1561 809 .
1593 760 1762 809 Dauid
1798 798 1807 808 .
1841 799 1850 808 .
1888 798 1897 807 .
1934 761 2083 809 abbas
2117 800 2125 809 .
2156 799 2166 809 .
2204 800 2213 808 .
2250 761 2311 810 de
2337 761 2672 811 Abirbrothoc

644 900 653 910 .
690 900 699 907 .
739 896 749 906 .
787 860 984 908 salutem
1023 897 1032 905 .
1072 894 1083 904 .
1117 894 1126 904 .
1164 854 1377 903 Nouerit
1401 852 1687 901 vniuerfitas
1712 851 1875 900 vestra
1896 868 1986 900 nos
2011 891 2021 900 .
2047 891 2057 900 .
2085 890 2096 900 .
2123 851 2347 901 affedaffe
2373 891 2383 902 .
2409 891 2420 903 .
2447 890 2457 901 .
2482 853 2517 902 J
2520 855 2672 902 acobo

641 951 898 1015 Douglace
933 957 982 997 et
1017 947 1230 996 Mariote
1266 946 1433 1010 sponse
1467 944 1548 991 sue
1585 982 1596 990 .
1629 980 1640 991 .
1678 980 1690 991 .
1722 960 1813 1007 pro
1849 951 1952 992 toto
1987 952 2207 1008 tempore
2233 945 2331 993 vite
2368 982 2378 992 .
2409 982 2418 992 .
2447 983 2455 991 .
2490 945 2673 993 molen-

642 1042 809 1089 dinum
833 1038 1048 1088 nostrum
1077 1074 1087 1086 .
1123 1075 1134 1086 .
1169 1074 1179 1085 .
1215 1053 1368 1101 prope
1391 1036 1601 1099 burgum
1621 1035 1682 1083 de
1708 1034 2044 1083 Abirbrothoc
2070 1035 2317 1100 wlgariter
2340 1045 2673 1100 nuncupatum

642 1134 686 1180 lc
715 1130 990 1195 Wardmyll
1014 1146 1110 1177 vna
1134 1145 1243 1176 cum
1270 1127 1439 1175 croftis
1464 1134 1512 1174 et
1537 1127 1664 1175 acris
1688 1143 1809 1190 quas
1842 1143 1976 1175 nunc
2003 1126 2187 1176 habent
2211 1127 2367 1176 eidem
2393 1128 2675 1176 molendino

642 1222 997 1286 pertinentibus
1021 1236 1214 1268 necnon
1236 1235 1348 1267 cum
1373 1218 1597 1266 omnibus
1634 1254 1644 1264 .
1682 1255 1692 1265 .
1729 1255 1739 1266 .
1776 1218 2098 1282 pertinenciis
2129 1254 2141 1266 .
2173 1256 2184 1267 .
2219 1255 2230 1266 .
2263 1235 2359 1283 que
2384 1236 2514 1267 nunc
2538 1218 2675 1283 poffi-

644 1316 759 1362 dent
789 1351 799 1360 .
834 1350 842 1359 .
875 1350 885 1359 .
915 1311 1123 1360 termino
1149 1327 1266 1359 vero
1290 1309 1519 1357 introitus
1553 1346 1565 1356 .
1604 1346 1615 1356 .
1654 1346 1665 1356 .
1700 1309 1964 1357 inchoante
1987 1310 2040 1357 in
2064 1308 2184 1358 festo
2208 1309 2522 1358 Pentecostes
2547 1327 2675 1359 anno

644 1404 845 1453 Domini
887 1401 1135 1451 millesimo
1176 1398 1655 1465 quadringentesimo
1690 1401 2013 1466 octuagesimo
2048 1401 2221 1465 quinto
2245 1429 2256 1438 ·
2283 1401 2530 1451 Soluendo
2566 1439 2577 1449 .
2615 1440 2625 1450 .
2664 1440 2674 1450 .

644 1497 815 1561 viginti
841 1512 1031 1543 marcas
1055 1494 1316 1542 secundum
1344 1492 1744 1540 consuetudinem
1774 1492 1916 1556 regni
1943 1491 2113 1542 Scocie
2137 1501 2186 1541 et
2210 1495 2342 1541 estus
2365 1494 2675 1559 parliamenti

695 1626 703 1635 .
744 1624 753 1633 .
791 1586 1019 1634 videlicet
1053 1585 1104 1633 in
1139 1584 1261 1632 festo
1290 1582 1453 1632 Sancti
1480 1582 1688 1631 Martini
1722 1584 1775 1631 in
1809 1601 1952 1649 yeme
1986 1584 2155 1633 decem
2194 1602 2382 1634 marcas
2417 1586 2468 1633 in
2503 1586 2675 1634 eodem

645 1697 772 1727 anno
799 1678 1028 1727 videlicet
1052 1675 1374 1739 octuagesimo
1399 1675 1571 1739 quinto
1596 1684 1646 1723 et
1671 1676 1841 1723 decem
1879 1692 2067 1724 marcas
2104 1675 2151 1723 in
2185 1675 2306 1724 festo
2331 1676 2676 1726 Penthecostes

646 1771 867 1834 proximo
888 1807 898 1816 .
920 1807 929 1816 .
952 1806 964 1816 .
983 1767 1213 1832 sequente
1236 1767 1399 1814 datam
1419 1766 1722 1830 presencium
1742 1803 1752 1813 .
1774 1803 1783 1813 .
1806 1803 1816 1814 .
1841 1766 1933 1832 [et]
1954 1784 2103 1815 vnum
2122 1783 2327 1831 porcum
2345 1768 2469 1816 bene
2486 1751 2676 1832 pastum

647 1860 724 1908 vel
755 1859 1008 1907 dimidiam
1043 1874 1257 1906 marcam
1281 1886 1292 1895 ·
1320 1866 1369 1905 et
1404 1856 1469 1905 fic
1507 1858 1759 1905 annuatim
1797 1859 1858 1906 de
1895 1858 2106 1907 termino
2145 1858 2197 1906 in
2234 1858 2497 1907 terminum
2532 1867 2580 1908 et
2615 1861 2675 1909 de

646 1968 774 1999 anno
798 1951 848 1998 in
875 1967 1055 1998 annum
1093 1987 1103 1997 .
1140 1987 1151 1997 .
1191 1986 1202 1996 .
1238 1966 1348 1997 cum
1373 1949 1482 1997 aliis
1511 1949 1729 1997 seruiciis
1759 1949 1875 1998 inde
1900 1949 2077 1998 debitis
2099 1956 2148 1998 et
2170 1949 2410 1998 consuetis
2437 1979 2447 1989 ·
2474 1950 2539 2000 Et
2570 1986 2582 1998 .
2616 1988 2627 1998 .
2652 1954 2675 1998 '.

646 2043 979 2091 sustentabunt
1002 2041 1337 2089 molendinum
1362 2041 1413 2088 in
1439 2041 1663 2107 omnibus
1687 2039 1964 2089 necessariis
1983 2068 1993 2078 ·
2011 2041 2153 2089 nobis
2179 2078 2190 2089 .
2216 2079 2227 2090 .
2254 2079 2265 2089 .
2291 2041 2378 2090 fibi
2400 2041 2676 2091 ministran-

645 2135 774 2182 tibus
795 2142 1003 2198 quatuor
1022 2134 1068 2181 le
1090 2132 1270 2182 schillis
1291 2141 1340 2181 et
1362 2132 1564 2197 stapillis
1589 2133 1746 2181 eidem
1771 2131 2052 2180 molendino
2071 2133 2430 2196 pertinentibus
2445 2160 2455 2170 ·
2471 2132 2676 2197 Insuper

693 2264 702 2273 .
743 2263 753 2273 .
785 2225 1040 2273 inuenient
1078 2262 1087 2272 .
1128 2262 1138 2272 .
1179 2261 1189 2272 .
1227 2241 1375 2273 vnum
1411 2225 1602 2273 seruum
1640 2225 1703 2272 ad
1737 2223 2019 2272 molendum
2055 2224 2203 2273 blada
2235 2224 2402 2272 nostra
2425 2225 2488 2273 ad
2511 2226 2675 2274 nostra

644 2317 925 2365 molendina
963 2315 1015 2363 in
1056 2314 1351 2363 monasterio
1394 2315 1558 2363 nostro
1603 2315 1819 2364 iacentia
1865 2324 2101 2380 quantum
2145 2316 2325 2380 spectat
2366 2317 2428 2365 ad
2465 2317 2673 2365 officium

644 2406 986 2454 molendinarii
1026 2422 1116 2469 pro
1154 2406 1326 2470 viginti
1367 2406 1447 2454 sex
1488 2406 1653 2454 solidis
1693 2415 1741 2455 et
1777 2410 1886 2455 octo
1922 2407 2137 2456 denariis
2173 2408 2424 2456 annuatim
2458 2416 2511 2456 ut
2540 2408 2673 2472 prius

647 2497 826 2543 dietum
853 2498 922 2543 est
946 2523 956 2533 ·
982 2495 1048 2543 Et
1070 2495 1106 2542 fi
1131 2496 1384 2560 contingat
1422 2533 1432 2543 .
1471 2533 1483 2544 .
1522 2533 1533 2543 .
1566 2496 1601 2544 J
1604 2498 1808 2545 acobum
1840 2505 1954 2546 ante
1979 2498 2164 2546 obitum
2192 2535 2203 2546 .
2230 2536 2240 2546 .
2269 2535 2279 2545 .
2307 2497 2520 2547 Mariote
2544 2499 2670 2547 diem

649 2587 941 2634 concludere
979 2594 1247 2634 extremum
1286 2624 1297 2634 .
1338 2624 1348 2635 .
1388 2625 1398 2634 .
1436 2604 1534 2635 non
1570 2588 1738 2638 licebit
1775 2626 1786 2637 .
1832 2626 1842 2637 .
1888 2626 1899 2637 .
1938 2589 2156 2639 Mariote-
2187 2589 2386 2653 copulas
2427 2590 2671 2654 complere

647 2677 896 2741 nupciales
922 2675 1019 2725 fine
1043 2676 1207 2725 nostra
1235 2678 1444 2726 licencia
1478 2679 1674 2742 speciali
1712 2717 1723 2728 .
1761 2717 1772 2727 .
1811 2717 1821 2729 .
1859 2679 1970 2728 Nec
2000 2680 2169 2730 licebit
2200 2681 2341 2729 diuis
2373 2718 2384 2729 .
2411 2718 2423 2729 .
2452 2718 2463 2728 .
2489 2682 2670 2730 molen·

651 2768 820 2816 dinum
856 2768 916 2815 de
951 2767 997 2814 le
1030 2767 1215 2816 Warde
1251 2806 1261 2815 .
1304 2806 1313 2816 .
1356 2807 1366 2817 .
1404 2768 1553 2816 alicui
1590 2809 1598 2817 .
1641 2809 1650 2818 .
1691 2771 1940 2820 ,affedare
1979 2810 1988 2820 .
2032 2810 2041 2820 .
2082 2811 2091 2820 .
2130 2772 2228 2820 fine
2264 2772 2430 2820 nostra
2462 2772 2670 2821 licencia

650 2898 658 2906 .
692 2898 702 2907 .
736 2897 745 2906 .
779 2858 1013 2906 Preterea
1037 2858 1067 2905 sl
1094 2896 1103 2906 .
1130 2897 1139 2906 .
1166 2897 1175 2905 .
1200 2857 1326 2905 malo
1351 2859 1678 2922 persoluentes
1703 2862 1782 2910 vel
1805 2862 1945 2910 nobis
1980 2901 1989 2911 .
2027 2901 2036 2910 .
2074 2902 2082 2911 .
2118 2861 2335 2910 iniuriosi
2361 2901 2370 2911 .
2404 2901 2413 2911 .
2448 2901 2458 2911 .
2487 2863 2670 2911 fuerint

650 2948 817 2998 licebit
862 2948 1002 2996 nobis
1034 2987 1042 2995 .
1077 2987 1086 2997 .
1119 2987 1128 2996 .
1164 2949 1224 2996 de
1269 2949 1498 3012 predictis
1534 2986 1546 2999 .
1583 2987 1593 2997 .
1632 2988 1643 2998 .
1690 2951 1943 3016 disponere
1983 2989 1995 3001 .
2030 2989 2042 3001 .
2081 2989 2092 3000 .
2131 2953 2282 3017 Apud
2327 2952 2668 3002 monasterium

699 3077 708 3086 .
742 3076 753 3086 .
787 3038 955 3086 xxiiii⁰⁰
978 3038 1057 3087 die
1078 3037 1251 3087 mensis
1273 3038 1570 3088 Nouembris
1594 3058 1723 3089 anno
1748 3041 1951 3091 Domini
1979 3046 2122 3091 1485.
