2742 3848
536 371 634 415 550
1253 368 1491 417 INDEX
1527 366 1904 417 NOMINUM.

593 512 657 559 95,
684 512 749 559 97,
781 511 845 561 99,
880 511 968 560 100,
1004 512 1193 560 102-105,
1229 512 1419 560 108-110,
1453 513 1548 548 114-
1620 507 1929 558 Abberbrothoc,
1951 513 2152 548 coronator
2171 509 2230 559 (16,
2252 510 2335 549 vide
2356 510 2581 563 Dekysoun.

595 583 684 631 116,
710 583 899 632 119-121‚
924 582 1114 630 124-128,
1139 582 1328 630 131-133‚
1358 582 1547 631 135-140,
1748 579 1977 617 eustumarii
1997 579 2056 629 de,
2081 580 2174 618 544.

596 655 784 703 143-149,
811 653 1002 701 151-164,
1028 653 1117 702 180,
1140 652 1234 690 204.
1748 649 1928 689 dominus
1948 650 1995 689 de
2014 649 2051 689 le
2072 650 2231 690 Almere
2251 651 2311 700 de,
2337 653 2428 691 155.

539 723 846 773 Abberbrothoc,
897 723 1019 761 abbas
1065 722 1124 772 de,
1174 722 1365 760 Ricardus
1414 722 1549 774 (Deyn
1746 722 1986 773 granitarius
2005 723 2065 772 (16,
2088 726 2180 774 222,
2204 726 2296 774 259,
2319 726 2410 775 263,
2429 726 2521 775 264,
2539 726 2631 775 302,

593 793 774 846 Richart)
797 793 961 843 Guthre,
986 795 1049 843 77,
1074 794 1137 842 78,
1160 794 1298 843 80-85,
1321 795 1385 843 87,
1411 794 1502 833 108.
1674 796 1766 845 304,
1790 796 1883 834 504.

664 865 785 905 abbas
803 865 862 914 de,
885 863 1075 903 Ricardus
1105 862 1270 914 Guthre,
1302 869 1419 904 antea
1445 865 1550 917 prior
1747 866 1988 918 granitarius
2007 867 2066 917 de,
2088 867 2174 907 vide
2194 867 2280 917 Bet,
2305 866 2410 907 Scot.

589 937 635 975 de
665 935 935 984 Abirbrothoc,
961 936 1152 974 165-167.

663 1007 783 1046 abbas
803 1006 862 1056 de,
883 1006 1095 1056 Walterus,
1119 1008 1155 1057 5,
1179 1009 1216 1046 6.
1740 1010 1983 1061 justiciarius
2002 1010 2222 1062 regalitatis
2241 1010 2300 1061 de,
2322 1011 2407 1050 vide
2427 1010 2631 1060 Lichtone‚

661 1079 782 1117 abbas
807 1077 866 1127 de,
889 1077 1087 1118 Walterus
1116 1078 1288 1129 Paniter,
1319 1080 1458 1129 48-51,
1482 1081 1546 1130 55,
1674 1081 1832 1133 Ogilvy,
1857 1081 2123 1133 Scremgeour,
2147 1082 2372 1121 Senescalli.

588 1150 652 1198 56,
668 1149 805 1198 58-60,
829 1150 966 1198 62-67,
986 1150 1123 1199 69-76,
1143 1151 1206 1199 92,
1230 1151 1321 1198 104,
1344 1151 1433 1201 108,
1455 1152 1544 1201 150,
1746 1153 1935 1204 magister
1955 1153 2101 1192 fabrice
2121 1153 2180 1203 (16,
2207 1154 2299 1204 323,
2318 1155 2409 1204 335,
2428 1154 2520 1201 375,
2538 1155 2631 1193 468.

587 1223 679 1261 545.

1741 937 1983 989 justiciarius
2002 937 2220 990 regalitatis
2239 938 2298 988 (16,
2320 940 2386 977 42.

1745 1224 1933 1275 magister
1951 1224 2099 1264 fabrice
2119 1225 2178 1275 de,
2200 1225 2288 1264 vide
2307 1225 2522 1276 Driburgh.

667 1293 787 1332 abbas
818 1292 877 1342 de,
912 1291 1148 1343 Willelmus,
1182 1295 1246 1344 21,
1281 1296 1345 1344 22,
1380 1295 1444 1345 28,
1479 1296 1542 1344 29,
1742 1308 1873 1334 marus
1892 1295 1951 1346 de,
1976 1297 2041 1335 71.

587 1366 678 1404 530.
1743 1379 1875 1406 marus
1922 1366 2143 1418 regalitatis
2181 1367 2240 1417 de,
2280 1368 2366 1407 vide
2404 1367 2630 1420 Dekysoun,

666 1436 787 1475 abbas
815 1435 874 1485 de,
906 1435 1131 1476 Willelmus
1160 1437 1316 1487 Bonkil,
1351 1440 1542 1489 184-194,
1672 1437 1837 1488 Guthre,
1860 1437 2063 1489 Hepburn,
2086 1438 2313 1491 Norroway.

589 1510 779 1559 197-208,
802 1510 896 1548 244.
1011 1563 1013 1565 ¹
1744 1509 1959 1549 monachus
1978 1509 2038 1560 de,
2069 1510 2155 1550 vide
2184 1510 2395 1562 Alansone,
2427 1510 2629 1562 Aldstone,

656 1581 828 1620 ballivus
857 1580 1010 1620 abbatis
1039 1594 1106 1620 seu
1137 1581 1354 1633 regalitatis
1379 1583 1438 1633 de,
1460 1583 1545 1622 vide
1670 1581 1888 1632 Anderson,
1925 1581 2024 1632 Bad,
2058 1581 2198 1632 Barde,
2233 1582 2370 1632 Bawn,
2407 1582 2493 1633 Bet,
2526 1582 2630 1632 Bois,

584 1653 737 1703 Herice,
761 1651 920 1703 Ogilvy.
1671 1652 1828 1703 Chatte,
1847 1652 1967 1703 Coke,
1990 1652 2108 1702 Crail,
2132 1652 2322 1704 Cramme,
2338 1653 2463 1706 Cuby,
2482 1654 2631 1694 David-

658 1724 829 1765 ballivus
859 1723 918 1774 de,
951 1724 1038 1764 vide
1067 1724 1200 1775 Clark,
1233 1726 1344 1776 Eme,
1377 1726 1542 1778 Guthre,
1670 1737 1774 1774 sone,
1798 1723 2014 1775 Driburgh,
2038 1724 2254 1775 Dumbrek,
2277 1725 2481 1776 Durward,
2504 1725 2629 1777 Dury,

585 1797 753 1845 Hornar,
775 1795 946 1846 Paniter,
970 1795 1073 1846 Scot,
1098 1796 1224 1837 Seras.
1672 1795 1811 1846 Fethe,
1844 1796 1997 1846 Fraser,
2036 1795 2215 1848 Galway,
2247 1796 2409 1847 Gardin,
2441 1796 2629 1847 Garman,

656 1867 861 1919 burgensis
891 1866 951 1917 de,
985 1867 1070 1907 vide
1104 1868 1238 1917 Arate,
1276 1869 1392 1922 BoyS,
1425 1869 1542 1922 Brog,
1671 1866 1792 1919 Gray,
1816 1866 2004 1918 Grinlaw,
2036 1867 2226 1918 Herchas,
2251 1868 2396 1919 Hume,
2418 1869 2494 1919 Ka,
2516 1869 2628 1918 Lam,

585 1941 738 1990 Brown,
772 1940 969 1990 Buchane,
1003 1939 1156 1991 Caruel,
1193 1941 1410 1994 Ohapman,
1447 1943 1539 1982 Dal·
1670 1938 1850 1989 Lawson,
1881 1938 2085 1990 Lichtone,
2109 1938 2286 1992 Malvyn,
2308 1940 2459 1991 Moreff,
2481 1940 2628 1990 Neche,

583 2011 744 2063 garnok‚
778 2011 998 2063 Dempstar,
1032 2012 1208 2063 Dunbar,
1242 2013 1414 2066 Dunlop,
1448 2014 1541 2053 Fer·
1669 2009 1898 2061 Nicholson,
1955 2010 2119 2061 Nigelli,
2169 2010 2325 2062 Nobile,
2385 2011 2627 2064 Ochtirlony,

583 2098 704 2134 mour,
736 2083 901 2134 Guthre,
934 2083 1103 2134 Homar,
1134 2084 1308 2136 Knycht,
1329 2085 1542 2125 Lesmaha-
1668 2081 1986 2133 Paniter‚Quhit-‚
2003 2081 2153 2133 Sadlar,
2172 2082 2274 2133 Scot,
2291 2083 2452 2135 Tarays,
2469 2084 2628 2124 Tendit.

583 2169 684 2207 gow,
707 2156 821 2208 Leys,
843 2157 958 2208 Liell,
979 2156 1167 2206 Lorimar‚
1189 2156 1340 2207 Lowar,
1362 2156 1541 2208 Malvyn,
1617 2176 1722 2182 —·-
1742 2153 1957 2192 monachus
1976 2153 2023 2192 de
2044 2154 2241 2192 communi
2259 2154 2318 2205 de,
2339 2155 2424 2194 vide
2444 2154 2531 2194 Bet.

584 2228 835 2280 Prechurrys,
874 2229 1001 2281 Rany,
1039 2228 1203 2278 Sclatar,
1242 2227 1346 2279 Scot,
1384 2228 1542 2280 Setoun,
1741 2226 1958 2266 monachus
1976 2226 2024 2266 de
2041 2225 2079 2265 16
2099 2225 2264 2278 Almery
2283 2227 2342 2277 de,
2365 2227 2449 2268 vide
2468 2228 2627 2268 Ardros.

586 2299 723 2351 Slynk,
748 2299 889 2350 Smart,
912 2299 1037 2352 Tody,
1060 2300 1180 2351 Tyry,
1202 2299 1336 2351 Wyot.
1615 2320 1722 2326 —-—
1741 2297 1956 2337 monachus
1973 2297 2020 2337 de
2040 2297 2200 2337 librario
2220 2298 2280 2349 de,
2303 2300 2396 2350 329,
2417 2301 2511 2340 473.

656 2371 892 2411 camerarius
910 2371 970 2422 de,
993 2373 1031 2421 4,
1054 2372 1119 2421 71,
1141 2371 1234 2421 335,
1255 2372 1349 2420 434,
1372 2372 1465 2410 544.
1733 2371 1949 2411 monachus
1961 2371 2254 2429 elemosinarius
2267 2384 2335 2411 seu
2349 2372 2397 2412 de
2411 2372 2449 2412 16
2464 2372 2628 2425 Almery

656 2443 889 2482 camerarius
925 2442 986 2493 de,
1034 2442 1120 2481 vide
1167 2441 1359 2494 Carnegy,
1415 2441 1541 2493 Crale,
1667 2442 1727 2493 de,
1751 2443 1904 2493 55,94,
1929 2445 2020 2493 121,
2045 2444 2135 2494 132,
2170 2444 2259 2494 143,
2295 2445 2500 2496 155,163,
2533 2447 2625 2496 318,

585 2514 705 2566 Gray,
727 2513 883 2565 Nobile,
906 2513 1066 2566 Ogilvy.
1668 2515 1761 2564 361,
1777 2514 1869 2564 388,
1887 2515 2082 2565 431-433,
2097 2516 2190 2565 437,
2208 2516 2302 2565 448,
2316 2516 2409 2566 484,
2425 2517 2517 2567 502,
2532 2518 2625 2566 503,

657 2586 881 2638 capellanus
901 2584 1035 2624 altaris
1065 2584 1160 2624 Diui
1186 2584 1327 2624 Jacobi
1346 2584 1482 2624 situati
1501 2586 1543 2623 in
1669 2586 1761 2636 523,
1785 2586 1878 2625 528.
1920 2590 1925 2594 '

585 2657 816 2696 monasterio
836 2655 895 2706 de,
918 2657 1010 2696 503.
1739 2657 1964 2708 monachus,
1994 2657 2191 2709 magister,
2223 2671 2290 2698 seu
2318 2658 2495 2699 minister
2521 2673 2624 2700 com-

659 2727 882 2779 capellanus
908 2726 1135 2779 principalis
1164 2727 1285 2766 Beate
1313 2727 1437 2767 Marie
1463 2727 1540 2767 vir-
1667 2729 1806 2779 munis,
1839 2729 2130 2769 communitatis
2159 2724 2227 2769 seu
2255 2729 2303 2769 de
2334 2731 2529 2770 communi
2562 2732 2622 2782 de,

584 2798 688 2850 ginis
706 2799 749 2837 in
768 2798 919 2850 capella
935 2798 994 2848 de,
1015 2798 1100 2837 vide
1121 2797 1225 2837 Soot.
1667 2802 1732 2850 62,
1755 2802 1820 2848 84,
1845 2801 1934 2851 189,
1957 2802 2049 2851 237,
2071 2802 2164 2851 238,
2186 2802 2278 2851 243,
2300 2802 2392 2852 329,
2415 2803 2507 2852 347,
2528 2804 2622 2853 354,

658 2870 881 2910 cellerarius
909 2869 968 2919 de,
1003 2871 1092 2919 199,
1115 2871 1308 2919 244-247,
1331 2871 1422 2920 262,
1446 2871 1539 2921 263,
1667 2872 1759 2921 360,
1796 2872 1887 2921 375,
1924 2872 2016 2922 378,
2052 2872 2144 2922 382,
2177 2872 2371 2922 384-386,
2402 2874 2495 2923 417,
2528 2876 2621 2924 428,

585 2943 677 2992 282,
706 2943 798 2991 283,
830 2943 921 2992 306,
953 2943 1044 2991 316,
1076 2943 1168 2991 317,
1199 2942 1291 2991 322,
1323 2943 1415 2990 323,
1447 2943 1539 2992 336,
1665 2943 1759 2992 430,
1790 2943 1882 2992 431,
1910 2943 2003 2993 446,
2034 2943 2127 2991 454,
2158 2943 2251 2993 468,
2282 2944 2374 2994 471,
2405 2945 2499 2994 473,
2526 2946 2620 2995 480,

586 3015 677 3064 369,
704 3015 796 3064 386,
827 3014 919 3063 392,
951 3014 1043 3063 394,
1074 3014 1166 3062 417,
1198 3014 1290 3062 459,
1321 3014 1414 3063 481,
1444 3015 1538 3063 493,
1666 3014 1759 3063 484,
1781 3014 1874 3064 489,
1895 3014 1988 3064 491,
2011 3015 2103 3064 496,
2126 3014 2332 3065 500,-505,
2354 3015 2447 3055 521.

500 3121 505 3125 .
586 3086 679 3125 496.
1248 3084 1263 3094 ’
1738 3085 1899 3124 sacrista
1928 3085 1988 3135 de,
2024 3086 2115 3136 199,
2149 3087 2242 3136 244,
2274 3086 2368 3137 339,
2398 3087 2491 3137 392,
2525 3089 2618 3127 459³

657 3155 879 3195 cellerarius
897 3155 957 3205 de,
977 3154 1063 3194 vide
1081 3153 1294 3205 Driburgh,
1317 3153 1437 3206 Gray.
1665 3157 1757 3207 481,
1779 3158 1873 3207 493,
1895 3158 1987 3207 518,
2010 3158 2104 3197 522.

534 3253 638 3259 —-
657 3226 1007 3272 commendatarius
1025 3226 1085 3275 de,
1106 3226 1192 3265 vide
1212 3225 1331 3265 abbas
1350 3226 1411 3265 de.
1737 3228 1900 3267 sacrista
1918 3227 1978 3278 de,
1999 3229 2085 3268 vide
2106 3227 2232 3279 Guby.
