2762 3834
48 1041 107 1085 81

615 348 1046 401 REGISTRUM
1080 347 1179 399 DE
1215 343 1782 397 ABERBROTHOC.
2173 347 2231 398 71

163 484 356 534 decimo
391 484 598 550 septimo
634 484 715 534 die
750 484 929 534 menfis
954 481 1170 549 Augusti
1206 498 1337 531 anno
1374 479 1581 529 Domini
1617 477 1875 528 millesimo
1901 478 2235 543 quadringen-

163 575 333 626 tefimo
358 576 605 627 tricesimo
630 578 856 643 septimo.
1661 578 1664 580 ’

166 828 439 917 Kynalty.

166 1012 448 1084 Uniuerfis
498 1069 510 1081 .
561 1068 574 1081 .
625 1070 636 1080 .
687 1031 890 1081 ecclefie
925 1032 1041 1080 filiis
1091 1069 1103 1080 .
1156 1068 1167 1080 .
1221 1069 1230 1080 .
1280 1030 1530 1081 Patricius
1561 1032 1623 1082 de
1651 1032 1839 1100 Ogilvy
1866 1033 2142 1083 vicecomes
2174 1034 2235 1082 de

164 1125 344 1175 Forfar
383 1131 432 1174 et
469 1124 700 1173 dominus
743 1124 805 1172 de
844 1123 1197 1189 Awthyrhows
1240 1152 1250 1163 ·
1294 1124 1499 1174 salutem
1540 1162 1550 1173 .
1592 1163 1602 1173 .
1644 1164 1654 1174 .
1693 1125 1912 1175 Nouerit
1944 1126 2237 1176 vniuerfitas

164 1217 327 1267 vestra
350 1234 442 1266 nos
492 1254 502 1265 .
555 1254 565 1265 .
616 1254 627 1264 .
674 1215 875 1281 publice
902 1214 1187 1280 cognouiffe
1221 1217 1357 1280 quod
1392 1233 1452 1265 ex
1489 1217 1758 1267 donatione
1809 1257 1818 1267 .
1873 1257 1885 1267 .
1937 1257 1947 1267 .
1993 1218 2236 1268 Willelmi

172 1350 183 1361 .
224 1350 235 1360 .
276 1349 286 1359 .
323 1310 457 1376 regis
497 1307 761 1359 Scotorum
797 1307 859 1357 (16
896 1307 1044 1358 terris
1083 1308 1180 1356 fiue
1207 1308 1427 1357 dominio
1465 1310 1527 1358 de
1565 1309 1794 1377 Kynalty
1832 1349 1843 1359 .
1885 1350 1895 1360 .
1936 1350 1946 1359 .
1985 1311 2151 1361 abbati
2188 1320 2238 1360 et

98 1396 103 1400 ⁶
164 1403 434 1454 conuentui
474 1440 485 1451 .
526 1439 537 1451 .
577 1440 588 1450 .
626 1401 689 1451 de
715 1399 1059 1450 Abirbrothoc
1099 1437 1110 1448 .
1150 1437 1160 1448 .
1202 1438 1212 1448 .
1252 1407 1452 1450 centum
1477 1402 1621 1451 solidi
1647 1403 1826 1452 vsualis
1861 1411 2060 1453 monete
2092 1406 2237 1470 regni

167 1497 335 1549 Scotie
360 1494 618 1546 annuatim
651 1494 714 1544 ad
740 1493 865 1542 festa
893 1492 1064 1543 Sancti
1089 1491 1303 1542 Martini
1329 1493 1381 1542 in
1406 1511 1552 1560 yeme
1589 1502 1639 1544 et
1674 1494 1993 1546 Pentecostes
2030 1497 2092 1546 de
2128 1498 2236 1546 iure

162 1590 378 1657 persolui
418 1589 634 1638 debeant
670 1625 681 1636 .
723 1625 734 1636 .
774 1625 785 1634 .
823 1586 889 1635 Et
930 1586 1051 1635 licet
1092 1585 1223 1635 (1ίᾶ6
1265 1593 1402 1635 terra
1442 1624 1452 1635 .
1494 1625 1503 1636 .
1547 1626 1557 1635 .
1595 1588 1740 1638 nobis
1779 1627 1789 1637 .
1832 1627 1843 1638 .
1885 1626 1895 1637 .
1932 1588 2236 1640 hereditarie

166 1722 177 1733 .
218 1720 230 1731 .
270 1722 281 1733 .
319 1682 592 1732 dinoscitur
615 1681 870 1747 pertinere
907 1696 1010 1728 non
1046 1677 1119 1728 est
1153 1678 1449 1728 intentionis
1485 1679 1653 1729 nostre
1693 1719 1704 1729 .
1745 1718 1756 1729 .
1801 1719 1811 1730 .
1850 1682 2019 1732 abbati
2049 1690 2098 1732 et
2124 1700 2238 1732 con-

166 1776 338 1826 uentui
365 1784 415 1826 et
438 1774 720 1841 specialiter
744 1772 858 1822 Deo
896 1771 1226 1838 omnipotenti
1251 1772 1302 1821 in
1329 1771 1497 1837 aliquo
1535 1773 1834 1825 defraudare
1887 1812 1898 1822 .
1953 1812 1963 1823 .
2017 1813 2026 1823 .
2080 1775 2240 1840 Igitur

220 1908 231 1918 .
270 1906 282 1919 .
321 1867 641 1917 concedimus
676 1873 778 1914 tam
816 1881 908 1930 pro
938 1863 1081 1914 nobis
1107 1881 1254 1929 quam
1280 1881 1372 1930 pro
1396 1863 1665 1915 heredibus
1689 1865 1871 1915 nostris
1910 1903 1920 1915 .
1962 1905 1972 1916 .
2014 1904 2023 1914 .
2063 1869 2241 1934 imper-

166 1969 370 2027 petuum
424 1999 434 2009 .
488 1998 498 2009 .
554 1998 563 2008 .
616 1958 843 2025 Kynalty
868 1957 1160 2008 inferiorem
1186 1966 1236 2007 et
1261 1958 1603 2008 molendinum
1657 1998 1667 2008 .
1720 1998 1731 2008 .
1784 1998 1794 2008 .
1845 1960 1909 2009 ad
1934 1960 2241 2011 voluntatem

297 2092 307 2103 .
357 2053 549 2103 abbatis
591 2058 641 2101 et
681 2058 959 2100 conuentus
998 2049 1079 2099 vel
1120 2067 1292 2100 eorum
1330 2053 1674 2118 procuratoris
1713 2062 1764 2102 et
1802 2054 2081 2119 specialiter
2116 2056 2241 2104 mari

166 2145 454 2196 monasterii
497 2144 783 2210 quicunque
825 2143 977 2194 fuerit
1020 2143 1096 2192 vel
1134 2144 1399 2194 camerarii
1441 2143 1671 2210 distringi
1717 2183 1727 2193 .
1773 2183 1783 2194 .
1831 2184 1840 2194 .
1888 2144 1987 2194 fine
2029 2146 2243 2196 licencia

170 2239 505 2304 cuiuscunque
540 2238 757 2287 ministri
793 2237 919 2287 iuris
948 2237 1180 2287 canonici
1206 2236 1288 2286 vel
1314 2237 1476 2286 ciuilis
1502 2238 1534 2285 fi
1562 2238 1820 2304 contingat
1861 2277 1870 2287 .
1912 2276 1922 2286 .
1963 2276 1975 2287 .
2012 2239 2239 2289 abbatem

171 2371 181 2382 .
221 2372 232 2383 .
273 2372 283 2383 .
322 2334 383 2382 de
409 2332 552 2382 diffis
577 2338 778 2381 centum
802 2331 970 2380 solidis
1007 2367 1019 2379 .
1060 2368 1071 2380 .
1112 2369 1123 2380 .
1158 2339 1211 2380 vt
1235 2330 1514 2395 predicitur
1539 2347 1639 2379 non
1680 2369 1691 2380 .
1732 2369 1742 2380 .
1784 2370 1794 2381 .
1834 2333 2114 2381 contentari
2141 2361 2150 2371 ·
2179 2333 2240 2381 In

170 2428 308 2477 cuius
349 2427 424 2476 rei
466 2425 803 2475 testimonium
843 2424 1054 2491 figillum
1091 2423 1314 2473 nostrum
1350 2423 1662 2488 presentibus
1698 2423 1770 2473 est
1805 2425 2074 2490 appensum
2108 2426 2240 2490 apud

169 2522 381 2587 burgum
420 2520 482 2569 de
520 2518 708 2568 Dunde
747 2528 926 2583 quarto
965 2517 1047 2566 die
1084 2505 1520 2583 menfis'Augusti
1564 2534 1695 2566 anno
1738 2517 1946 2566 Domini
1985 2517 2240 2567 millefimo

172 2611 658 2680 quadringentesimo
683 2610 932 2662 tricefimo
959 2613 1149 2660 odaauo.

175 2862 495 2952 Refignacio
520 2892 768 2936 terrarum
794 2887 857 2936 de
882 2885 1367 2954 Banchorydeveny.

17 3089 23 3096 ·
69 3072 130 3117 82
177 3047 493 3121 Venerabili
541 3107 552 3119 .
604 3108 616 3120 .
666 3109 677 3120 .
728 3071 930 3120 domino
955 3070 1183 3121 Waltero
1231 3109 1243 3121 .
1290 3110 1301 3121 .
1350 3111 1361 3122 .
1407 3073 1576 3123 abbati
1625 3111 1635 3122 .
1687 3111 1699 3122 .
1751 3111 1761 3121 .
1812 3074 1874 3122 de
1902 3073 2238 3123 Abirbrothoc

185 3201 195 3211 .
235 3201 247 3212 .
287 3201 297 3212 .
336 3164 626 3214 Alexander
658 3165 720 3213 de
753 3163 1007 3215 Meldrum
1044 3164 1273 3214 dominus
1299 3165 1361 3215 de
1386 3165 1532 3232 Fyvy
1557 3173 1607 3215 et
1634 3166 1841 3215 baronie
1866 3166 1928 3215 de
1953 3165 2238 3230 Banchory·
