2762 3834
466 1409 559 1459 264

610 365 707 411 224
1059 353 1478 407 REGISTRUM
1514 351 1609 400 DE
1646 348 2206 412 ABERBROTHOC.

613 493 797 543 farrine
822 492 884 541 ad
908 490 1081 540 festum
1106 485 1476 538 Purificacionis
1501 483 1654 531 Beate
1681 480 1842 529 Marie
1867 479 2073 545 virginis
2111 489 2161 529 et
2185 482 2248 530 ad
2272 481 2446 531 festum
2474 482 2652 531 Inuen-

614 585 769 634 cionis
813 583 990 632 Sancte
1030 580 1206 630 Crucis
1237 617 1246 627 .
1284 616 1293 626 .
1332 614 1342 624 .
1386 574 1577 623 ordium
1620 580 1669 621 et
1711 571 1948 619 farrinam
1984 571 2036 619 in
2074 571 2193 620 villa
2230 573 2291 621 de
2333 571 2518 622 Dunde
2555 612 2565 622 .
2599 612 2608 622 .
2643 613 2651 622 .

614 685 663 724 et
702 676 999 723 frumentum
1049 671 1100 718 in
1150 666 1445 716 monasterio
1483 703 1492 713 .
1531 700 1541 711 .
1580 702 1590 712 .
1634 664 1694 711 de
1743 662 2082 711 Abirbrothoc
2130 663 2208 712 vel
2258 664 2310 712 in
2359 664 2542 714 Dunde
2591 667 2653 714 ad

614 765 827 814 nostrum
853 762 1136 810 mandatum
1157 796 1168 808 .
1188 797 1198 807 .
1219 796 1228 807 .
1251 757 1315 806 Et
1339 757 1371 804 fi
1398 755 1513 804 dicti
1533 794 1542 803 .
1564 792 1575 802 .
1596 792 1605 802 .
1629 755 1681 802 in
1706 754 1954 803 solucione
1979 754 2105 803 dicte
2130 754 2268 804 firme
2294 755 2373 804 sue
2398 756 2655 805 deficerint

614 855 781 905 licebit
808 853 949 901 nobis
986 890 996 900 .
1034 888 1045 900 .
1084 888 1092 897 .
1130 851 1191 898 de
1223 887 1233 898 .
1268 888 1277 897 .
1311 886 1321 897 .
1354 846 1559 896 decimis
1585 883 1597 894 .
1625 883 1635 893 .
1662 884 1673 894 .
1699 845 1959 911 disponere
1985 884 1995 895 .
2022 883 2033 894 .
2061 884 2070 894 .
2097 847 2250 912 Apud
2274 883 2284 894 .
2313 884 2323 895 .
2350 885 2360 896 .
2387 848 2655 912 capitulum

613 946 769 1011 primo
789 945 868 993 die
892 942 1067 992 mensis
1091 941 1126 990 J
1130 941 1216 989 ulii
1242 957 1372 988 anno
1397 938 1604 987 Domini
1634 941 1777 986 1485.

614 1206 896 1276 Affedacio
920 1222 1185 1286 garbarum
1210 1216 1525 1267 decimalium
1551 1216 1613 1264 de
1638 1215 1897 1282 Balargus.

614 1386 887 1459 Uniuersis
910 1411 1077 1469 pateat
1117 1440 1128 1451 .
1165 1439 1176 1450 .
1208 1441 1218 1450 .
1257 1418 1347 1449 nos
1372 1399 1542 1448 Dauid
1567 1400 1794 1450 abbatem
1821 1401 1882 1450 de
1908 1401 2247 1452 Abirbrothoc
2285 1440 2296 1451 .
2336 1440 2347 1451 .
2386 1440 2396 1451 .
2435 1403 2658 1452 assedafl'e

735 1538 744 1548 .
797 1498 1015 1546 Roberto
1044 1495 1229 1544 Grame
1255 1494 1316 1541 de
1341 1492 1381 1540 F
1383 1499 1529 1558 yntre
1556 1500 1604 1540 et
1627 1492 1662 1541 J
1666 1493 1851 1542 ohanni
1885 1493 2072 1543 Grame
2098 1495 2159 1544 de
2185 1495 2427 1561 Balargus
2451 1495 2551 1543 filio
2576 1495 2659 1544 suo

613 1628 624 1638 .
670 1628 681 1638 .
723 1627 733 1638 .
777 1589 993 1637 decimas
1017 1585 1242 1652 garbales
1286 1621 1297 1633 .
1340 1621 1352 1632 .
1394 1621 1405 1632 .
1449 1584 1510 1632 de
1537 1583 1779 1650 Balargus
1803 1592 1854 1634 et
1877 1585 2101 1651 Fynlarg
2138 1624 2149 1635 .
2190 1623 2201 1635 .
2244 1624 2256 1635 .
2288 1587 2339 1635 in
2379 1624 2390 1635 .
2430 1624 2442 1635 .
2482 1624 2492 1635 .
2532 1587 2659 1636 vice·

613 1682 846 1731 comitatu
888 1682 949 1729 de
986 1679 1193 1728 Forfare
1232 1694 1324 1742 pro
1364 1676 1587 1726 terminis
1622 1694 1802 1725 nouem
1839 1694 2083 1726 annorum
2125 1717 2135 1726 .
2180 1715 2191 1726 .
2239 1715 2249 1726 .
2288 1679 2499 1727 termino
2540 1696 2657 1727 vero

614 1774 843 1822 introitus
882 1809 892 1820 .
932 1809 943 1820 .
984 1809 994 1820 .
1031 1770 1301 1834 incipiente
1322 1768 1372 1816 in
1392 1767 1511 1816 festo
1535 1766 1703 1817 Sancti
1722 1768 1860 1818 Petri
1882 1770 2149 1818 aduincula
2166 1770 2333 1819 datam
2350 1770 2656 1835 presencium

613 1865 894 1913 immediate
919 1863 1150 1927 sequente
1194 1900 1204 1909 .
1242 1899 1251 1909 .
1289 1900 1297 1908 .
1346 1859 1596 1910 Soluendo
1632 1897 1643 1908 .
1684 1897 1695 1908 .
1736 1897 1747 1908 .
1784 1877 1876 1925 pro
1906 1861 2110 1909 decimis
2145 1862 2431 1926 gar-balibus
2456 1862 2571 1911 ville
2597 1863 2658 1912 de

616 1957 854 2021 Balargus
893 1962 1102 2019 quatuor
1139 1953 1296 2002 bollas
1335 1952 1570 2001 frumenti
1612 1953 1883 2002 octodecim
1924 1953 2081 2002 bollas
2123 1954 2252 2002 ordii
2294 1961 2344 2003 et
2385 1954 2658 2003 octodecim

613 2048 768 2097 bollas
804 2047 987 2095 farrine
1013 2075 1023 2085 ·
1058 2053 1107 2095 et
1131 2063 1220 2111 pro
1248 2045 1367 2093 villa
1391 2045 1452 2093 de
1477 2043 1700 2110 Fynlark
1724 2046 1978 2095 sexdecem
2004 2045 2160 2095 bollas
2184 2046 2370 2094 farrine
2396 2047 2459 2095 ad
2483 2047 2657 2095 festum

616 2139 986 2189 Purificacionis
1032 2139 1185 2188 Beate
1235 2137 1397 2186 Marie
1444 2137 1651 2202 virginis
1699 2145 1748 2186 et
1794 2138 1858 2186 ad
1905 2137 2080 2187 festum
2122 2137 2440 2186 Inuencionis
2482 2136 2658 2186 San&e

618 2232 792 2282 Crucis
834 2270 842 2279 .
880 2271 889 2280 .
927 2269 937 2279 .
986 2231 1179 2279 ordium
1227 2237 1276 2279 et
1323 2229 1562 2278 farrinam
1600 2229 1653 2277 in
1695 2229 1814 2278 villa
1850 2230 1912 2278 de
1955 2229 2143 2278 Dunde
2193 2267 2205 2277 .
2253 2267 2265 2277 .
2310 2267 2321 2277 .
2361 2238 2410 2278 et
2443 2230 2657 2278 frumen-

617 2332 719 2371 tum
772 2324 824 2371 in
876 2322 1172 2371 monasterio
1216 2361 1226 2371 .
1270 2361 1279 2371 .
1324 2361 1333 2370 .
1378 2322 1439 2370 de
1486 2321 1825 2371 Abirbrothoc
1872 2322 1951 2370 vel
1998 2322 2051 2370 in
2098 2321 2282 2370 Dunde
2329 2322 2393 2370 ad
2439 2320 2658 2370 nostrum

616 2416 898 2463 mandatum
938 2452 949 2462 .
989 2452 1000 2462 .
1038 2451 1050 2463 .
1086 2415 1152 2463 Et
1177 2415 1209 2462 fi
1235 2415 1351 2462 dieti
1386 2451 1397 2462 .
1426 2451 1438 2462 .
1467 2451 1478 2462 .
1514 2414 1566 2462 in
1591 2413 1842 2463 solucione
1881 2451 1892 2462 .
1935 2452 1944 2462 .
1981 2451 1993 2463 .
2031 2414 2289 2463 deficerint
2312 2413 2482 2463 licebit
2516 2412 2658 2461 nobis

734 2545 743 2554 .
791 2506 851 2554 de
890 2544 901 2554 .
942 2542 953 2553 .
991 2543 1002 2553 .
1039 2506 1242 2554 decimis
1278 2506 1536 2571 disponere
1574 2543 1585 2554 .
1623 2543 1634 2554 .
1674 2543 1685 2554 .
1721 2506 1872 2570 Apud
1913 2543 1924 2554 .
1970 2543 1981 2554 .
2026 2543 2038 2554 .
2078 2505 2347 2571 capitulum
2382 2505 2541 2570 primo
2578 2504 2658 2553 die

619 2594 793 2644 mensis
816 2595 850 2644 J
854 2596 940 2644 ulii
965 2613 1094 2644 anno
1120 2596 1325 2645 Domini
1353 2601 1494 2646 1485.

624 2846 908 2917 Affedacio
932 2864 1198 2930 garbarum
1224 2864 1537 2913 decimalium
1561 2866 1768 2917 dominii
1792 2870 1854 2919 de
1882 2869 2137 2936 Carmyly.

474 3049 572 3101 ⁶265
624 3025 902 3103 Uniuerfis
937 3054 1103 3112 pateat
1140 3084 1151 3095 .
1190 3084 1201 3095 .
1242 3084 1253 3095 .
1288 3064 1378 3096 nos
1414 3047 1584 3097 Dauid
1625 3087 1637 3098 .
1682 3088 1693 3099 .
1742 3090 1752 3100 .
1797 3054 2026 3102 abbatem
2068 3091 2079 3102 .
2124 3090 2135 3102 .
2176 3090 2187 3102 .
2227 3053 2288 3102 de
2327 3052 2661 3102 Abirbrothoc

628 3181 634 3190 .
677 3177 688 3190 .
723 3177 735 3190 .
772 3138 995 3190 affedass'e
1031 3178 1041 3189 .
1090 3178 1099 3188 .
1136 3178 1146 3189 .
1184 3138 1404 3188 Roberto
1432 3138 1843 3208 Strathaqwhyne
1868 3151 1918 3193 et
1942 3144 2126 3194 Jonete
2149 3145 2318 3210 sponse
2343 3145 2424 3194 sue
2460 3184 2469 3194 .
2513 3184 2522 3193 .
2565 3183 2575 3194 .
2615 3150 2663 3192 et
