2762 3834
435 872 532 921 336

436 3075 531 3124 337

583 372 680 424 272
1036 366 1460 419 REGISTRUM
1494 365 1590 415 DE
1623 363 2177 413 ABERBROTHOC.

584 572 883 646 Commissio
908 594 1024 641 data
1047 592 1196 640 certis
1220 588 1626 655 procuratoribus
1649 603 1802 652 penes
1826 587 2181 636 limitacionem
2208 596 2450 636 terrarum
2478 588 2632 636 eccle-

585 686 880 735 fiasticarum
907 685 968 732 de
992 683 1327 731 Aberkerdor.

584 845 710 918 Nos
734 866 903 915 Dauid
928 866 1076 914 abbas
1112 903 1119 911 .
1159 901 1167 910 .
1207 903 1215 911 .
1253 864 1314 912 de
1340 862 1565 912 Arbroth
1603 901 1611 909 .
1648 900 1657 908 .
1693 899 1702 907 .
1739 861 1948 910 facimus
1985 899 1997 910 .
2037 899 2048 910 .
2089 898 2100 910 .
2138 860 2331 909 nostros
2356 860 2630 909 confratres

581 958 804 1007 dominos
847 956 1187 1004 Alexandrum
1231 955 1439 1003 Masoun
1482 954 1699 1017 priorem
1741 955 1803 1002 de
1844 953 1994 1020 wae
2042 984 2053 994 ·
2101 953 2443 1002 Alexandrum
2483 951 2630 1002 Crale

580 1049 901 1099 camerarium
945 1047 1164 1096 nostrum
1213 1075 1224 1085 ·
1274 1054 1323 1095 et
1369 1046 1657 1111 magistrum
1705 1046 1978 1095 Patricium
2029 1045 2239 1112 Ogylwe
2281 1045 2520 1094 vicarium
2569 1046 2630 1093 de

578 1141 740 1205 Forge
775 1139 966 1188 nostros
1007 1176 1017 1187 .
1061 1177 1071 1187 .
1116 1177 1127 1187 .
1164 1146 1512 1203 procuratores
1549 1140 1611 1187 ad
1649 1140 2036 1204 comparendum
2070 1155 2236 1187 coram
2277 1175 2286 1184 .
2332 1176 2341 1184 .
2380 1176 2388 1184 .
2429 1137 2630 1185 domino

579 1234 784 1280 Andrea
830 1231 1057 1295 episcopo
1104 1229 1405 1279 Morauienfi
1454 1238 1540 1279 aut
1591 1231 1696 1279 eius
1743 1229 2078 1280 commiffariis
2116 1269 2125 1278 .
2164 1269 2173 1278 .
2211 1269 2219 1277 .
2260 1238 2310 1279 et
2358 1229 2628 1279 iusticiario

626 1364 633 1371 .
674 1361 684 1372 .
724 1323 854 1387 regis
880 1340 939 1371 ex
963 1330 1105 1387 parte
1142 1339 1268 1385 aque
1302 1322 1482 1371 boriali
1519 1324 1580 1372 de
1617 1323 1803 1373 Forthe
1841 1322 2106 1372 constituto
2144 1330 2230 1372 aut
2268 1323 2484 1372 eiusdem
2521 1359 2530 1367 .
2571 1360 2580 1368 .
2618 1359 2626 1366 .

581 1416 825 1481 deputatis
850 1416 929 1463 die
955 1414 1134 1464 Martis
1159 1419 1333 1463 octaua
1356 1416 1437 1464 die
1462 1415 1639 1464 menfis
1663 1415 1698 1464 J
1701 1416 1894 1465 anuarii
1917 1415 2142 1480 proxime
2160 1415 2315 1464 futuri
2338 1416 2419 1463 seu
2438 1413 2628 1478 quibus-

579 1526 771 1572 cunque
796 1508 904 1556 aliis
923 1507 1095 1556 diebus
1114 1515 1198 1556 aut
1216 1507 1338 1556 locis
1358 1524 1449 1571 per
1467 1507 1660 1557 eosdem
1681 1507 1979 1573 affignandis
1998 1508 2131 1572 apud
2149 1515 2306 1556 terras
2326 1505 2629 1555 debatabiles

578 1602 639 1650 de
670 1600 1028 1665 Aberkeyrdor
1064 1599 1197 1649 inter
1232 1600 1577 1649 Alexandrum
1617 1599 1768 1649 Innes
1808 1601 1870 1648 de
1912 1600 2084 1648 eodem
2121 1616 2212 1664 pro
2247 1607 2389 1663 parte
2423 1597 2627 1646 baronie

576 1695 659 1743 sue
685 1693 745 1741 de
774 1691 1097 1741 Aberkerdor
1133 1700 1182 1741 et
1213 1692 1466 1741 dominum
1493 1693 1837 1742 Alexandrum
1877 1691 2117 1758 Symsoun
2142 1691 2382 1740 vicarium
2413 1689 2627 1738 eiusdem

578 1803 668 1850 pro
702 1792 842 1849 parte
878 1791 1008 1832 terre
1047 1784 1371 1834 ecclesiastice
1408 1785 1490 1834 sue
1527 1786 1588 1834 de
1625 1785 1988 1850 Aberkeyrdor
2013 1792 2063 1833 et
2087 1801 2208 1848 quas
2233 1783 2389 1832 dietus
2414 1781 2628 1831 vicarius

579 1884 715 1938 tenet
739 1877 800 1924 de
824 1876 965 1923 nobis
991 1904 1001 1914 ·
1028 1884 1076 1924 et.
1100 1876 1283 1924 ibidem
1308 1877 1358 1925 in
1386 1877 1531 1926 causa
1566 1916 1577 1926 .
1613 1917 1622 1927 .
1661 1917 1670 1926 .
1705 1886 1952 1926 terrarum
1976 1876 2329 1926 debatabilium
2369 1912 2380 1923 .
2418 1911 2429 1922 .
2466 1911 2477 1922 .
2515 1890 2625 1922 cum

580 1968 826 2017 communi
850 1968 1048 2032 pastura
1070 1985 1161 2032 pro
1185 1969 1411 2018 intereffe
1435 1970 1604 2018 nostro
1634 1969 1881 2035 agendum
1921 2007 1932 2017 .
1978 2006 1988 2016 .
2030 2009 2039 2018 .
2080 1976 2130 2017 et
2154 1968 2379 2017 dominos
2405 1982 2626 2030 compro-

578 2060 812 2108 miffarios
856 2097 866 2107 .
912 2098 922 2107 .
969 2098 979 2108 .
1022 2060 1072 2108 in
1110 2061 1363 2125 presencia
1387 2062 1702 2110 dominorum
1739 2060 1926 2110 consilii
1966 2101 1975 2110 .
2019 2101 2028 2110 .
2071 2098 2083 2109 .
2126 2060 2258 2125 regis
2298 2099 2307 2108 .
2348 2099 2356 2107 .
2398 2098 2407 2107 .
2448 2058 2626 2106 electos

577 2151 731 2199 iurari
769 2151 1034 2200 videndum
1081 2190 1090 2199 .
1248 2156 1355 2201 aaa
1394 2191 1405 2202 .
1450 2192 1460 2202 .
1503 2191 1514 2202 .
1553 2154 1825 2202 eorundem
1859 2153 1981 2202 ferri
2016 2153 2285 2217 petendum
2324 2189 2334 2199 .
2371 2191 2380 2200 .
2422 2188 2434 2198 .
2478 2150 2625 2198 docu-

577 2250 743 2292 menta
766 2243 933 2291 nostra
958 2244 1109 2292 verbo
1145 2252 1194 2293 et
1228 2244 1422 2309 scriptis
1458 2247 1834 2311 producendum
1869 2286 1877 2295 .
1917 2285 1927 2294 .
1964 2283 1975 2294 .
2010 2245 2189 2294 diuisas
2231 2285 2240 2294 .
2278 2285 2287 2294 .
2327 2283 2337 2293 .
2379 2252 2624 2292 terrarum

577 2335 926 2384 debatabilium
950 2336 1154 2384 limitari
1181 2376 1190 2385 .
1216 2376 1225 2385 .
1254 2374 1264 2385 .
1291 2337 1636 2401 postulandum
1664 2347 1712 2388 et
1749 2378 1758 2388 .
1794 2378 1801 2385 .
1843 2377 1853 2387 .
1889 2338 2055 2386 omnia
2073 2338 2172 2386 alia
2204 2375 2215 2386 .
2252 2376 2262 2386 .
2298 2375 2308 2385 .
2343 2336 2623 2385 faciendum

575 2443 669 2490 que
712 2427 775 2474 ad
816 2426 1109 2475 decisionem
1152 2466 1162 2476 .
1201 2468 1210 2476 .
1249 2468 1258 2477 .
1296 2430 1357 2478 de
1398 2430 1507 2478 iure
1545 2431 1792 2493 pertinere
1831 2430 2101 2479 noscuntur
2142 2470 2152 2479 .
2196 2467 2208 2478 .
2253 2470 2262 2479 .
2306 2429 2459 2493 Apud
2498 2464 2509 2474 .
2555 2464 2565 2474 .
2611 2462 2622 2473 .

582 2518 847 2581 capitulum
889 2556 899 2567 .
944 2556 954 2566 .
997 2556 1007 2566 .
1048 2520 1202 2568 tercio
1221 2520 1452 2571 Januarii
1478 2539 1609 2571 anno
1629 2521 1835 2570 Domini
1859 2521 2113 2570 millefimo
2138 2517 2623 2586 quadringentesimo

581 2609 892 2673 nonagesimo
918 2610 1145 2660 secundo.

584 2865 796 2938 Littera
818 2889 1033 2955 homagii
1059 2891 1367 2941 dominorum
1391 2895 1452 2942 de
1477 2894 1637 2943 Drum
1664 2903 1713 2945 et
1737 2895 1955 2945 Pettaro.

589 3105 599 3116 .
638 3103 649 3114 .
680 3105 690 3115 .
720 3067 869 3116 Anno
908 3104 918 3115 .
958 3105 969 3115 .
1012 3103 1024 3114 .
1064 3067 1317 3116 millefimo
1342 3071 1823 3137 quadringentesimo
1848 3074 2164 3140 nonogefimo
2198 3073 2413 3122 secundo
2448 3070 2623 3119 meniis

582 3176 704 3208 vero
739 3158 998 3208 Februarii
1034 3159 1114 3208 die
1149 3162 1277 3208 xxv‘0
1310 3198 1320 3209 .
1358 3198 1368 3210 .
1408 3199 1419 3210 .
1456 3162 1507 3210 in
1545 3202 1554 3211 .
1589 3202 1598 3212 .
1631 3203 1640 3213 .
1671 3164 1864 3214 Thome
1903 3166 2090 3215 domini
2126 3166 2187 3215 de
2225 3163 2544 3214 Innermethe
2575 3170 2624 3210 et
