2742 3848
399 1141 496 1192 730

398 2247 493 2298 732

544 360 641 410 494
998 347 1424 400 REGISTRUM
1459 346 1555 395 DE
1587 343 2142 395 ABERBROTHOC.

544 487 792 554 affignatis
827 502 927 534 non
961 483 1161 533 maioris
1196 483 1348 530 status
1383 480 1562 544 garbas
1598 478 1864 527 decimales
1901 478 2103 527 ecclefie
2140 478 2201 526 de
2241 477 2461 527 Garwok
2503 505 2512 514 ·
2551 485 2600 526 et

545 579 663 644 quia
685 578 902 643 quinque
928 576 1045 625 anni
1065 573 1384 623 affedacionis
1403 586 1583 619 nouem
1603 587 1847 618 annorum
1868 570 2128 619 Elizabeth
2148 569 2356 635 Martyn
2373 569 2599 633 illiusque

545 670 793 736 affignatis
817 669 945 717 facte
970 665 1228 730 supersunt
1252 663 1494 713 terminus
1519 662 1672 728 igitur
1695 662 1931 712 introitus
1955 662 2293 727 predictorum
2317 662 2524 726 incipiet
2547 662 2599 709 in

544 763 666 811 festo
707 760 874 810 Sancti
911 758 1050 807 Petri
1091 757 1357 806 aduincula
1396 759 1526 803 1534
1570 780 1581 791 ·
1627 753 1879 805 Soluendo
1922 754 2178 820 octoginta
2212 754 2364 803 libras
2404 760 2599 802 monete

546 854 717 902 Scocie
743 882 752 891 ·
784 857 844 899 15
869 851 995 900 Julii
1023 854 1168 904 1529.

547 1114 698 1185 Idem
737 1134 918 1182 affedat
953 1149 1045 1197 pro
1082 1131 1413 1180 nouendecim
1450 1131 1594 1180 annis
1620 1149 1650 1180 a
1672 1130 1796 1180 festo
1820 1130 2176 1181 Penthecostes
2205 1135 2334 1186 1529
2369 1132 2602 1197 magistro

545 1226 791 1274 Duncano
816 1223 1008 1272 Burnet
1033 1229 1082 1271 et
1108 1222 1418 1271 Allexandro
1438 1220 1630 1272 Burnet
1655 1224 1717 1273 de
1746 1223 2152 1290 Cannoglerocht
2172 1232 2220 1274 et
2238 1224 2334 1273 suis
2356 1223 2603 1289 aflignatis

544 1328 593 1368 et
630 1317 1002 1367 subtenentibus
1037 1333 1138 1364 non
1175 1315 1376 1364 maioris
1413 1314 1566 1364 status
1601 1324 1761 1365 terras
1797 1317 1858 1365 de
1896 1316 2255 1382 Brauthynche
2295 1344 2306 1356 ·
2352 1315 2603 1366 Soluendo

545 1413 728 1476 septem
749 1427 939 1459 marcas
958 1416 1155 1458 monete
1179 1407 1353 1458 Scocie
1375 1426 1485 1457 cum
1508 1409 1560 1474 ly
1576 1418 1804 1475 rynmart
1829 1417 1879 1459 et
1903 1411 2108 1476 weddyr
2134 1417 2183 1459 et
2208 1410 2318 1459 aliis
2339 1410 2571 1459 oneribus
2590 1438 2599 1447 -

548 1504 607 1551 16
631 1502 756 1551 Julii
784 1506 928 1556 1529.

549 1757 702 1829 Idem
740 1777 922 1827 affedat
960 1777 1138 1826 eisdem
1175 1794 1267 1842 pro
1305 1778 1636 1827 nouendecim
1680 1780 1823 1828 annis
1861 1780 1924 1828 ab
1963 1780 2138 1828 eodem
2182 1780 2302 1828 festo
2342 1786 2500 1828 terras
2542 1780 2602 1827 de

548 1871 815 1936 Kynnessze
837 1887 958 1935 quas
982 1871 1113 1919 idem
1134 1870 1442 1919 Allexander
1461 1871 1727 1935 occupauit
1748 1900 1758 1910 ·
1782 1871 2034 1922 Soluendo
2054 1873 2177 1921 duas
2196 1889 2388 1921 marcas
2406 1879 2603 1920 monete

547 1963 718 2012 Scocie
745 1981 857 2012 cum
879 1963 932 2028 ly
956 1972 1184 2028 rynmart
1209 1970 1257 2012 et
1282 1965 1474 2030 veddyr
1499 1971 1548 2013 et
1574 1963 1683 2013 aliis
1707 1964 1939 2014 oneribus
1966 1992 1976 2003 ·
2006 1964 2068 2014 16
2092 1964 2128 2014 J
2131 1965 2219 2014 ulii
2247 1969 2387 2020 1529.

547 2221 698 2292 Idem
719 2240 899 2291 affedat
917 2259 1008 2306 pro
1027 2243 1357 2291 nouendecim
1383 2242 1526 2292 annis
1546 2241 1802 2292 Willelmo
1819 2241 1955 2291 Wod
1973 2242 2034 2291 de
2053 2242 2318 2291 Bonneton
2339 2242 2605 2291 heredibus

547 2333 643 2382 suis
668 2342 716 2383 et
741 2333 990 2399 assignatis
1016 2351 1115 2382 non
1141 2334 1343 2383 maioris
1373 2334 1525 2383 status
1560 2336 1739 2399 garbas
1776 2335 2042 2384 decimales
2078 2342 2326 2384 terrarum
2362 2336 2423 2383 de
2459 2334 2604 2383 New-

546 2427 749 2491 byggyn
765 2434 813 2475 et
827 2427 1098 2475 molendini
1119 2427 1334 2475 eiusdem
1350 2427 1513 2476 vocati
1528 2427 1888 2493 Kyrktonmyll
1910 2429 1964 2476 in
1978 2429 2241 2493 regalitate
2263 2429 2323 2476 de
2344 2427 2606 2493 Arbroyth

549 2526 597 2565 et
622 2518 971 2567 vicecomitatu
997 2519 1057 2566 de
1083 2518 1125 2566 F
1128 2519 1261 2567 orfar
1298 2547 1308 2557 ·
1347 2519 1625 2569 Reddendo
1653 2539 1799 2570 vnam
1825 2522 2045 2570 celdram
2070 2522 2355 2571 victualium
2380 2521 2604 2570 mensure

549 2609 644 2657 fori
669 2609 914 2658 currentis
939 2611 1000 2658 de
1024 2611 1167 2658 bonis
1204 2618 1253 2659 et
1288 2612 1485 2660 mundis
1515 2613 1808 2662 victualibus
1839 2613 2074 2663 videlicet
2109 2614 2327 2678 quinque
2362 2613 2520 2662 bollas
2556 2621 2605 2661 et

550 2717 698 2748 vnam
738 2701 950 2749 firlotam
989 2701 1225 2751 frumenti
1267 2731 1277 2741 ·
1322 2703 1540 2767 quinque
1581 2705 1738 2754 bollas
1780 2712 1830 2754 et
1872 2722 2021 2754 vnam
2062 2705 2278 2754 firlotam
2319 2705 2461 2754 ordei
2502 2734 2512 2744 ·
2557 2712 2604 2752 et

551 2792 770 2856 quinque
794 2792 951 2840 bollas
976 2799 1025 2841 et
1050 2794 1171 2841 duas
1194 2793 1381 2842 firlotas
1418 2795 1579 2844 farine
1604 2797 1864 2846 auenatice
1903 2825 1913 2837 ·
1955 2797 2055 2846 fine
2090 2796 2367 2861 preiudicio
2398 2796 2604 2845 Ricardi

550 2884 787 2948 Dowglas
813 2891 862 2933 et
885 2884 1063 2948 Egidie
1102 2885 1215 2933 Tod
1252 2885 1355 2933 eius
1386 2887 1555 2950 sponse
1592 2905 1861 2953 eorumque
1898 2889 2248 2954 affignatorum
2274 2889 2451 2953 quibus
2476 2887 2602 2936 diae

552 2977 742 3049 decime
768 2983 882 3024 ante
901 2975 1108 3024 affedate
1128 2977 1329 3025 fuerunt
1352 2994 1443 3041 pro
1469 2979 1617 3027 certis
1642 2981 1785 3028 annis
1810 2981 2032 3030 nondum
2058 2981 2264 3030 defluxis
2288 2981 2379 3028 nisi
2403 2979 2602 3028 interim

554 3087 665 3120 cum
709 3070 889 3119 eisdem
929 3069 1079 3118 fuerit
1127 3071 1482 3119 concordatum
1524 3100 1535 3111 ·
1579 3089 1690 3121 cum
1737 3073 2016 3138 prouifione
2064 3074 2221 3123 eciam
2269 3074 2403 3138 quod
2449 3073 2602 3121 difims
2683 3119 2688 3123 .

554 3163 835 3214 Willelmus
861 3170 909 3211 et
934 3162 1143 3211 heredes
1168 3170 1217 3212 et
1242 3161 1464 3227 affignati
1497 3181 1598 3212 non
1635 3171 1900 3214 teneantur
1923 3165 2015 3214 nifi
2040 3167 2104 3215 ad
2128 3166 2426 3215 solucionem
2464 3163 2601 3213 dimi-
