2762 3834
444 1999 540 2047 464

599 310 695 364 372
1043 304 1470 358 REGISTRUM
1506 303 1602 352 DE
1639 299 2202 351 ABERBROTHOC.

597 443 881 509 garbalibus
918 441 1185 490 earundem
1223 448 1470 488 terrarum
1509 453 1654 485 vnam
1690 435 1910 484 celdram
1948 435 2087 483 ordei
2125 443 2174 483 et
2211 435 2371 484 farine
2409 453 2517 484 cum
2558 455 2652 487 vna

598 535 730 584 bolla
753 533 985 583 frumenti
1014 533 1140 580 di8ce
1165 531 1390 579 mensure
1416 557 1426 568 ·
1453 546 1511 577 ac
1537 527 1692 576 eciam
1718 544 1863 575 vnam
1888 526 2106 575 celdram
2133 534 2182 575 et
2207 535 2307 576 tres
2333 527 2488 576 bollas
2512 530 2647 578 ordei

599 635 647 675 et
672 626 829 674 farine
855 641 965 673 cum
990 624 1147 672 tribus
1171 622 1315 671 bollis
1342 619 1576 669 frumenti
1604 636 1695 683 pro
1732 618 1938 667 decimis
1973 619 2258 683 garbalibus
2283 620 2343 668 de
2370 619 2649 670 Annatston

645 758 654 766 .
694 755 705 766 .
745 733 954 764 vnacum
993 714 1254 763 duodecim
1298 713 1570 778 caponibus
1607 721 1658 760 et
1699 711 1908 761 totidem
1946 711 2095 777 pullis
2139 712 2321 761 adultis
2364 741 2374 752 ·
2417 712 2652 763 Preterea

595 809 866 874 predi&um
911 845 921 855 .
968 845 979 855 .
1022 844 1034 855 .
1079 806 1341 871 aflignatos
1377 813 1426 855 et
1462 806 1779 855 subtenentes
1815 804 1878 852 ab
1915 804 2149 853 oneribus
2183 804 2550 853 husbandorum
2578 823 2650 854 re-

595 902 814 949 laxamus
839 899 969 948 saluo
995 908 1160 948 tamen
1186 899 1320 963 quod
1342 898 1584 947 inducant
1618 936 1629 947 .
1665 935 1676 947 .
1712 934 1724 945 .
1757 897 1949 963 tegulas
1975 898 2038 946 ad
2062 898 2281 946 nostrum
2304 897 2651 946 monasterium

596 1000 649 1041 ut
674 991 757 1040 alii
783 990 1023 1039 husbandi
1065 1029 1076 1039 .
1120 1029 1130 1039 .
1173 1029 1183 1039 .
1225 991 1423 1055 quando
1457 990 1651 1040 onerati
1687 990 1874 1039 fuerint
1917 1018 1927 1029 ·
1965 990 2031 1040 Et
2057 991 2087 1039 fi
2117 990 2275 1039 dictus
2319 1027 2330 1037 .
2373 1028 2385 1039 .
2432 1028 2442 1039 .
2486 991 2651 1055 suique

596 1083 818 1150 affignati
844 1090 928 1132 aut
950 1100 1118 1132 eorum
1145 1076 1460 1132 subtenentes
1499 1120 1511 1132 .
1550 1120 1561 1132 .
1602 1121 1612 1132 .
1650 1083 1837 1133 fuerint
1875 1122 1885 1132 .
1923 1121 1933 1132 .
1971 1121 1982 1132 .
2017 1083 2146 1133 male
2170 1083 2507 1148 persoluentes
2543 1121 2552 1131 .
2591 1122 2600 1131 .
2639 1122 2648 1132 .

595 1184 679 1225 aut
721 1175 940 1224 iniuriofi
984 1212 995 1224 .
1042 1212 1054 1224 .
1101 1214 1112 1224 .
1155 1175 1326 1224 licebit
1367 1175 1511 1224 nobis
1553 1212 1564 1224 .
1611 1214 1622 1225 .
1668 1215 1679 1226 .
1730 1178 1791 1226 de
1835 1215 1846 1225 .
1895 1215 1905 1226 .
1953 1215 1963 1226 .
2007 1177 2154 1227 terris
2191 1186 2240 1227 et
2275 1177 2480 1226 decimis
2526 1215 2535 1225 .
2583 1214 2594 1225 .
2639 1215 2649 1225 .

595 1268 851 1334 disponere
894 1306 906 1316 .
947 1305 959 1317 .
1001 1306 1012 1316 .
1055 1267 1165 1317 Nec
1201 1268 1551 1317 licebitdiffis
1593 1307 1604 1317 .
1645 1307 1655 1318 .
1697 1307 1709 1318 .
1748 1277 1906 1319 terras
1931 1277 1981 1319 et
2005 1270 2223 1319 decimas
2252 1269 2401 1318 alicui
2438 1268 2650 1318 affedare

595 1399 605 1409 .
646 1399 657 1409 .
698 1399 708 1409 .
747 1359 847 1409 fine
880 1359 1048 1409 nostra
1081 1360 1295 1410 licencia
1331 1361 1554 1410 cottariis
1581 1363 1800 1427 exceptis
1843 1400 1854 1411 .
1900 1400 1911 1412 .
1957 1400 1968 1411 .
2015 1362 2168 1428 Apud
2210 1362 2434 1412 Arbroth
2479 1366 2650 1411 octauo

593 1454 672 1502 die
697 1452 872 1503 mensis
898 1452 1090 1518 Aprilis
1113 1470 1243 1502 anno
1269 1452 1477 1502 Domini
1503 1460 1569 1502 m⁰
1594 1454 1832 1520 quingen⁰
1857 1457 2043 1504 o&au0.

594 1704 894 1776 Commissio
919 1724 1035 1773 data
1059 1724 1292 1789 magistro
1314 1724 1348 1773 J
1352 1725 1506 1774 acobo
1534 1724 1749 1790 Heryng
1770 1741 1861 1789 pro
1889 1725 2069 1774 vnione
2095 1725 2156 1774 de
2182 1724 2333 1792 wae
2352 1725 2403 1774 in
2424 1725 2648 1775 manibus

593 1818 782 1867 abbatis
807 1816 1027 1882 Georgii.

595 1979 873 2051 Uniuerfis
912 2036 923 2047 .
967 2035 977 2047 .
1018 2035 1028 2046 .
1069 1998 1316 2064 Georgius
1360 2035 1371 2047 .
1415 2036 1426 2047 .
1467 2036 1478 2046 .
1522 1998 1673 2047 abbas
1713 2036 1721 2046 .
1767 2037 1776 2045 .
1817 2037 1826 2046 .
1869 1998 1931 2046 de
1957 1997 2182 2047 Arbroth
2221 2038 2229 2046 .
2264 2038 2272 2047 .
2307 2039 2315 2046 .
2362 1998 2607 2066 [salutem]
2636 2030 2646 2039 ·

595 2091 701 2140 Nos
745 2129 757 2140 .
803 2129 813 2140 .
860 2130 870 2140 .
915 2091 1254 2141 constituimus
1298 2130 1309 2140 .
1353 2129 1364 2139 .
1411 2129 1421 2139 .
1465 2090 1753 2156 magistrum
1786 2090 2033 2140 ,Iacobum
2071 2090 2286 2158 Heryng
2310 2092 2549 2141 vicarium
2587 2093 2647 2140 de

594 2184 804 2233 Murhus
850 2184 1070 2232 nostrum
1118 2222 1127 2232 .
1168 2223 1177 2232 .
1219 2224 1228 2232 .
1277 2192 1652 2249 procuratorem
1697 2221 1708 2231 .
1757 2221 1767 2232 .
1813 2221 1822 2232 .
1870 2185 1933 2233 ad
1981 2183 2276 2249 capiendum
2322 2225 2329 2233 .
2374 2225 2383 2233 .
2428 2225 2436 2234 .
2477 2184 2647 2250 posses-

594 2279 774 2327 sionem
817 2318 825 2326 .
871 2318 879 2326 .
923 2317 931 2326 .
973 2277 1224 2342 prioratus
1265 2278 1327 2327 de
1367 2277 1524 2343 way
1560 2275 1842 2341 iuriumque
1885 2283 1934 2325 et
1971 2276 2394 2341 pertinenciorum
2433 2278 2645 2327 eiusdem

593 2369 759 2418 nostro
794 2369 1088 2419 monasterio
1125 2387 1214 2435 per
1258 2410 1267 2419 .
1311 2410 1320 2419 .
1364 2410 1373 2419 .
1416 2388 1594 2435 papam
1631 2369 1822 2418 Julium
1864 2370 2157 2418 modernum
2192 2379 2432 2435 perpetuo
2476 2373 2645 2421 advni-

595 2472 756 2511 torum
795 2493 804 2503 ·
844 2463 983 2510 cuius
1026 2502 1034 2510 .
1079 2502 1087 2511 .
1137 2502 1145 2511 .
1188 2463 1411 2528 regimen
1439 2463 1730 2512 Alexander
1765 2461 1938 2512 Mason
1975 2462 2246 2511 monachus
2280 2463 2434 2513 nostri
2459 2465 2645 2514 monas-

596 2554 710 2603 terii
736 2554 905 2618 sponte
931 2553 1063 2603 ceffit
1087 2572 1253 2604 coram
1278 2556 1473 2604 notario
1499 2563 1548 2604 et
1573 2555 1776 2605 testibus
1814 2594 1823 2603 .
1861 2594 1869 2603 .
1908 2594 1917 2603 .
1955 2554 2103 2619 Apud
2148 2595 2157 2604 .
2195 2596 2204 2604 .
2244 2596 2252 2604 .
2295 2556 2643 2606 monasterium

596 2646 748 2695 xxviii
773 2646 853 2694 die
877 2644 1052 2695 menfis
1081 2646 1384 2712 Septembris
1408 2665 1539 2697 anno
1564 2648 1769 2697 Domini
1795 2654 1862 2696 m⁰
1886 2647 2125 2712 quingen·
2150 2651 2340 2697 octauO.
