2586 3834
672 354 1103 406 REGIST-RUM
1136 355 1234 404 DE
1269 355 1825 409 ABERBROTHOG.
2162 370 2257 413 403

227 488 467 538 Connane
505 504 616 535 cum
650 487 855 536 decimis
889 486 1171 551 garbalibus
1207 526 1216 536 .
1254 527 1264 536 .
1304 527 1313 537 .
1350 506 1441 553 pro
1473 496 1576 538 toto
1612 496 1833 554 tempore
1861 492 1956 539 vite
1993 495 2257 541 eorundem

225 620 233 628 .
274 619 283 628 .
325 618 333 627 .
371 596 517 643 quam
554 586 746 643 partem
787 577 943 626 di&us
974 577 1232 627 Johannes
1270 580 1512 643 ocupabat
1545 587 1766 644 tempore
1803 581 2118 630 confectionis
2140 600 2260 646 pre-

223 672 441 720 sencium
479 701 489 711 ·
528 671 740 721 termino
766 686 883 718 vero
909 669 1143 718 introitus
1189 708 1199 718 .
1243 709 1252 719 .
1296 710 1304 719 .
1346 671 1615 735 incipiente
1652 672 1732 719 die
1768 672 1881 720 date
1915 674 2257 737 presencium·

227 763 476 812 Soluendo
517 799 528 810 .
570 799 581 810 .
624 799 635 810 .
675 761 852 826 viginti
877 761 1057 807 solidos
1098 796 1109 807 .
1153 797 1163 807 .
1207 797 1217 807 .
1256 769 1452 810 monete
1496 799 1506 809 .
1554 800 1563 810 .
1611 800 1620 810 .
1667 762 1839 812 Scocie
1863 764 1927 812 ad
1970 798 1981 810 .
2026 802 2036 812 .
2086 801 2095 811 .
2138 765 2260 813 festa

223 894 231 903 .
278 892 288 902 .
334 892 345 902 .
387 852 704 902 Pentecostes
729 860 778 901 et
806 851 973 901 sanai
1011 850 1221 899 Martini
1268 891 1278 899 .
1318 890 1327 899 .
1371 891 1380 900 .
1429 859 1477 900 et
1512 855 1621 900 0800
1655 853 1811 902 bollas
1846 854 1983 902 ordei
2027 884 2034 892 -
2079 872 2256 903 nouem

222 945 377 994 bollas
401 952 450 993 et
472 943 730 992 dimidium
753 942 883 991 holle
909 941 1183 990 communis
1206 941 1366 990 farine
1392 969 1402 978 ·
1427 949 1475 991 et
1500 943 1757 992 dimidium
1781 944 1911 993 bolle
1936 945 2044 994 albe
2065 945 2223 994 farine
2245 974 2254 983 ·

222 1036 445 1085 mensure
468 1034 565 1083 fori
590 1033 834 1082 currentis
857 1033 922 1081 ad
946 1032 1184 1081 terminos
1208 1032 1438 1081 victualia
1461 1033 1681 1081 soluendi
1706 1051 1912 1082 vnacum
1948 1043 2173 1099 rynmart
2207 1043 2256 1084 et

222 1128 396 1177 veddir
432 1134 481 1176 et
517 1127 742 1175 omnibus
778 1125 888 1174 aliis
910 1124 1273 1173 husbandorum
1307 1123 1536 1171 oneribus
1569 1140 1678 1172 cum
1713 1125 1869 1174 tribus
1905 1126 2172 1189 caponibus
2207 1135 2254 1175 et
2336 1135 2338 1137 ’

221 1218 598 1283 1011113139111118
623 1217 804 1266 adultis
838 1244 848 1254 ·
880 1216 946 1265 Et
969 1215 1006 1263 fi
1032 1216 1288 1280 contingat
1318 1214 1458 1279 [etc.]
1500 1253 1509 1263 .
1554 1254 1562 1262 .
1610 1252 1619 1262 .
1662 1217 1812 1279 Apud
1847 1255 1856 1264 .
1894 1255 1902 1264 .
1940 1255 1949 1264 ,
1987 1217 2255 1280 capitulum

223 1310 450 1360 vicefimo
467 1313 641 1358 octauo
658 1309 737 1358 die
756 1307 932 1357 meniis
946 1307 982 1357 J
984 1307 1176 1356 anuarii
1192 1324 1323 1356 anno
1339 1305 1545 1354 Domini
1563 1312 1628 1353 m⁰
1645 1307 2029 1371 quingentesimo
2048 1308 2254 1356 decimo.

223 1563 517 1648 Kync'lune
543 1584 714 1630 ofitaua
737 1598 851 1646 pars
876 1579 1118 1629 affedatur
1142 1578 1361 1628 Patricio
1385 1578 1577 1626 Andr0.

221 1743 350 1815 Nos
377 1763 625 1830 Georgius
658 1799 671 1812 .
706 1799 717 1810 .
753 1800 763 1811 .
797 1762 947 1810 abbas
984 1798 995 1808 .
1030 1798 1040 1808 .
1078 1797 1089 1808 .
1123 1759 1185 1807 de
1209 1757 1435 1807 Arbroth
1470 1794 1480 1804 .
1518 1795 1529 1805 .
1562 1795 1572 1806 .
1604 1757 1868 1806 affedamus
1903 1794 1914 1806 .
1949 1795 1959 1805 .
1996 1795 2005 1805 .
2040 1757 2256 1807 Patricio

220 1857 395 1904 Andro
432 1864 481 1904 et
520 1854 702 1903 Jonete
744 1853 919 1918 Greyn
957 1850 1124 1916 sponse
1166 1851 1248 1898 sue
1291 1888 1300 1898 .
1347 1887 1356 1897 .
1404 1887 1414 1897 .
1456 1867 1547 1913 pro
1586 1856 1689 1897 toto
1730 1857 1950 1914 tempore
1992 1850 2092 1898 vite
2135 1887 2144 1898 .
2190 1888 2199 1897 .
2245 1888 2255 1898 .

221 1947 444 1994 octauam
468 1951 659 2009 partem
685 1943 801 1991 ville
825 1941 990 1989 nostre
1015 1941 1077 1988 de
1103 1939 1370 2005 Kynclune
1399 1940 1614 1989 iacentis
1637 1941 1687 1988 in
1711 1941 1919 1989 baronia
1953 1942 2013 1989 de
2039 1941 2256 2006 Kyncol-

221 2038 362 2085 drum
411 2043 459 2085 et
501 2035 634 2084 infra
678 2033 989 2097 regalitatem
1036 2031 1097 2079 de
1147 2031 1371 2079 Arbroth
1418 2048 1530 2079 cum
1572 2031 1775 2080 decimis
1815 2031 2096 2095 garbalibus
2139 2069 2148 2078 .
2193 2069 2203 2079 .
2247 2071 2255 2079 .

222 2126 433 2175 termino
470 2141 586 2173 vero
622 2123 854 2172 introitus
898 2161 907 2170 .
950 2159 960 2170 .
1004 2160 1013 2169 .
1055 2121 1326 2185 incipiente
1361 2122 1414 2169 in
1449 2121 1570 2170 festo
1606 2121 1917 2170 Pentecostes
1952 2122 2059 2185 post
2094 2123 2257 2171 datam

221 2216 530 2282 presencium
576 2213 859 2262 immediate
905 2213 1137 2275 sequente
1182 2246 1202 2260 .·
1242 2248 1253 2259 .
1302 2248 1312 2259 .
1362 2210 1611 2260 Soluendo
1640 2244 1663 2260 v.
1707 2247 1718 2258 .
1764 2247 1774 2258 .
1819 2211 1993 2274 viginti
2039 2211 2254 2275 quinque

222 2308 401 2356 solidos
445 2339 472 2355 .-
499 2344 509 2354 .
552 2344 562 2354 .
602 2312 799 2354 monete
849 2341 860 2352 .
905 2341 916 2351 .
959 2299 972 2351 ’.
1025 2302 1199 2351 Scocie
1244 2301 1309 2350 ad
1332 2338 1363 2348 ..
1407 2339 1416 2349 .
1463 2338 1473 2348 .
1515 2301 1647 2349 festa.
1680 2336 1691 2347 .
1737 2336 1747 2348 .
1794 2336 1804 2347 .
1850 2300 2160 2348 Pentecostes
2206 2310 2255 2349 et

143 2424 148 2429 ·
229 2399 394 2448 8311ἃὶ
432 2397 641 2446 Martini
684 2434 695 2445 .
736 2433 747 2444 .
786 2433 796 2443 .
839 2412 1051 2444 vnacum
1088 2400 1315 2459 rynmart
1349 2401 1399 2441 et
1432 2392 1619 2440 weddir
1655 2408 1712 2439 ac
1748 2391 1854 2439 aliis
1894 2428 1916 2437 .>
1949 2427 1960 2437 .
1999 2427 2010 2438 .
2048 2391 2254 2439 husban-

225 2492 399 2539 dorum
424 2488 652 2537 oneribus
697 2524 707 2535 .
746 2524 758 2535 .
798 2524 808 2534 .
845 2484 1140 2534 Pretereafi
1166 2484 1284 2532 diai
1312 2482 1447 2548 [etc]
1494 2518 1506 2529 .
1545 2519 1554 2529 .
1595 2518 1606 2529 .
1649 2481 1802 2544 Apud
1839 2516 1850 2528 .
1889 2517 1899 2528 .
1939 2516 1950 2527 .
1987 2481 2253 2544 capitulum

222 2580 495 2645 penultimo
536 2578 616 2628 die
652 2576 827 2626 menfis
871 2576 906 2625 J
908 2575 1101 2625 anuarii
1143 2591 1277 2624 anno
1324 2572 1530 2622 Domini
1578 2570 1828 2627 millesimo
1870 2571 2253 2637 quingentesimo

225 2671 427 2721 decimo.
