2762 3834
0 2001 122 2067 ‘112

639 402 1069 454 REGISTRUM
1103 402 1202 461 DE
1238 402 1798 455 ABERBROTHOC.
2190 411 2254 460 95

183 542 233 585 et
256 535 444 585 fructus
479 573 490 584 .
527 574 537 585 .
573 575 584 586 .
618 555 720 587 non
746 537 840 587 effe
866 538 1222 604 distringibiles
1247 538 1504 588 annuatim
1528 556 1621 604 pro
1646 539 1870 604 predicto
1906 576 1917 587 .
1954 576 1966 590 .
2005 577 2015 588 .
2051 540 2252 590 redditu

182 667 192 677 .
234 667 244 678 .
284 667 295 678 .
328 629 502 681 licebit
546 669 557 679 .
603 669 615 681 .
661 670 672 680 .
712 632 885 681 abbati
929 669 940 680 .
983 669 995 681 .
1041 670 1052 680 .
1096 633 1161 680 ad
1183 631 1379 680 libitum
1429 669 1441 681 .
1492 670 1504 681 .
1551 669 1562 681 .
1605 631 1903 697 distringere
1948 670 1959 681 .
2005 669 2016 681 .
2062 669 2074 682 .
2117 640 2253 682 tene-

182 728 403 771 mentum
444 759 455 770 .
496 759 508 771 .
548 759 559 771 .
600 722 816 773 Gilberti
841 724 1010 773 iacens
1034 724 1087 772 in
1113 724 1244 773 diao
1263 725 1423 789 burgo
1444 724 1497 773 in
1514 724 1624 774 vico
1645 725 1729 789 qui
1749 732 1957 774 vocatur
1976 724 2252 775 Lortburn-

180 822 297 880 gate
322 832 383 864 ex
406 823 550 879 parte
575 816 755 865 boriali
781 816 999 865 eiusdem
1024 816 1122 865 vici
1143 816 1274 865 inter
1298 824 1484 866 terram
1509 816 1545 865 J
1548 817 1758 866 ohannis
1787 817 1999 884 Orknay
2025 835 2086 866 ex
2110 825 2253 882 parte

183 907 416 956 orientali
442 908 658 957 eiusdem
710 946 722 958 .
774 946 785 957 .
837 946 848 958 .
900 916 949 958 et
985 917 1170 966 terram
1205 909 1445 958 heredum
1482 908 1731 958 Johannis
1768 909 1974 976 Mylnar
2011 928 2072 959 ex
2107 919 2250 976 parte

183 999 484 1050 occidentali
528 1037 539 1049 .
587 1037 598 1049 .
645 1037 656 1050 .
699 1000 760 1049 In
804 1002 945 1050 cuius
986 1002 1061 1050 rei
1097 1001 1430 1051 testimonium
1465 1001 1598 1066 parti
1633 1001 1781 1050 huius
1806 1002 2073 1051 indenture
2097 1020 2252 1067 penes

182 1129 193 1140 .
228 1130 238 1140 .
277 1132 287 1141 .
325 1092 607 1142 Gilbertum
645 1132 655 1142 .
693 1132 702 1142 .
742 1133 751 1142 .
787 1093 1071 1142 remansure
1116 1092 1327 1158 figillum
1364 1132 1374 1142 .
1413 1133 1421 1142 .
1460 1133 1469 1142 .
1508 1093 1716 1158 capituli
1752 1094 1824 1143 est
1867 1095 2137 1160 appensum
2164 1125 2174 1134 ·
2203 1104 2251 1144 et

180 1185 313 1249 parti
328 1185 757 1235 huiusindenture
775 1203 929 1251 penes
961 1227 970 1236 .
1005 1226 1013 1235 .
1052 1226 1061 1235 .
1099 1187 1329 1235 abbatem
1365 1224 1374 1234 .
1415 1223 1426 1234 .
1468 1223 1478 1233 .
1509 1186 1794 1235 remansure
1834 1224 1844 1234 .
1885 1224 1896 1235 .
1937 1224 1948 1235 .
1989 1187 2250 1237 Gilbertus

181 1279 314 1342 quod
362 1278 572 1344 figillum
618 1279 878 1344 proprium
913 1296 1015 1327 non
1058 1278 1232 1328 habuit
1273 1278 1483 1343 figillum
1534 1318 1543 1327 .
1599 1318 1607 1327 .
1664 1319 1672 1327 .
1729 1279 1942 1329 Henrici
1980 1280 2144 1348 Fethy
2188 1282 2250 1330 de

179 1370 412 1419 Ballesok
447 1409 456 1418 .
494 1410 504 1419 .
536 1410 546 1419 .
585 1370 803 1436 appendi
838 1371 1131 1435 procurauit
1167 1410 1175 1419 .
1215 1409 1224 1418 .
1258 1410 1266 1419 .
1306 1387 1474 1419 coram
1521 1371 1618 1418 hiis
1660 1371 1863 1420 testibus
1900 1413 1909 1421 .
1949 1413 1957 1422 .
1996 1412 2005 1422 .
2047 1374 2250 1423 domino

177 1463 213 1512 J
215 1463 412 1512 ohanne
441 1463 689 1513 Galbrath
716 1463 975 1529 capellano
1002 1492 1013 1502 -
1038 1464 1248 1512 Andrea
1275 1463 1393 1514 Scot
1417 1494 1427 1504 ·
1455 1472 1504 1513 et
1521 1464 1719 1513 Thoma
1746 1465 1884 1531 Tyre
1901 1495 1911 1506 ·
1927 1467 2249 1534 burgensibus

177 1557 238 1605 de
265 1556 638 1606 Abbirbrothoc
664 1585 675 1596 ·
704 1573 817 1605 cum
843 1556 1010 1606 multis
1036 1555 1157 1605 aliis.

176 1809 583 1882 Perambulacio
609 1832 738 1880 faeta
761 1831 894 1881 inter
920 1843 1080 1881 terras
1106 1831 1167 1880 de
1196 1829 1573 1898 Ouchyrlowny
1600 1841 1649 1881 et
1674 1831 1863 1881 Forfar.

178 1993 458 2067 Uniuerfis
496 2058 504 2067 .
544 2058 552 2066 .
592 2057 601 2066 .
640 2016 891 2067 Robertus
915 2016 962 2066 le
988 2016 1174 2067 Grame
1207 2016 1269 2065 de
1305 2016 1666 2065 Aldemuntros
1702 2024 1752 2065 et
1775 2016 2025 2067 Johannis
2052 2017 2249 2085 Scrym-

176 2126 334 2174 geour
381 2110 777 2160 constabularius
816 2110 877 2159 de
915 2109 1103 2158 Dunde
1142 2108 1285 2157 miles
1325 2109 1587 2157 iusticiarii
1638 2149 1647 2158 .
1701 2146 1712 2157 .
1767 2149 1776 2158 .
1830 2110 1962 2176 regis
2010 2128 2069 2160 ex
2106 2120 2248 2176 parte

176 2204 357 2253 boriali
391 2221 518 2268 aque
556 2205 618 2254 de
654 2203 813 2254 Forth
837 2204 891 2252 in
918 2203 1013 2253 hac
1049 2210 1192 2269 parte
1226 2241 1234 2250 .
1274 2242 1283 2250 .
1322 2242 1331 2250 .
1369 2201 1650 2266 specialiter
1687 2201 1940 2251 constituti
1977 2243 1986 2252 .
2025 2243 2034 2252 .
2072 2244 2081 2253 .
2125 2205 2247 2253 salu-

175 2304 275 2346 tem
306 2324 317 2334 ·
359 2296 488 2347 Cum
524 2298 663 2363 pium
701 2298 758 2346 fit
791 2305 842 2347 et
878 2297 1192 2347 meritorium
1230 2294 1569 2344 testimonium
1592 2295 1740 2344 fidele
1764 2296 2028 2360 perhibere
2049 2299 2248 2347 veritati

177 2430 185 2438 .
225 2430 233 2439 .
273 2430 282 2439 .
322 2390 481 2439 vestre
506 2389 816 2440 vniuerfitati
854 2431 862 2439 .
902 2431 910 2439 .
949 2431 958 2440 .
997 2390 1228 2439 duximus
1265 2389 1538 2438 certiorare
1564 2389 1698 2453 quod
1730 2389 1809 2437 die
1845 2389 1987 2438 Lune
2015 2391 2248 2440 videlicet

177 2483 310 2532 sexto
337 2482 417 2532 die
442 2481 621 2532 menfis
644 2482 909 2532 Februarii
935 2500 1067 2532 anno
1087 2481 1298 2531 Domini
1317 2481 1575 2531 millesimo
1596 2482 2086 2548 quadringentesimo
2107 2485 2247 2549 quin-

177 2575 458 2641 quagefimo
481 2575 687 2640 septimo
713 2575 856 2641 super
882 2583 1042 2625 terras
1068 2576 1130 2624 de
1158 2574 1551 2640 Owchtirlowny
1572 2583 1621 2624 et
1649 2574 1922 2641 Cravquhy
1938 2576 2247 2640 pertinentes

179 2708 187 2716 .
216 2707 224 2716 .
252 2708 260 2716 .
288 2668 455 2717 abbati
481 2709 490 2717 .
518 2709 527 2717 .
556 2708 564 2718 .
591 2670 652 2718 de
673 2669 1050 2719 Abbirbrothoc
1070 2677 1119 2718 et
1139 2685 1328 2718 moram
1349 2686 1444 2733 que
1465 2669 1740 2734 vulgariter
1759 2677 1966 2719 vocatur
1985 2669 2031 2719 le
2052 2670 2247 2735 Kingis-

180 2777 320 2809 mure
355 2761 691 2825 pertinentem
727 2762 1053 2827 burgensibus
1091 2770 1140 2812 et
1176 2762 1522 2811 communitati
1557 2762 1705 2828 burgi
1730 2763 1791 2810 de
1817 2762 1997 2811 Forfar
2026 2763 2246 2812 iacentes

178 2853 312 2902 infra
338 2853 740 2903 vicecomitatum
764 2856 826 2904 de
851 2855 1031 2904 Forfar
1057 2872 1226 2904 coram
1250 2855 1394 2904 nobis
1432 2863 1820 2920 comparuerunt
1845 2855 1880 2904 J
1883 2855 2104 2904 ohannes
2141 2896 2148 2903 .
2187 2896 2195 2904 .
2235 2897 2242 2903 .

178 2947 329 2995 abbas
366 2986 375 2994 .
415 2986 423 2994 .
462 2986 471 2995 .
512 2947 575 2994 de
606 2946 856 2995 Lundoris
888 2975 899 2986 ·
935 2948 1105 2997 Dauid
1130 2948 1241 2997 Red
1271 2946 1529 3014 burgenfis
1555 2948 1617 2996 de
1641 2947 1939 3013 Edinburgh
1975 2978 1984 2988 ·
2024 2948 2243 3013 magistri

179 3039 472 3088 Alexander
496 3039 558 3087 de
584 3038 887 3089 Thorntoun
929 3047 977 3089 et
1015 3040 1237 3089 Thomas
1263 3040 1539 3106 Dekysoun
1579 3070 1589 3080 ·
1631 3040 1944 3089 commissarii
1977 3081 1985 3089 .
2025 3081 2033 3089 .
2073 3081 2082 3089 .
2121 3041 2247 3089 Mal—

179 3132 327 3181 colmi
363 3172 372 3180 .
411 3171 419 3180 .
458 3172 467 3180 .
505 3131 697 3180 abbatis
736 3171 745 3180 .
783 3172 792 3181 .
830 3172 839 3181 .
884 3132 946 3181 de
984 3132 1357 3182 Abbirbrothoc
1399 3140 1520 3181 tunc
1562 3132 1804 3197 presentis
1847 3173 1855 3182 .
1901 3173 1909 3181 .
1955 3173 1963 3181 .
2008 3151 2068 3181 ex
2111 3151 2241 3181 vna·

177 3232 226 3273 et
262 3224 572 3273 Laurencius
610 3224 672 3272 de
708 3223 967 3290 Balbyrny
998 3225 1272 3290 prepofitus
1307 3224 1455 3289 burgi
1493 3225 1554 3272 de
1580 3223 1759 3272 Forfar
1787 3251 1796 3261 ·
1820 3224 1855 3273 J
1858 3226 2040 3273 acobus
2065 3224 2242 3290 Rynde
