2762 3834
495 798 592 847 226

508 2443 535 2484 ⁸0

541 2444 569 2484 Na

641 396 735 447 198
1087 385 1507 441 REGISTRUM
1542 384 1638 435 DE
1674 381 2229 434 ABERBROTHOC.

644 595 926 666 Affedacio
950 620 1191 660 terrarum
1217 611 1278 658 de
1304 608 1539 657 Murhws.

643 774 917 846 Uniuerfis
949 799 1113 856 pateat
1150 831 1158 839 .
1208 830 1216 839 .
1267 830 1275 838 .
1313 806 1402 837 nos
1427 788 1733 837 Willelmum
1783 827 1791 835 .
1840 827 1849 836 .
1901 786 2165 835 ,abbat-em
2209 825 2218 834 .
2262 825 2271 835 .
2315 787 2413 834 ,de
2438 785 2674 835 Abirbro·
2706 829 2710 834 .

643 886 755 934 thoe
791 923 799 932 .
839 921 849 931 .
889 923 896 931 .
934 882 1155 931 affedafl'e
1181 921 1189 930 .
1228 921 1236 929 .
1275 919 1283 929 .
1312 880 1458 945 Hoge
1482 880 1730 928 Durward
1762 906 1773 918 ·
1807 878 2080 927 Elezabeth
2104 878 2273 943 sponse
2298 878 2380 926 sue
2403 878 2639 927 moderne
2664 906 2674 917 ·

643 986 690 1024 et
715 974 957 1023 Murdaco
994 974 1095 1021 filio
1127 972 1212 1020 suo
1253 1004 1262 1013 ·
1301 972 1494 1035 suisque
1534 971 1902 1020 coadiutoribus
1936 988 2028 1036 pro
2061 977 2166 1020 toto
2190 978 2411 1035 tempore
2436 970 2536 1019 vite
2572 1010 2581 1019 .
2618 1010 2627 1019 .
2665 1009 2674 1019 .

642 1077 797 1114 terras
822 1065 1010 1114 nostras
1035 1064 1151 1112 ville
1176 1063 1339 1112 nostre
1364 1063 1425 1111 de
1450 1063 1662 1111 Murhus
1687 1081 1798 1112 cum
1825 1063 2039 1112 eiusdem
2077 1103 2086 1112 .
2125 1102 2133 1111 .
2171 1103 2180 1111 .
2216 1062 2538 1127 pertinenciis
2574 1101 2583 1110 .
2620 1102 2629 1111 .
2666 1101 2674 1111 .

643 1159 815 1222 quibus
840 1174 971 1205 nunc
997 1157 1151 1205 di&us
1178 1155 1324 1220 Hoge
1348 1156 1531 1219 gaudet
1554 1172 1646 1219 pro
1672 1155 1767 1204 suis
1790 1155 2176 1221 gratitudinibus
2208 1192 2219 1203 .
2259 1192 2270 1203 .
2310 1192 2321 1203 .
2360 1162 2409 1203 et
2433 1154 2678 1219 fignanter

644 1268 731 1314 pro
756 1258 891 1297 certa
915 1250 1099 1297 summa
1121 1248 1360 1313 peccunie
1379 1248 1443 1296 ad
1461 1248 1859 1312 rcdempcionem
1882 1247 2128 1296 bullarum
2147 1247 2422 1294 nostrarum
2444 1246 2495 1293 in
2515 1244 2680 1294 nostra

644 1342 920 1389 necestitate
945 1340 1099 1388 soluta
1134 1370 1144 1379 ·
1181 1339 1392 1389 termino
1419 1339 1648 1388 introitus
1687 1377 1697 1387 .
1738 1377 1747 1387 .
1790 1376 1801 1386 .
1838 1338 2110 1403 incipiente
2134 1338 2185 1385 in
2210 1336 2332 1385 festo
2368 1336 2679 1385 Pentecostes

646 1435 807 1482 datam
846 1433 1149 1497 presencium
1182 1432 1463 1481 immediate
1499 1431 1732 1496 sequente
1766 1459 1776 1469 ·
1812 1430 2063 1479 Soluendo
2097 1467 2109 1478 .
2149 1467 2160 1478 .
2201 1467 2212 1478 .
2250 1429 2372 1478 duas
2407 1429 2599 1478 celdras
2633 1436 2680 1478 et

647 1543 788 1573 vnam
814 1525 995 1574 bollam
1026 1525 1152 1573 ordii
1178 1533 1227 1573 et
1250 1525 1437 1573 farrine
1463 1541 1574 1572 cum
1610 1522 1840 1572 mensura
1870 1522 1965 1570 fori
1998 1522 2244 1570 currentis
2280 1551 2290 1560 ·
2328 1530 2377 1570 et
2401 1537 2490 1586 pro
2515 1519 2679 1586 garbis

647 1616 964 1665 decimalibus
989 1615 1199 1664 eiusdem
1221 1616 1336 1663 ville
1357 1633 1502 1663 vnam
1527 1615 1745 1664 celdram
1771 1613 1898 1662 ordii
1924 1621 1974 1662 et
1999 1613 2156 1662 farine
2182 1608 2398 1662 eiusdem
2420 1613 2643 1661 mensure
2667 1640 2677 1651 ·

648 1726 765 1772 quas
790 1708 1003 1756 decimas
1042 1745 1052 1755 .
1093 1745 1103 1755 .
1143 1744 1154 1755 .
1191 1707 1457 1756 affedamus
1483 1707 1660 1755 eisdem
1693 1745 1703 1755 .
1742 1745 1751 1755 .
1789 1745 1799 1755 .
1835 1721 1926 1770 pro
1948 1705 2090 1753 firma
2113 1707 2335 1769 preta&a
2359 1705 2422 1753 ad
2446 1704 2681 1753 terminos

650 1799 876 1847 victualia
899 1799 1118 1847 soluendi
1144 1798 1397 1847 consuetos
1422 1815 1532 1846 cum
1558 1798 1637 1847 sex
1663 1796 1934 1862 caponibus
1958 1804 2008 1845 et
2032 1796 2142 1845 aliis
2173 1795 2298 1862 [sex]
2326 1796 2474 1860 pullis
2504 1794 2681 1844 adultis

651 1898 873 1955 rynmart
899 1890 1070 1938 wethir
1096 1898 1144 1938 et
1169 1890 1277 1938 aliis
1302 1890 1664 1938 husbandorum
1696 1889 1927 1938 oneribus
1977 1928 1985 1936 .
2037 1928 2046 1937 .
2097 1928 2106 1937 .
2159 1889 2312 1953 Apud
2335 1887 2680 1937 monasterium
2761 1880 2762 1930 ἶ

651 2023 658 2030 .
699 2023 705 2029 .
746 2023 752 2029 .
795 1982 960 2030 vltimo
986 1983 1065 2030 die
1086 1982 1260 2031 menfis
1287 1981 1515 2031 Octobris
1541 1999 1671 2030 anno
1697 1981 1902 2030 Domini
1925 1987 1993 2029 m⁰
2018 1987 2153 2030 cccc⁰
2176 1981 2290 2029 lxxx
2317 1981 2488 2030 tercio.

654 2234 935 2303 Affcdacio
960 2262 1091 2303 terre
1117 2255 1177 2302 de
1203 2254 1483 2319 Byrntown.

655 2412 928 2483 Uniuersls
948 2442 1114 2498 pateat
1142 2472 1152 2482 .
1192 2472 1203 2482 .
1244 2472 1254 2482 .
1292 2452 1381 2482 nos
1405 2434 1708 2482 Willelmum
1747 2475 1756 2484 .
1784 2475 1792 2483 .
1821 2475 1830 2484 .
1867 2437 2094 2485 abbatem
2132 2472 2142 2483 .
2173 2473 2183 2483 .
2213 2472 2223 2483 .
2262 2436 2323 2484 de
2348 2433 2682 2483 Abirbrothoe

657 2540 745 2586 pro
771 2534 906 2572 certa
929 2525 1113 2573 summa
1146 2526 1383 2589 peccunie
1418 2526 1559 2574 nobis
1593 2534 1849 2591 gratanter
1882 2522 2105 2592 tempore
2142 2526 2463 2575 confefflonis
2495 2524 2689 2590 presen-

659 2614 784 2661 cium
810 2632 899 2678 pro
924 2617 1269 2680 redempcione
1292 2618 1535 2666 bullarum
1561 2635 1689 2666 noue
1713 2617 2007 2682 prouifionis
2030 2617 2196 2667 nostre
2215 2619 2276 2666 de
2302 2617 2528 2666 Romana
2550 2614 2684 2664 curia

659 2705 811 2752 soluta
836 2705 1056 2755 affedafl'e
1096 2744 1106 2755 .
1147 2745 1157 2755 .
1197 2745 1207 2755 .
1247 2708 1462 2757 Roberto
1495 2708 1731 2757 Durwart
1766 2718 1815 2758 et
1848 2709 2044 2758 Helene
2076 2709 2245 2774 sponse
2269 2709 2351 2757 sue
2375 2709 2610 2757 moderno
2638 2713 2685 2755 et

660 2796 728 2842 eis
764 2796 824 2843 de
860 2796 1019 2844 medio
1056 2797 1251 2846 sublatis
1289 2798 1539 2847 Willclmo
1574 2800 1796 2849 Durwad
1830 2802 1932 2849 filio
1968 2803 2052 2850 suo
2093 2801 2275 2850 iuniori
2326 2838 2337 2848 .
2388 2837 2400 2848 .
2452 2837 2463 2849 .
2510 2807 2560 2849 et
2593 2797 2684 2846 suis

661 2887 1024 2935 coadiutoribus
1064 2924 1074 2935 .
1116 2925 1126 2934 .
1166 2925 1176 2935 .
1214 2889 1467 2937 dimidiam
1502 2900 1692 2954 partem
1731 2899 1977 2941 terrarum
2004 2892 2120 2941 ville
2143 2891 2307 2940 nostre
2332 2892 2393 2940 de
2418 2891 2684 2957 Bymtown

662 2995 758 3025 vna
794 2994 904 3026 cum
939 2978 1140 3026 decimis
1174 2979 1455 3042 garbalibus
1494 3017 1505 3028 .
1548 3018 1559 3028 .
1603 3018 1614 3029 .
1656 3000 1747 3046 pro
1783 2991 1888 3033 toto
1924 2992 2144 3049 tempore
2181 2984 2280 3032 vite
2324 3019 2334 3031 .
2376 3020 2386 3030 .
2428 3020 2439 3031 .
2479 2979 2684 3030 termino

660 3068 887 3116 introitus
915 3104 926 3116 .
963 3105 973 3115 .
1010 3105 1021 3116 .
1045 3069 1313 3133 incipiente
1337 3070 1387 3118 in
1414 3070 1534 3119 festo
1553 3071 1869 3123 Pentecostes
1891 3076 2055 3125 datam
2080 3074 2384 3139 presencium
2410 3071 2683 3121 immediato

661 3161 890 3222 sequente
927 3185 936 3194 ·
977 3158 1225 3207 Soluendo
1272 3197 1282 3208 .
1328 3198 1338 3209 .
1381 3199 1391 3208 .
1425 3178 1515 3225 pro
1536 3163 1677 3211 firma
1699 3165 1859 3214 medie
1883 3166 2040 3229 partis
2064 3166 2191 3214 dicte
2218 3166 2332 3214 ville
2357 3166 2477 3213 duas
2501 3162 2683 3212 celdra·
