2762 3834
568 404 994 455 REGISTRUM
1027 405 1124 455 DE
1161 403 1716 456 ABERBROTHoo.
1938 370 1940 373 ’
2070 407 2160 458 197

126 543 408 615 Affedacio
433 565 604 610 οὸὶαιιθ
629 564 785 626 partis
810 564 870 611 de
895 563 1198 628 Achmuthy.

45 725 74 771 4
124 698 399 772 Uniuerfis
423 726 590 783 pateat
620 758 628 766 .
665 758 673 767 .
706 758 714 766 .
747 736 836 766 nos
853 719 1158 767 Willelmum
1196 760 1205 769 .
1243 760 1251 768 .
1291 760 1299 769 .
1337 722 1562 769 abbatem
1598 760 1606 768 .
1643 757 1653 767 .
1690 759 1699 767 .
1738 720 1798 767 de
1824 719 2160 768 Abirbrothoc

170 851 179 859 .
217 850 225 859 .
263 809 487 859 affedafl'e
523 849 532 858 .
572 849 580 858 .
620 849 628 857 .
664 809 887 857 Johanni
910 810 1136 875 Lyddale
1161 820 1209 859 et
1234 811 1472 861 Mariorie
1492 812 1660 876 sponse
1682 812 1763 860 sue
1784 812 2019 860 moderne
2056 852 2064 860 .
2103 852 2111 860 .
2151 852 2159 859 .

124 906 342 951 o&auam
360 910 552 966 partem
569 901 685 949 ville
701 899 865 948 nostre
881 902 942 948 de
958 901 1247 967 Achmuthy
1273 941 1282 950 .
1309 942 1317 950 .
1344 942 1353 951 .
1378 921 1469 967 pro
1485 911 1588 952 toto
1604 911 1825 967 tempore
1841 904 1940 952 vite
1965 944 1974 952 .
2002 943 2010 951 .
2037 943 2045 951 .
2071 921 2162 967 pro

123 1002 258 1043 certa
279 994 465 1042 summa
487 993 727 1057 peccunie
749 992 891 1040 nobis
912 1009 1003 1056 pro
1027 994 1375 1057 redempcione
1398 1012 1528 1043 noue
1552 995 1842 1059 prouifionis
1878 995 2162 1044 monasterii

239 1124 247 1133 .
295 1085 483 1132 soluta·
508 1084 720 1132 termino
754 1083 986 1132 introitus
1022 1123 1031 1131 .
1069 1123 1078 1132 .
1117 1123 1125 1132 .
1163 1085 1432 1149 incipiente
1458 1088 1537 1135 die
1562 1088 1675 1136 date
1711 1088 2019 1151 presencium
2056 1127 2064 1135 .
2103 1127 2111 1134 .
2150 1127 2158 1135 .

126 1177 374 1228 Soluendo
416 1216 426 1226 .
464 1216 473 1225 .
512 1216 520 1225 .
563 1175 771 1240 triginta
803 1175 986 1223 solidos
1013 1175 1189 1223 vsualis
1212 1184 1408 1225 monete
1432 1178 1574 1241 regni
1600 1177 1772 1227 Scocie
1797 1179 1860 1227 ad
1885 1179 2006 1226 duos
2043 1178 2159 1226 anni

122 1271 355 1320 terminos
392 1309 400 1318 .
438 1309 446 1317 .
485 1309 493 1318 .
532 1286 642 1317 cum
667 1275 894 1334 rynmart
918 1276 967 1316 et
992 1267 1166 1316 wethir
1191 1276 1239 1316 et
1265 1269 1372 1316 aliis
1396 1270 1758 1318 husbandorum
1790 1271 2020 1319 oneribus
2057 1310 2065 1318 .
2103 1311 2111 1318 .
2151 1311 2158 1319 .

121 1362 186 1412 Et
209 1369 438 1426 preterea
460 1361 719 1409 inuenient
760 1397 771 1408 .
814 1398 824 1407 .
868 1398 877 1408 .
917 1359 1059 1408 nobis
1098 1399 1107 1407 .
1146 1399 1154 1408 .
1193 1399 1202 1407 .
1241 1361 1453 1409 mediam
1475 1361 1683 1409 cimbam
1701 1363 1826 1410 bene
1850 1370 2162 1426 preparatam

122 1472 210 1520 pro
232 1454 444 1519 piscibus
481 1453 734 1518 capiendis
787 1491 797 1501 .
852 1491 862 1501 .
917 1491 927 1500 .
981 1454 1133 1517 Apud
1183 1489 1194 1500 .
1250 1489 1260 1499 .
1315 1489 1325 1499 .
1377 1452 1645 1516 capitulum
1671 1453 1841 1501 vltimo
1877 1453 1955 1501 die
1991 1453 2163 1501 menfis

126 1546 354 1596 Odobris
376 1563 506 1594 anno
532 1545 737 1593 Domini
761 1543 1017 1594 millefimo
1044 1543 1526 1608 quadringentesimo
1552 1545 1876 1609 octuagesimo
1900 1545 2070 1593 tercio,

124 1799 406 1871 Affedacio
431 1827 605 1883 quarte
629 1819 785 1884 partis
811 1819 926 1868 ville
951 1819 1013 1867 de
1038 1817 1340 1884 Achmuthy.

0 1983 33 2055 'i
124 1979 396 2053 Uniuerfis
414 2009 582 2066 pateat
618 2041 626 2048 .
665 2041 674 2049 .
713 2041 722 2049 .
755 2018 844 2048 nos
860 2000 1168 2050 Willelmum
1205 2039 1213 2047 .
1253 2039 1261 2048 .
1303 2039 1312 2047 .
1351 2000 1577 2048 abbatem
1614 2039 1622 2047 .
1658 2038 1666 2047 .
1702 2039 1710 2047 .
1746 2000 1807 2048 de
1833 1999 2163 2047 Abirbrothoc

174 2133 182 2142 .
221 2134 230 2142 .
274 2093 496 2142 assedaffe
535 2133 543 2141 .
585 2133 592 2141 .
631 2133 639 2141 .
676 2092 870 2141 Thome
895 2092 1007 2157 Lyn
1033 2100 1082 2141 et
1107 2091 1312 2140 Alisone
1338 2091 1507 2156 sponso
1533 2091 1614 2139 sue
1639 2098 1688 2139 et
1713 2090 1931 2139 Roberto
1955 2090 2056 2137 filio
2083 2091 2164 2136 suo

125 2224 133 2234 .
158 2225 166 2234 .
193 2225 201 2234 .
226 2194 450 2250 quartam
475 2194 665 2250 partem
694 2185 809 2232 ville
834 2184 999 2232 nostre
1025 2185 1086 2232 de
1111 2183 1402 2249 Achmuthy
1425 2201 1535 2231 cum
1560 2183 1695 2231 toftis
1715 2183 1809 2231 suis
1837 2222 1844 2230 .
1873 2222 1881 2230 .
1908 2222 1916 2230 .
1943 2199 2033 2245 pro
2059 2190 2160 2229 toto

125 2283 338 2342 tempore
360 2278 459 2326 vite
502 2318 510 2326 .
552 2317 560 2325 .
602 2317 610 2325 .
647 2277 858 2325 termino
895 2276 1127 2325 introitus
1173 2316 1181 2324 .
1216 2315 1224 2324 .
1259 2316 1267 2324 .
1300 2276 1570 2340 incipiente
1607 2275 1686 2323 die
1719 2275 1832 2322 date
1855 2273 2161 2338 presencium

126 2408 134 2418 .
175 2409 184 2418 .
224 2410 232 2418 .
274 2370 524 2420 Soluendo
565 2410 573 2418 .
611 2410 620 2418 .
660 2409 667 2418 .
707 2376 806 2417 tres
830 2368 983 2416 libras
1008 2367 1186 2419 vsualis
1215 2377 1411 2417 monete
1451 2368 1624 2418 Scocie
1656 2369 1719 2416 ad
1755 2368 1876 2415 duos
1910 2367 2027 2414 anni
2065 2377 2160 2413 ter-

125 2461 276 2511 minos
300 2462 488 2511 vsuales
524 2502 533 2510 .
571 2502 580 2510 .
615 2502 622 2510 .
658 2477 769 2509 cum
803 2462 885 2508 sex
911 2460 1181 2524 caponibus
1206 2469 1255 2510 et
1281 2461 1388 2509 aliis
1424 2461 1504 2509 sex
1539 2460 1686 2525 pullis
1723 2458 1903 2507 adultis
1934 2468 2159 2522 rynmart

127 2553 293 2604 wethir
317 2562 366 2602 et
390 2554 499 2602 aliis
519 2553 884 2602 husbandorum
910 2552 1142 2600 oneribus
1167 2591 1177 2601 .
1205 2592 1213 2601 .
1240 2593 1249 2601 .
1277 2553 1342 2601 Et
1366 2560 1593 2616 preterea
1626 2591 1634 2599 .
1662 2591 1670 2599 .
1698 2591 1706 2599 .
1740 2550 1999 2598 inuenient
2017 2549 2159 2596 nobis

235 2685 244 2694 .
285 2663 432 2695 vnam
457 2646 667 2694 cimbam
690 2645 817 2692 bene
840 2651 1155 2708 preparatam
1182 2662 1270 2708 pro
1294 2645 1505 2709 piscibus
1535 2643 1788 2708 capiendis
1823 2668 1833 2678 ·
1865 2641 1931 2689 Et
1956 2641 2158 2689 vlterius

10 2775 12 2777 >
61 2742 65 2804 Ἰ
127 2736 238 2798 quia
274 2737 430 2785 di&us
467 2736 687 2785 Thomas
723 2743 944 2800 tempore
985 2736 1304 2784 confectionis
1342 2735 1649 2800 presencium
1682 2751 1774 2798 pro
1809 2733 2156 2796 redempcione

12 2847 16 2877 ε
37 2847 39 2849 ·
126 2845 248 2878 noue
272 2831 562 2895 prouifionis
585 2829 872 2878 monasterii
892 2830 1048 2877 nostri
1067 2831 1128 2878 de
1154 2829 1380 2877 Romana
1399 2827 1538 2876 curia
1556 2833 1741 2875 certam
1762 2825 1898 2874 dedit
1922 2826 2156 2872 summam

15 2951 18 2959 ι
126 2922 356 2983 peccunie
385 2940 474 2971 nos
517 2963 526 2971 .
568 2962 576 2971 .
621 2962 629 2971 .
672 2922 852 2970 didaam
876 2929 1102 2984 quartam
1137 2927 1328 2985 partem
1370 2955 1382 2967 .
1431 2956 1442 2966 .
1489 2956 1498 2966 .
1535 2917 1739 2981 prefatis
1777 2916 1968 2964 Thome
1994 2915 2155 2962 Alicie

68 3001 70 3015 ¹
128 3019 174 3060 et
195 3013 410 3063 Roberto
460 3052 470 3062 .
513 3052 523 3062 .
565 3052 574 3061 .
621 3029 712 3077 pro
747 3020 852 3061 toto
887 3019 1109 3077 tempore
1134 3011 1233 3060 vite
1273 3048 1283 3059 .
1326 3048 1336 3058 .
1376 3047 1386 3057 .
1423 3008 1611 3072 suisque
1638 3007 2004 3056 coadiutoribus
2043 3042 2053 3052 .
2092 3042 2102 3052 .
2142 3042 2152 3051 .

71 3093 75 3163 ζ
127 3105 533 3153 varantizabimus
574 3142 585 3153 .
632 3142 642 3152 .
694 3140 705 3151 .
743 3103 898 3166 Apud
935 3103 1203 3167 capitulum
1242 3139 1252 3151 .
1295 3139 1306 3150 .
1352 3139 1363 3150 .
1401 3101 1573 3149 vltimo
1609 3099 1689 3148 die
1725 3098 1899 3147 menfis
1927 3097 2154 3146 Octobris

129 3209 251 3242 anno
274 3194 479 3243 Domini
501 3202 568 3243 m⁰
593 3201 727 3244 cccc⁰
749 3194 884 3242 lxxx⁰
907 3193 989 3242 iii0·
