2742 3848
0 629 3 644 Α
65 594 153 642 811

61 1448 155 1494 812

62 1815 156 1860 813

662 370 1094 422 REGISTRUM
1127 372 1226 421 DE
1263 373 1824 429 ABERBROTHOC.
2168 389 2263 432 523

211 572 407 645 Abbas
444 596 675 645 concedit
710 597 942 646 seruitori
978 599 1062 647 suo
1100 599 1306 650 Andree
1335 601 1581 652 Cristeson
1618 604 1883 654 heredibus
1918 606 2015 654 suis
2051 614 2100 655 et
2135 606 2270 671 affig-

208 688 338 738 natis
363 689 565 737 domum
589 688 643 738 in
668 707 767 755 qua
792 690 911 739 olim
938 690 1159 741 Thomas
1186 693 1479 760 Otyrburne
1514 696 1770 746 habitabat
1806 715 1918 747 cum
1942 706 2052 747 orto
2077 699 2140 747 ad
2164 716 2270 747 eam

207 781 491 847 pertinente
515 782 763 832 iacentem
787 783 842 832 in
868 784 1213 835 elemosinaria
1247 788 1380 836 inter
1404 795 1564 837 terras
1589 790 1672 839 seu
1698 790 1898 839 domum
1923 791 2040 839 dieti
2064 791 2270 840 Andree

208 894 268 925 ex
305 877 608 926 occidentali
633 885 682 926 et
707 878 908 926 domum
952 880 1066 928 Ade
1107 880 1294 929 Person
1336 898 1395 928 ex
1439 881 1671 930 orientali
1712 891 1762 931 et
1800 884 2009 932 croftum
2050 884 2272 949 magistri

206 970 395 1020 fabrice
434 988 495 1020 ex
531 971 714 1020 boriali
752 989 866 1021 cum
903 972 1115 1023 introitu
1153 981 1203 1022 et
1242 973 1378 1022 exitu
1414 974 1479 1022 ad
1510 975 1727 1023 austrum
1763 976 1930 1024 uersus
1955 976 2006 1042 ly
2034 975 2270 1024 Homolo-

207 1080 367 1129 greyn
408 1091 419 1102 ·
458 1063 738 1113 Reddendo
773 1065 1020 1114 monacho
1057 1066 1398 1116 elemofinario
1435 1067 1559 1116 duos
1586 1067 1762 1116 solidos
1787 1077 1983 1118 monete
2012 1068 2184 1118 Scocie
2221 1076 2290 1119 etv

209 1155 456 1205 veniendo
482 1157 544 1205 ad
571 1174 743 1207 omnes
769 1158 933 1207 curias
959 1158 1152 1208 abbatis
1177 1159 1230 1207 in
1255 1160 1598 1224 elemosinaria
1621 1167 1781 1210 tentas
1819 1190 1829 1201 ·
1866 1166 1896 1209 5
1917 1161 1952 1210 J
1955 1162 2058 1210 unii
2088 1166 2229 1212 1535.

207 1414 536 1502 Preceptum
578 1436 732 1486 safine
772 1437 903 1486 diae
945 1438 1121 1487 domus
1164 1438 1406 1487 direRum
1452 1438 1646 1488 Thome
1688 1439 1908 1488 Baufour
1953 1449 2002 1490 et
2049 1441 2270 1491 Niniano

209 1529 337 1596 Lyel
358 1530 559 1580 balliuis
583 1531 776 1581 abbatis
797 1531 851 1580 in
876 1530 971 1580 hac
997 1538 1140 1596 parte
1166 1558 1177 1569 ·
1202 1531 1338 1581 Vide
1362 1532 1415 1581 in
1441 1532 1649 1598 registro
1673 1533 1878 1599 papii-eo
1903 1551 2108 1583 numero
2133 1538 2247 1589 249.

210 1787 409 1861 Abbas
448 1809 681 1858 concedit
720 1808 932 1857 Valtero
977 1784 1247 1857 An'droson
1286 1807 1383 1856 suis
1430 1807 1697 1858 heredibus
1746 1816 1795 1857 et
1842 1808 2089 1875 affignatis
2129 1827 2274 1858 vnam

205 1905 383 1952 rudam
420 1911 553 1952 terre
589 1903 835 1952 iacentem
872 1902 1005 1951 infra
1033 1901 1294 1951 baroniam
1321 1901 1382 1949 de
1411 1900 1573 1950 Torre
1606 1909 1655 1950 et
1685 1902 1998 1967 regalitatem
2024 1903 2084 1951 de
2111 1902 2276 1968 Abyr-

205 1996 390 2063 broyth
438 1996 572 2045 inter
612 2003 774 2045 terras
821 1994 1032 2044 Andree
1079 1993 1336 2060 Dyllidaff
1375 1995 1439 2043 ad
1481 1994 1791 2044 occidentem
1836 2002 1885 2044 et
1925 1996 1971 2044 le
2013 1995 2172 2061 Fyrth
2213 1996 2276 2043 ad

208 2091 411 2140 boream
435 2089 662 2155 partibus
698 2090 762 2138 ab
787 2106 886 2138 vna
922 2095 972 2138 et
1007 2088 1055 2137 le
1092 2087 1226 2153 Fery
1256 2085 1402 2136 Croft
1439 2087 1501 2135 ad
1538 2088 1783 2136 orientem
1807 2095 1857 2137 et
1882 2088 2090 2137 croftam
2126 2088 2275 2152 perti-

208 2191 411 2233 nentem
435 2184 656 2249 predi&e
683 2182 800 2231 ville
837 2182 899 2231 de
938 2181 1102 2230 Torre
1137 2180 1363 2246 partibus
1400 2181 1461 2229 ab
1498 2181 1656 2230 altera
1696 2210 1706 2220 ·
1748 2199 1958 2230 vnacum
1994 2188 2274 2230 tenemento

210 2275 369 2325 altero
393 2275 590 2324 iacente
617 2275 681 2324 ad
706 2273 1068 2323 occidentalem
1088 2280 1282 2338 partem
1302 2273 1635 2338 predictarum
1662 2281 1904 2323 terrarum
1931 2274 2050 2322 dieti
2068 2273 2273 2321 Andree

210 2367 450 2417 Dillidaff
477 2375 528 2417 et
561 2367 608 2417 le
645 2366 688 2416 F
691 2367 807 2433 yrth
844 2367 908 2416 ad
942 2367 1144 2415 boream
1183 2365 1409 2430 partibus
1446 2367 1507 2415 ab
1544 2384 1640 2415 vna
1676 2374 1724 2415 et
1760 2367 1812 2432 ly
1843 2365 1995 2414 Ferre
2034 2364 2176 2414 Croft
2210 2365 2274 2412 ad

211 2441 459 2510 orientem
497 2468 547 2509 et
587 2460 796 2509 croftam
843 2458 1181 2523 pertinentem
1220 2458 1445 2523 predicte
1485 2458 1602 2507 ville
1645 2459 1707 2507 de
1748 2458 1908 2507 Torre
1949 2457 2169 2522 partibus
2211 2457 2272 2505 ab

212 2553 372 2603 altera
413 2583 423 2593 ·
462 2569 676 2602 vnacum
712 2558 998 2602 tenemento
1035 2551 1193 2600 altero
1230 2551 1425 2601 iacente
1462 2553 1526 2600 ad
1561 2552 1917 2601 occidentalem
1950 2558 2138 2617 partem
2165 2567 2272 2614 pre-

213 2647 458 2696 dictarum
494 2653 742 2694 terrarum
765 2644 884 2692 dicei
909 2644 1117 2693 Andree
1154 2643 1385 2694 Dilledaf
1413 2646 1627 2695 habente
1652 2646 1703 2693 in
1729 2645 2040 2709 longitudine
2065 2644 2272 2709 quadra-

214 2739 356 2804 ginta
399 2741 507 2787 οὲὶο
549 2738 691 2787 vlnas
739 2745 789 2786 et
835 2737 889 2785 in
934 2736 1201 2786 latitudine
1251 2737 1512 2786 duodecim
1560 2738 1698 2786 vlnas
1741 2755 1951 2787 vnacum
1999 2739 2186 2786 duobus
2227 2736 2273 2800 ly

193 2835 417 2897 sowmys
429 2834 572 2898 gfflss·
594 2832 648 2880 in
673 2837 842 2879 monte
863 2837 912 2878 et
930 2830 1089 2895 glebis
1109 2829 1522 2878 concernentibus
1541 2829 1772 2893 prediffls
1796 2829 1942 2878 terris
1968 2856 1977 2865 ·
2002 2819 2272 2877 Reddendo

216 2925 481 2974 duodecim
507 2924 686 2973 solidos
712 2932 908 2972 monete
937 2921 1113 2973 Scocie
1149 2949 1159 2959 ·
1199 2926 1259 2970 12
1286 2920 1498 2986 Augusti
1526 2924 1669 2969 1535.
