2742 3848
640 316 1070 369 REGISTRUM
1103 316 1202 367 DE
1238 313 1802 366 ABERBROTHOC.
2160 319 2259 364 485

191 453 402 500 duorum
429 452 490 500 de
515 452 679 500 medio
706 452 895 501 sublato
930 451 1175 517 posterior
1211 448 1358 500 terr1s
1395 457 1445 499 et
1481 450 1689 499 decimis
1724 467 1816 515 pro
1853 449 2019 513 spacio
2045 448 2144 497 vite
2174 450 2256 496 sue

190 543 429 609 gaudebit
467 574 477 584 ·
514 543 790 593 Reddendo
825 561 918 609 pro
942 545 1091 594 terris
1115 545 1177 593 de
1203 543 1410 609 Rwiffys
1445 543 1528 592 sex
1552 543 1706 593 libras
1730 542 1972 592 tredecim
1996 541 2175 591 solidos
2212 550 2259 589 et

192 644 406 701 quatuor
444 636 677 685 denarios
712 645 912 686 monete
952 636 1126 686 Scocie
1159 638 1223 686 ad
1259 636 1498 685 terminos
1520 636 1722 685 -vsuales
1760 665 1770 676 ·
1810 643 1859 684 et
1902 636 2024 684 duas
2067 634 2260 683 celdras

192 747 465 779 auenarum
504 729 758 794 wlgariter
806 729 1039 794 horscorn
1079 729 1307 778 mensure
1350 729 1446 777 fori
1490 728 1737 778 currentis
1780 758 1791 768 ·
1835 736 1885 776 et
1925 744 2017 792 pro
2057 727 2262 775 decimis

192 821 478 886 garbalibus
503 821 774 870 earundem
808 821 1073 869 duodecim
1098 821 1256 870 bollas
1280 821 1441 871 farine
1468 811 1517 871 et
1543 829 1757 885 quatuor
1780 820 1937 869 bollas
1963 820 2100 869 ordei
2127 837 2261 868 men-

194 915 303 963 sure
326 914 548 979 prediclae
574 914 639 963 ad
663 914 902 963 terminos
929 914 1188 962 consuetos
1225 931 1337 963 cum
1374 915 1454 963 sex
1488 915 1765 979 caponibus
1791 922 1841 963 et
1867 914 2075 963 totidem
2110 913 2263 978 pullis

194 1007 377 1056 adultis
420 1024 532 1055 cum
580 1014 809 1072 rynmart
848 1014 897 1054 et
936 1006 1141 1071 weddyr
1190 1033 1200 1044 ·
1246 1014 1295 1069 et
1332 1024 1423 1071 pro
1467 1008 1627 1056 crofta
1668 1008 1893 1072 prediffl’a
1930 1006 2263 1072 quadraginta

194 1100 374 1148 solidos
400 1129 410 1138 ·
437 1107 487 1147 et
505 1099 734 1147 ducendo
755 1099 928 1147 decem
953 1097 1252 1163 plaustratus
1275 1099 1535 1165 glebarum
1560 1107 1610 1149 et
1635 1100 1842 1149 totidem
1867 1100 1970 1148 feni
1996 1109 2045 1148 et
2070 1099 2263 1164 tegulas

196 1193 329 1257 apud
363 1191 718 1240 monasterium
755 1191 961 1255 quocies
996 1191 1265 1255 premoniti
1301 1192 1488 1241 fuerint
1524 1221 1534 1231 ·
1574 1192 1746 1242 Abbas
1782 1193 1981 1257 insuper
2011 1169 2264 1241 constituit

195 1292 494 1333 memoratos
532 1283 813 1332 Henricum
847 1291 895 1332 et
932 1282 1218 1331 Johannem
1251 1284 1529 1350 regalitatis
1554 1285 1616 1333 de
1642 1285 1906 1351 Arbroyth
1938 1302 2100 1334 maros
2126 1302 2263 1333 coro-

197 1385 396 1426 natores
434 1376 754 1439 omniumque
788 1376 1042 1424 curiarum
1067 1377 1149 1423 seu
1175 1376 1410 1424 itinerum
1435 1376 1708 1426 iusticiarie
1736 1377 2008 1425 camerarie
2034 1377 2265 1425 aliarum-

197 1487 292 1534 que
336 1469 588 1518 curiarum
630 1468 778 1533 burgi
822 1475 906 1516 aut
946 1467 1153 1516 baronie
1201 1468 1385 1518 scribas
1428 1470 1650 1519 notarios
1698 1471 1779 1518 seu
1820 1479 1873 1518 ut
1915 1471 2042 1535 wlgo
2081 1471 2265 1519 dicitur

197 1564 445 1612 curiarum
486 1562 694 1612 clericos
731 1562 944 1610 durante
980 1569 1204 1626 tempore
1232 1562 1332 1611 vite
1358 1580 1530 1611 eorum
1569 1580 1679 1612 cum
1717 1563 1958 1628 potestate
1983 1563 2266 1612 substitutos

198 1655 465 1705 ordinandi
507 1687 516 1696 ·
560 1673 653 1721 pro
695 1672 908 1718 quorum
948 1655 1220 1704 officiorum
1260 1656 1507 1704 exercicio
1547 1655 1756 1721 affignat
1796 1657 2030 1721 prediEtis
2066 1657 2264 1705 feodum

199 1750 484 1799 consuetum
513 1748 748 1796 videlicet
774 1765 920 1796 vnam
958 1748 1148 1813 peciam
1189 1756 1321 1797 terre
1358 1749 1606 1798 iacentem
1634 1767 1693 1797 ex
1719 1758 1862 1814 parte
1898 1750 2087 1798 boreali
2116 1758 2267 1798 terra-

200 1861 309 1892 rum
344 1843 405 1891 de
434 1841 601 1892 Carne
628 1849 854 1890 vocatam
881 1841 1136 1907 wlgariter
1162 1841 1436 1907 Mayrland
1474 1872 1483 1882 ·
1522 1860 1581 1891 ac
1617 1843 1776 1891 eciam
1813 1843 2077 1892 duodecim
2113 1843 2270 1892 bollas

201 1936 342 1984 ordei
367 1943 417 1984 et
441 1934 706 1983 duodecim
731 1933 888 1983 bollas
925 1933 1085 1983 farine
1123 1936 1351 1985 mensure
1386 1937 1482 1985 fori
1520 1937 1767 1985 currentis
1793 1937 1856 1985 ad
1881 1937 2120 1985 terminos
2157 1954 2270 1985 eon-

201 2031 360 2078 suetos
384 2028 624 2077 leuandas
647 2028 708 2075 de
726 2027 883 2075 firmis
904 2026 1193 2076 viaualium
1216 2029 1331 2078 ville
1357 2030 1419 2078 de
1445 2029 1622 2095 Ruffys
1647 2037 1697 2078 et
1714 2030 1776 2079 de
1802 2030 2008 2078 decimis
2027 2029 2242 2079 eiusdem
2262 2058 2269 2066 ·

204 2123 437 2173 ,videlicet
473 2151 484 2162 ·
522 2122 786 2170 duodecim
817 2121 976 2170 bollas
1014 2121 1172 2170 farine
1198 2131 1413 2186 quatuor
1437 2121 1594 2171 bollas
1631 2117 1771 2170 ordei
1804 2132 1852 2171 et
1882 2140 2023 2171 vnam
2052 2123 2269 2172 celdram

205 2234 478 2267 auenarum
515 2217 766 2281 wlgariter
803 2216 846 2265 le
881 2216 1114 2282 lzoffcorn
1149 2234 1241 2281 pro
1278 2216 1484 2280 reliquis
1517 2219 1625 2264 octo
1661 2216 1806 2266 bollis
1843 2217 1978 2265 ordei
2025 2247 2034 2256 -
2076 2218 2137 2265 de
2175 2234 2271 2280 qua

205 2311 404 2375 quidem
430 2312 617 2358 summa
642 2296 924 2358 victualium
949 2310 1197 2373 prediEtos
1223 2318 1462 2358 exonerat
1490 2339 1499 2348 -
1528 2314 1556 2357 8
1582 2309 1726 2358 Junii
1757 2313 1900 2357 1528.

204 2567 356 2640 Idem
396 2589 578 2638 affedat
613 2606 704 2654 pro
741 2587 1070 2636 nouendecim
1108 2587 1252 2635 annis
1280 2585 1534 2634 Willelmo
1572 2585 1764 2633 Burnet
1789 2593 1838 2633 et
1862 2585 2046 2634 Jonete
2083 2585 2269 2634 Forbes

207 2683 311 2731 eius
335 2681 505 2747 sponse
542 2681 732 2745 suisque
770 2679 1142 2728 subtenentibus
1179 2687 1228 2728 et
1264 2679 1516 2744 affignatis
1552 2697 1653 2727 non
1690 2680 1890 2728 maioris
1928 2678 2078 2729 status
2115 2689 2272 2729 terras

207 2775 324 2824 ville
361 2776 423 2824 de
466 2774 792 2840 Smyddehyll
835 2791 946 2822 cum
983 2773 1189 2822 decimis
1217 2773 1512 2839 ‘garbalibus
1551 2772 1603 2821 in
1639 2773 1847 2822 baronia
1886 2773 1947 2821 de
1991 2773 2185 2822 Tarues
2226 2784 2274 2822 et

208 2867 471 2933 regalitate
505 2868 567 2916 de
604 2866 866 2932 Arbroyth
904 2884 1014 2915 cum
1053 2867 1304 2915 communi
1351 2866 1553 2931 pastura
1587 2866 1640 2914 in
1676 2866 1796 2915 villa
1836 2867 1898 2915 de
1938 2865 2271 2932 Carnbrogy·

210 2960 484 3009 Reddendo
517 2961 690 3008 decem
727 2959 908 3008 solidos
944 2967 1144 3018 monete
1181 2957 1354 3011 Scocie
1392 2979 1503 3009 cum
1542 2961 1652 3011 aliis
1684 2961 1916 3009 oneribus
1944 2969 1992 3010 et
2017 2961 2271 3010 seruiciis·

211 3057 240 3100 8
265 3053 300 3102 J
304 3054 406 3102 unii
434 3058 578 3102 1528.
