<?xml version="1.0" encoding="UTF-8"?>
<!DOCTYPE html PUBLIC "-//W3C//DTD XHTML 1.0 Transitional//EN"
    "http://www.w3.org/TR/xhtml1/DTD/xhtml1-transitional.dtd">
<html xmlns="http://www.w3.org/1999/xhtml" xml:lang="en" lang="en">
 <head>
  <title>
</title>
<meta http-equiv="Content-Type" content="text/html;charset=utf-8" />
  <meta name='ocr-system' content='tesseract 3.04.00' />
  <meta name='ocr-capabilities' content='ocr_page ocr_carea ocr_par ocr_line ocrx_word'/>
</head>
<body>
  <div class='ocr_page' id='page_1' title='image "./libersthomedea8602arbruoft_0187.png"; bbox 0 0 2762 3834; ppageno 0'>
   <div class='ocr_carea' id='block_1_1' title="bbox 637 349 2252 406">
    <p class='ocr_par' dir='ltr' id='par_1_1' title="bbox 637 349 2252 406">
     <span class='ocr_line' id='line_1_1' title="bbox 637 349 2252 406; baseline 0.001 -4"><span class='ocrx_word' id='word_1_1' title='bbox 637 351 1075 404; x_wconf 83' lang='lat' dir='ltr'><strong>REGISTRUM</strong></span> <span class='ocrx_word' id='word_1_2' title='bbox 1095 351 1200 402; x_wconf 91' lang='lat' dir='ltr'><strong>DE</strong></span> <span class='ocrx_word' id='word_1_3' title='bbox 1236 349 1802 402; x_wconf 86' lang='lat' dir='ltr'><strong>ABERBROTHOC.</strong></span> <span class='ocrx_word' id='word_1_4' title='bbox 2190 353 2252 406; x_wconf 82' lang='grc'><strong>87</strong></span> 
     </span>
    </p>
   </div>
   <div class='ocr_carea' id='block_1_2' title="bbox 161 483 2252 2962">
    <p class='ocr_par' dir='ltr' id='par_1_2' title="bbox 161 483 2252 2962">
     <span class='ocr_line' id='line_1_2' title="bbox 182 483 2250 550; baseline 0.001 -19"><span class='ocrx_word' id='word_1_5' title='bbox 182 484 359 533; x_wconf 90' lang='lat' dir='ltr'><strong>menfis</strong></span> <span class='ocrx_word' id='word_1_6' title='bbox 382 483 682 536; x_wconf 81' lang='lat' dir='ltr'><strong>Decembris</strong></span> <span class='ocrx_word' id='word_1_7' title='bbox 707 487 902 537; x_wconf 89' lang='lat' dir='ltr'><strong>decima</strong></span> <span class='ocrx_word' id='word_1_8' title='bbox 925 490 1101 536; x_wconf 69' lang='lat' dir='ltr'><strong>o&amp;aua</strong></span> <span class='ocrx_word' id='word_1_9' title='bbox 1131 516 1143 527; x_wconf 90' lang='lat'><strong>·</strong></span> <span class='ocrx_word' id='word_1_10' title='bbox 1176 484 1449 535; x_wconf 63' lang='lat' dir='ltr'><strong>indictione</strong></span> <span class='ocrx_word' id='word_1_11' title='bbox 1478 492 1662 550; x_wconf 88' lang='lat' dir='ltr'><strong>quarta</strong></span> <span class='ocrx_word' id='word_1_12' title='bbox 1695 511 1707 524; x_wconf 89' lang='lat'><strong>·</strong></span> <span class='ocrx_word' id='word_1_13' title='bbox 1736 484 2058 550; x_wconf 89' lang='lat' dir='ltr'><strong>pontificatus</strong></span> <span class='ocrx_word' id='word_1_14' title='bbox 2109 523 2120 534; x_wconf 92' lang='lat'><strong><em>.</em></strong></span> <span class='ocrx_word' id='word_1_15' title='bbox 2176 523 2187 533; x_wconf 88' lang='lat'><strong>.</strong></span> <span class='ocrx_word' id='word_1_16' title='bbox 2239 523 2250 533; x_wconf 91' lang='lat'><strong>.</strong></span> 
     </span>
     <span class='ocr_line' id='line_1_3' title="bbox 180 576 2252 645; baseline 0.001 -21"><span class='ocrx_word' id='word_1_17' title='bbox 180 576 369 625; x_wconf 91' lang='lat' dir='ltr'><strong>domini</strong></span> <span class='ocrx_word' id='word_1_18' title='bbox 399 577 571 627; x_wconf 81' lang='lat' dir='ltr'><strong>calisti</strong></span> <span class='ocrx_word' id='word_1_19' title='bbox 620 616 632 628; x_wconf 90' lang='lat'><strong>.</strong></span> <span class='ocrx_word' id='word_1_20' title='bbox 686 617 698 628; x_wconf 90' lang='lat'><strong><em>.</em></strong></span> <span class='ocrx_word' id='word_1_21' title='bbox 751 617 764 628; x_wconf 88' lang='lat'><strong>.</strong></span> <span class='ocrx_word' id='word_1_22' title='bbox 805 596 934 645; x_wconf 90' lang='lat' dir='ltr'><strong>pape</strong></span> <span class='ocrx_word' id='word_1_23' title='bbox 970 579 1118 629; x_wconf 70' lang='lat' dir='ltr'><strong>tercii.</strong></span> <span class='ocrx_word' id='word_1_24' title='bbox 1139 596 1271 628; x_wconf 91' lang='lat' dir='ltr'><strong>anno</strong></span> <span class='ocrx_word' id='word_1_25' title='bbox 1295 578 1458 643; x_wconf 87' lang='lat' dir='ltr'><strong>primo</strong></span> <span class='ocrx_word' id='word_1_26' title='bbox 1483 607 1494 618; x_wconf 89' lang='lat'><em>·</em></span> <span class='ocrx_word' id='word_1_27' title='bbox 1519 577 1573 627; x_wconf 90' lang='lat' dir='ltr'><strong>in</strong></span> <span class='ocrx_word' id='word_1_28' title='bbox 1607 576 1865 643; x_wconf 84' lang='lat' dir='ltr'>presencia</span> <span class='ocrx_word' id='word_1_29' title='bbox 1901 616 1913 627; x_wconf 90' lang='lat'>.</span> <span class='ocrx_word' id='word_1_30' title='bbox 1942 615 1964 627; x_wconf 85' lang='grc'><strong>,.</strong></span> <span class='ocrx_word' id='word_1_31' title='bbox 2005 615 2016 627; x_wconf 95' lang='grc'><strong>.</strong></span> <span class='ocrx_word' id='word_1_32' title='bbox 2056 577 2252 627; x_wconf 91' lang='lat' dir='ltr'><strong>Thome</strong></span> 
     </span>
     <span class='ocr_line' id='line_1_4' title="bbox 178 669 2250 737; baseline 0.001 -20"><span class='ocrx_word' id='word_1_33' title='bbox 178 669 240 718; x_wconf 89' lang='lat' dir='ltr'><strong>de</strong></span> <span class='ocrx_word' id='word_1_34' title='bbox 262 669 463 721; x_wconf 90' lang='lat' dir='ltr'><strong>Driden</strong></span> <span class='ocrx_word' id='word_1_35' title='bbox 495 672 767 737; x_wconf 86' lang='lat' dir='ltr'>supprioris</span> <span class='ocrx_word' id='word_1_36' title='bbox 792 671 1068 721; x_wconf 86' lang='lat' dir='ltr'><strong>claustralis</strong></span> <span class='ocrx_word' id='word_1_37' title='bbox 1092 670 1378 720; x_wconf 85' lang='lat' dir='ltr'><strong>monasterii</strong></span> <span class='ocrx_word' id='word_1_38' title='bbox 1402 671 1464 720; x_wconf 90' lang='lat' dir='ltr'><strong>de</strong></span> <span class='ocrx_word' id='word_1_39' title='bbox 1488 670 1828 719; x_wconf 91' lang='lat' dir='ltr'><strong>Abirbrothoc</strong></span> <span class='ocrx_word' id='word_1_40' title='bbox 1866 707 1878 718; x_wconf 90' lang='lat'>.</span> <span class='ocrx_word' id='word_1_41' title='bbox 1918 708 1928 719; x_wconf 87' lang='lat'><strong>.</strong></span> <span class='ocrx_word' id='word_1_42' title='bbox 1969 707 1980 719; x_wconf 90' lang='lat'><strong>.</strong></span> <span class='ocrx_word' id='word_1_43' title='bbox 2018 670 2250 719; x_wconf 90' lang='lat' dir='ltr'><strong>aliorum-</strong></span> 
     </span>
     <span class='ocr_line' id='line_1_5' title="bbox 178 763 2250 828; baseline 0.001 -18"><span class='ocrx_word' id='word_1_44' title='bbox 178 779 274 826; x_wconf 85' lang='lat' dir='ltr'><strong>que</strong></span> <span class='ocrx_word' id='word_1_45' title='bbox 313 800 324 811; x_wconf 90' lang='lat'><strong>.</strong></span> <span class='ocrx_word' id='word_1_46' title='bbox 366 801 377 812; x_wconf 90' lang='lat'>.</span> <span class='ocrx_word' id='word_1_47' title='bbox 420 801 431 813; x_wconf 89' lang='lat'><strong>.</strong></span> <span class='ocrx_word' id='word_1_48' title='bbox 469 764 755 813; x_wconf 88' lang='lat' dir='ltr'><strong>monasterii</strong></span> <span class='ocrx_word' id='word_1_49' title='bbox 778 763 1136 814; x_wconf 90' lang='lat' dir='ltr'><strong>monachorum</strong></span> <span class='ocrx_word' id='word_1_50' title='bbox 1159 763 1212 812; x_wconf 92' lang='lat' dir='ltr'><strong>in</strong></span> <span class='ocrx_word' id='word_1_51' title='bbox 1238 764 1384 812; x_wconf 89' lang='lat' dir='ltr'><strong>domo</strong></span> <span class='ocrx_word' id='word_1_52' title='bbox 1411 763 1677 828; x_wconf 85' lang='lat' dir='ltr'><strong>capitulari</strong></span> <span class='ocrx_word' id='word_1_53' title='bbox 1702 770 1818 813; x_wconf 90' lang='lat' dir='ltr'><strong>ante</strong></span> <span class='ocrx_word' id='word_1_54' title='bbox 1836 763 2108 812; x_wconf 90' lang='lat' dir='ltr'><strong>merediem</strong></span> <span class='ocrx_word' id='word_1_55' title='bbox 2124 763 2250 813; x_wconf 90' lang='lat' dir='ltr'><strong>hora</strong></span> 
     </span>
     <span class='ocr_line' id='line_1_6' title="bbox 178 854 2250 921; baseline 0.001 -18"><span class='ocrx_word' id='word_1_56' title='bbox 178 854 413 905; x_wconf 87' lang='lat' dir='ltr'><strong>consueta</strong></span> <span class='ocrx_word' id='word_1_57' title='bbox 450 892 461 904; x_wconf 90' lang='lat'><strong>.</strong></span> <span class='ocrx_word' id='word_1_58' title='bbox 502 894 513 905; x_wconf 89' lang='lat'><strong><em>.</em></strong></span> <span class='ocrx_word' id='word_1_59' title='bbox 554 894 565 905; x_wconf 89' lang='lat'><strong>.</strong></span> <span class='ocrx_word' id='word_1_60' title='bbox 602 857 800 920; x_wconf 84' lang='lat' dir='ltr'><strong>meique</strong></span> <span class='ocrx_word' id='word_1_61' title='bbox 850 893 862 905; x_wconf 91' lang='lat'><strong>.</strong></span> <span class='ocrx_word' id='word_1_62' title='bbox 914 893 926 905; x_wconf 85' lang='lat'><strong>.</strong></span> <span class='ocrx_word' id='word_1_63' title='bbox 978 892 990 905; x_wconf 87' lang='lat'><strong>.</strong></span> <span class='ocrx_word' id='word_1_64' title='bbox 1039 864 1089 905; x_wconf 91' lang='lat' dir='ltr'><strong>et</strong></span> <span class='ocrx_word' id='word_1_65' title='bbox 1146 856 1345 905; x_wconf 87' lang='lat' dir='ltr'><strong>testium</strong></span> <span class='ocrx_word' id='word_1_66' title='bbox 1379 856 1765 921; x_wconf 89' lang='lat' dir='ltr'><strong>subscriptorum</strong></span> <span class='ocrx_word' id='word_1_67' title='bbox 1805 896 1816 905; x_wconf 86' lang='lat'><strong>.</strong></span> <span class='ocrx_word' id='word_1_68' title='bbox 1861 895 1870 905; x_wconf 90' lang='lat'><strong>.</strong></span> <span class='ocrx_word' id='word_1_69' title='bbox 1916 895 1926 906; x_wconf 89' lang='lat'><strong>.</strong></span> <span class='ocrx_word' id='word_1_70' title='bbox 1969 857 2250 921; x_wconf 82' lang='lat' dir='ltr'><strong>comparuit</strong></span> 
     </span>
     <span class='ocr_line' id='line_1_7' title="bbox 177 948 2247 1016; baseline 0.002 -21"><span class='ocrx_word' id='word_1_71' title='bbox 177 949 477 999; x_wconf 88' lang='lat' dir='ltr'><strong>venerabilis</strong></span> <span class='ocrx_word' id='word_1_72' title='bbox 517 957 566 998; x_wconf 90' lang='lat' dir='ltr'><strong>et</strong></span> <span class='ocrx_word' id='word_1_73' title='bbox 608 949 787 998; x_wconf 85' lang='lat' dir='ltr'><strong>eximie</strong></span> <span class='ocrx_word' id='word_1_74' title='bbox 825 949 1039 998; x_wconf 88' lang='lat' dir='ltr'><strong>sciencie</strong></span> <span class='ocrx_word' id='word_1_75' title='bbox 1079 948 1156 997; x_wconf 90' lang='lat' dir='ltr'><strong>vir</strong></span> <span class='ocrx_word' id='word_1_76' title='bbox 1191 949 1429 1016; x_wconf 87' lang='lat' dir='ltr'><strong>magister</strong></span> <span class='ocrx_word' id='word_1_77' title='bbox 1462 950 1499 999; x_wconf 86' lang='lat' dir='ltr'>J</span> <span class='ocrx_word' id='word_1_78' title='bbox 1502 950 1724 1000; x_wconf 90' lang='lat' dir='ltr'><strong>ohannes</strong></span> <span class='ocrx_word' id='word_1_79' title='bbox 1751 950 2005 1000; x_wconf 92' lang='lat' dir='ltr'><strong>Athilmer</strong></span> <span class='ocrx_word' id='word_1_80' title='bbox 2029 950 2083 999; x_wconf 92' lang='lat' dir='ltr'><strong>in</strong></span> <span class='ocrx_word' id='word_1_81' title='bbox 2107 951 2247 1000; x_wconf 87' lang='lat' dir='ltr'><strong>sacra</strong></span> 
     </span>
     <span class='ocr_line' id='line_1_8' title="bbox 174 1039 2244 1107; baseline 0.002 -20"><span class='ocrx_word' id='word_1_82' title='bbox 174 1039 428 1106; x_wconf 78' lang='lat' dir='ltr'><strong>theologia</strong></span> <span class='ocrx_word' id='word_1_83' title='bbox 449 1041 690 1106; x_wconf 78' lang='lat' dir='ltr'><strong>professor</strong></span> <span class='ocrx_word' id='word_1_84' title='bbox 711 1059 770 1091; x_wconf 88' lang='lat' dir='ltr'><strong>ac</strong></span> <span class='ocrx_word' id='word_1_85' title='bbox 796 1040 1001 1091; x_wconf 88' lang='lat' dir='ltr'><strong>ecclefie</strong></span> <span class='ocrx_word' id='word_1_86' title='bbox 1027 1040 1289 1107; x_wconf 89' lang='lat' dir='ltr'><strong>collegiate</strong></span> <span class='ocrx_word' id='word_1_87' title='bbox 1319 1040 1486 1092; x_wconf 69' lang='lat' dir='ltr'><strong>Sancti</strong></span> <span class='ocrx_word' id='word_1_88' title='bbox 1522 1042 1798 1092; x_wconf 85' lang='lat' dir='ltr'><strong>Saluatoris</strong></span> <span class='ocrx_word' id='word_1_89' title='bbox 1833 1043 1968 1092; x_wconf 84' lang='lat' dir='ltr'><strong>infra</strong></span> <span class='ocrx_word' id='word_1_90' title='bbox 1989 1043 2244 1092; x_wconf 81' lang='lat' dir='ltr'><strong>ciuitatem</strong></span> 
     </span>
     <span class='ocr_line' id='line_1_9' title="bbox 175 1131 2244 1200; baseline 0.001 -19"><span class='ocrx_word' id='word_1_91' title='bbox 175 1131 529 1183; x_wconf 68' lang='lat' dir='ltr'><strong>Sanffiandree</strong></span> <span class='ocrx_word' id='word_1_92' title='bbox 554 1134 830 1200; x_wconf 72' lang='lat' dir='ltr'><strong>prepositus</strong></span> <span class='ocrx_word' id='word_1_93' title='bbox 853 1141 1151 1199; x_wconf 90' lang='lat' dir='ltr'><strong>procurator</strong></span> <span class='ocrx_word' id='word_1_94' title='bbox 1187 1174 1196 1184; x_wconf 93' lang='lat'><strong>.</strong></span> <span class='ocrx_word' id='word_1_95' title='bbox 1234 1175 1243 1184; x_wconf 89' lang='lat'><em>.</em></span> <span class='ocrx_word' id='word_1_96' title='bbox 1282 1175 1291 1184; x_wconf 90' lang='lat'><strong>.</strong></span> <span class='ocrx_word' id='word_1_97' title='bbox 1326 1135 1516 1183; x_wconf 87' lang='lat' dir='ltr'><strong>domini</strong></span> <span class='ocrx_word' id='word_1_98' title='bbox 1542 1135 1750 1184; x_wconf 88' lang='lat' dir='ltr'><strong>Ricardi</strong></span> <span class='ocrx_word' id='word_1_99' title='bbox 1779 1175 1789 1185; x_wconf 89' lang='lat'><strong>.</strong></span> <span class='ocrx_word' id='word_1_100' title='bbox 1824 1176 1833 1185; x_wconf 94' lang='lat'><strong><em>.</em></strong></span> <span class='ocrx_word' id='word_1_101' title='bbox 1869 1176 1878 1185; x_wconf 91' lang='lat'><strong>.</strong></span> <span class='ocrx_word' id='word_1_102' title='bbox 1913 1136 2105 1186; x_wconf 89' lang='lat' dir='ltr'><strong>abbatis</strong></span> <span class='ocrx_word' id='word_1_103' title='bbox 2141 1176 2150 1186; x_wconf 88' lang='lat'>.</span> <span class='ocrx_word' id='word_1_104' title='bbox 2189 1176 2199 1184; x_wconf 89' lang='lat'>.</span> <span class='ocrx_word' id='word_1_105' title='bbox 2235 1176 2244 1184; x_wconf 94' lang='lat'><strong><em>.</em></strong></span> 
     </span>
     <span class='ocr_line' id='line_1_10' title="bbox 174 1226 2246 1292; baseline 0.002 -20"><span class='ocrx_word' id='word_1_106' title='bbox 174 1226 235 1273; x_wconf 90' lang='lat' dir='ltr'><strong>de</strong></span> <span class='ocrx_word' id='word_1_107' title='bbox 253 1226 595 1276; x_wconf 90' lang='lat' dir='ltr'><strong>Abirbrothoc</strong></span> <span class='ocrx_word' id='word_1_108' title='bbox 629 1267 638 1277; x_wconf 90' lang='lat'>.</span> <span class='ocrx_word' id='word_1_109' title='bbox 677 1267 686 1277; x_wconf 90' lang='lat'><strong>.</strong></span> <span class='ocrx_word' id='word_1_110' title='bbox 724 1267 734 1276; x_wconf 92' lang='lat'><strong><em>.</em></strong></span> <span class='ocrx_word' id='word_1_111' title='bbox 768 1234 952 1292; x_wconf 87' lang='lat' dir='ltr'><strong>prout.</strong></span> <span class='ocrx_word' id='word_1_112' title='bbox 978 1266 987 1276; x_wconf 91' lang='lat'><strong>.</strong></span> <span class='ocrx_word' id='word_1_113' title='bbox 1014 1266 1023 1276; x_wconf 90' lang='lat'>.</span> <span class='ocrx_word' id='word_1_114' title='bbox 1048 1243 1140 1291; x_wconf 88' lang='lat' dir='ltr'><strong>per</strong></span> <span class='ocrx_word' id='word_1_115' title='bbox 1162 1226 1546 1276; x_wconf 88' lang='lat' dir='ltr'><strong>instrumentum</strong></span> <span class='ocrx_word' id='word_1_116' title='bbox 1571 1228 1826 1292; x_wconf 91' lang='lat' dir='ltr'><strong>publicum</strong></span> <span class='ocrx_word' id='word_1_117' title='bbox 1858 1268 1867 1277; x_wconf 88' lang='lat'><strong>.</strong></span> <span class='ocrx_word' id='word_1_118' title='bbox 1898 1268 1908 1277; x_wconf 89' lang='lat'><strong>.</strong></span> <span class='ocrx_word' id='word_1_119' title='bbox 1940 1267 1949 1276; x_wconf 91' lang='lat'><em>.</em></span> <span class='ocrx_word' id='word_1_120' title='bbox 1989 1229 2246 1278; x_wconf 86' lang='lat' dir='ltr'><strong>constabat</strong></span> 
     </span>
     <span class='ocr_line' id='line_1_11' title="bbox 172 1318 2242 1385; baseline 0.002 -20"><span class='ocrx_word' id='word_1_121' title='bbox 172 1357 180 1365; x_wconf 95' lang='lat'>.</span> <span class='ocrx_word' id='word_1_122' title='bbox 318 1318 635 1383; x_wconf 86' lang='lat' dir='ltr'><strong>Quoquidem</strong></span> <span class='ocrx_word' id='word_1_123' title='bbox 680 1318 1008 1367; x_wconf 87' lang='lat' dir='ltr'><strong>instrumento</strong></span> <span class='ocrx_word' id='word_1_124' title='bbox 1062 1358 1072 1367; x_wconf 90' lang='lat'><strong>.</strong></span> <span class='ocrx_word' id='word_1_125' title='bbox 1121 1357 1130 1366; x_wconf 96' lang='lat'>.</span> <span class='ocrx_word' id='word_1_126' title='bbox 1180 1357 1190 1367; x_wconf 91' lang='lat'><strong>.</strong></span> <span class='ocrx_word' id='word_1_127' title='bbox 1236 1335 1324 1383; x_wconf 90' lang='lat' dir='ltr'><strong>per</strong></span> <span class='ocrx_word' id='word_1_128' title='bbox 1370 1336 1449 1368; x_wconf 91' lang='lat' dir='ltr'><strong>me</strong></span> <span class='ocrx_word' id='word_1_129' title='bbox 1487 1359 1496 1369; x_wconf 94' lang='lat'><strong>.</strong></span> <span class='ocrx_word' id='word_1_130' title='bbox 1530 1359 1539 1368; x_wconf 88' lang='lat'><strong><em>.</em></strong></span> <span class='ocrx_word' id='word_1_131' title='bbox 1575 1359 1584 1369; x_wconf 90' lang='lat'><strong>.</strong></span> <span class='ocrx_word' id='word_1_132' title='bbox 1618 1320 1818 1385; x_wconf 88' lang='lat' dir='ltr'><strong>publice</strong></span> <span class='ocrx_word' id='word_1_133' title='bbox 1855 1321 2072 1385; x_wconf 67' lang='lat' dir='ltr'><strong>perlecto</strong></span> <span class='ocrx_word' id='word_1_134' title='bbox 2110 1321 2242 1370; x_wconf 90' lang='lat' dir='ltr'><strong>idem</strong></span> 
     </span>
     <span class='ocr_line' id='line_1_12' title="bbox 170 1410 2245 1475; baseline 0.002 -18"><span class='ocrx_word' id='word_1_135' title='bbox 170 1410 405 1475; x_wconf 89' lang='lat' dir='ltr'><strong>magister</strong></span> <span class='ocrx_word' id='word_1_136' title='bbox 429 1410 689 1459; x_wconf 85' lang='lat' dir='ltr'><strong>Johannes</strong></span> <span class='ocrx_word' id='word_1_137' title='bbox 726 1450 735 1459; x_wconf 92' lang='lat'>.</span> <span class='ocrx_word' id='word_1_138' title='bbox 773 1450 782 1459; x_wconf 88' lang='lat'><strong>.</strong></span> <span class='ocrx_word' id='word_1_139' title='bbox 821 1450 830 1460; x_wconf 94' lang='lat'><strong><em>.</em></strong></span> <span class='ocrx_word' id='word_1_140' title='bbox 867 1411 1008 1459; x_wconf 86' lang='lat' dir='ltr'><strong>iuxta</strong></span> <span class='ocrx_word' id='word_1_141' title='bbox 1025 1419 1250 1459; x_wconf 89' lang='lat' dir='ltr'><strong>tenorem</strong></span> <span class='ocrx_word' id='word_1_142' title='bbox 1267 1410 1581 1460; x_wconf 88' lang='lat' dir='ltr'><strong>instrumenti</strong></span> <span class='ocrx_word' id='word_1_143' title='bbox 1619 1451 1627 1461; x_wconf 94' lang='lat'>.</span> <span class='ocrx_word' id='word_1_144' title='bbox 1666 1452 1676 1461; x_wconf 88' lang='lat'><strong><em>.</em></strong></span> <span class='ocrx_word' id='word_1_145' title='bbox 1715 1452 1724 1461; x_wconf 91' lang='lat'><strong>.</strong></span> <span class='ocrx_word' id='word_1_146' title='bbox 1763 1414 1911 1461; x_wconf 87' lang='lat' dir='ltr'><strong>certis</strong></span> <span class='ocrx_word' id='word_1_147' title='bbox 1948 1452 1958 1462; x_wconf 84' lang='lat'><strong>.</strong></span> <span class='ocrx_word' id='word_1_148' title='bbox 1995 1454 2004 1462; x_wconf 93' lang='lat'><strong><em>.</em></strong></span> <span class='ocrx_word' id='word_1_149' title='bbox 2042 1453 2051 1463; x_wconf 87' lang='lat'><strong>.</strong></span> <span class='ocrx_word' id='word_1_150' title='bbox 2091 1413 2245 1462; x_wconf 79' lang='lat' dir='ltr'><strong>causis</strong></span> 
     </span>
     <span class='ocr_line' id='line_1_13' title="bbox 171 1502 2244 1555; baseline 0.002 -5"><span class='ocrx_word' id='word_1_151' title='bbox 171 1502 391 1550; x_wconf 89' lang='lat' dir='ltr'><strong>animum</strong></span> <span class='ocrx_word' id='word_1_152' title='bbox 427 1542 437 1552; x_wconf 89' lang='lat'><strong>.</strong></span> <span class='ocrx_word' id='word_1_153' title='bbox 476 1542 486 1552; x_wconf 88' lang='lat'><strong>.</strong></span> <span class='ocrx_word' id='word_1_154' title='bbox 525 1541 534 1551; x_wconf 92' lang='lat'><strong>.</strong></span> <span class='ocrx_word' id='word_1_155' title='bbox 572 1504 764 1551; x_wconf 89' lang='lat' dir='ltr'><strong>abbatis</strong></span> <span class='ocrx_word' id='word_1_156' title='bbox 789 1503 1106 1551; x_wconf 88' lang='lat' dir='ltr'><strong>mouentibus</strong></span> <span class='ocrx_word' id='word_1_157' title='bbox 1143 1541 1152 1551; x_wconf 89' lang='lat'><strong>.</strong></span> <span class='ocrx_word' id='word_1_158' title='bbox 1191 1542 1199 1551; x_wconf 93' lang='lat'><em>.</em></span> <span class='ocrx_word' id='word_1_159' title='bbox 1238 1543 1247 1552; x_wconf 93' lang='lat'><strong><em>.</em></strong></span> <span class='ocrx_word' id='word_1_160' title='bbox 1286 1520 1345 1552; x_wconf 92' lang='lat' dir='ltr'><strong>ac</strong></span> <span class='ocrx_word' id='word_1_161' title='bbox 1370 1503 1550 1552; x_wconf 89' lang='lat' dir='ltr'><strong>statum</strong></span> <span class='ocrx_word' id='word_1_162' title='bbox 1577 1505 1891 1553; x_wconf 91' lang='lat' dir='ltr'><strong>commodum</strong></span> <span class='ocrx_word' id='word_1_163' title='bbox 1915 1506 1997 1555; x_wconf 83' lang='lat' dir='ltr'><strong>eth</strong></span> <span class='ocrx_word' id='word_1_164' title='bbox 2038 1523 2244 1555; x_wconf 91' lang='lat' dir='ltr'><strong>onorem</strong></span> 
     </span>
     <span class='ocr_line' id='line_1_14' title="bbox 171 1594 2246 1664; baseline 0.002 -21"><span class='ocrx_word' id='word_1_165' title='bbox 171 1595 291 1644; x_wconf 62' lang='lat' dir='ltr'><strong>dicti</strong></span> <span class='ocrx_word' id='word_1_166' title='bbox 317 1594 604 1645; x_wconf 88' lang='lat' dir='ltr'><strong>monasterii</strong></span> <span class='ocrx_word' id='word_1_167' title='bbox 631 1595 1050 1645; x_wconf 87' lang='lat' dir='ltr'><strong>concernentibus</strong></span> <span class='ocrx_word' id='word_1_168' title='bbox 1076 1596 1211 1644; x_wconf 92' lang='lat' dir='ltr'><strong>omni</strong></span> <span class='ocrx_word' id='word_1_169' title='bbox 1235 1596 1335 1644; x_wconf 94' lang='lat' dir='ltr'><strong>iuri</strong></span> <span class='ocrx_word' id='word_1_170' title='bbox 1371 1635 1381 1645; x_wconf 93' lang='lat'><strong>.</strong></span> <span class='ocrx_word' id='word_1_171' title='bbox 1419 1636 1428 1645; x_wconf 92' lang='lat'>.</span> <span class='ocrx_word' id='word_1_172' title='bbox 1463 1636 1472 1645; x_wconf 93' lang='lat'><em>.</em></span> <span class='ocrx_word' id='word_1_173' title='bbox 1510 1597 1641 1646; x_wconf 65' lang='lat' dir='ltr'><strong>dicto</strong></span> <span class='ocrx_word' id='word_1_174' title='bbox 1667 1599 1943 1647; x_wconf 90' lang='lat' dir='ltr'><strong>venerabili</strong></span> <span class='ocrx_word' id='word_1_175' title='bbox 1966 1599 2100 1664; x_wconf 88' lang='lat' dir='ltr'><strong>patri</strong></span> <span class='ocrx_word' id='word_1_176' title='bbox 2125 1600 2177 1648; x_wconf 90' lang='lat' dir='ltr'><strong>in</strong></span> <span class='ocrx_word' id='word_1_177' title='bbox 2196 1609 2246 1648; x_wconf 90' lang='lat' dir='ltr'><strong>et</strong></span> 
     </span>
     <span class='ocr_line' id='line_1_15' title="bbox 171 1688 2244 1755; baseline 0.002 -19"><span class='ocrx_word' id='word_1_178' title='bbox 171 1690 431 1738; x_wconf 63' lang='lat' dir='ltr'><strong>addictam</strong></span> <span class='ocrx_word' id='word_1_179' title='bbox 449 1689 707 1739; x_wconf 85' lang='lat' dir='ltr'><strong>abbaciam</strong></span> <span class='ocrx_word' id='word_1_180' title='bbox 744 1729 753 1739; x_wconf 91' lang='lat'>.</span> <span class='ocrx_word' id='word_1_181' title='bbox 792 1730 801 1739; x_wconf 91' lang='lat'><em>.</em></span> <span class='ocrx_word' id='word_1_182' title='bbox 839 1730 848 1739; x_wconf 94' lang='lat'><strong>.</strong></span> <span class='ocrx_word' id='word_1_183' title='bbox 888 1689 1191 1755; x_wconf 85' lang='lat' dir='ltr'><strong>competenti</strong></span> <span class='ocrx_word' id='word_1_184' title='bbox 1223 1728 1233 1737; x_wconf 90' lang='lat'><em>.</em></span> <span class='ocrx_word' id='word_1_185' title='bbox 1272 1728 1281 1738; x_wconf 94' lang='lat'><strong>.</strong></span> <span class='ocrx_word' id='word_1_186' title='bbox 1320 1727 1330 1737; x_wconf 86' lang='lat'><strong>.</strong></span> <span class='ocrx_word' id='word_1_187' title='bbox 1366 1688 1687 1738; x_wconf 90' lang='lat' dir='ltr'><strong>renunciauit</strong></span> <span class='ocrx_word' id='word_1_188' title='bbox 1721 1729 1731 1739; x_wconf 96' lang='lat'><strong><em>.</em></strong></span> <span class='ocrx_word' id='word_1_189' title='bbox 1769 1729 1779 1739; x_wconf 89' lang='lat'><strong>.</strong></span> <span class='ocrx_word' id='word_1_190' title='bbox 1818 1730 1826 1740; x_wconf 91' lang='lat'>.</span> <span class='ocrx_word' id='word_1_191' title='bbox 1865 1698 1915 1739; x_wconf 92' lang='lat' dir='ltr'><strong>et</strong></span> <span class='ocrx_word' id='word_1_192' title='bbox 1932 1691 1985 1739; x_wconf 92' lang='lat' dir='ltr'><strong>in</strong></span> <span class='ocrx_word' id='word_1_193' title='bbox 2004 1699 2244 1755; x_wconf 87' lang='lat' dir='ltr'><strong>quantum</strong></span> 
     </span>
     <span class='ocr_line' id='line_1_16' title="bbox 161 1781 2245 1847; baseline 0.001 -18"><span class='ocrx_word' id='word_1_194' title='bbox 161 1782 223 1830; x_wconf 89' lang='lat' dir='ltr'><strong>de</strong></span> <span class='ocrx_word' id='word_1_195' title='bbox 261 1781 370 1831; x_wconf 90' lang='lat' dir='ltr'><strong>iure</strong></span> <span class='ocrx_word' id='word_1_196' title='bbox 412 1782 585 1847; x_wconf 92' lang='lat' dir='ltr'><strong>potuit</strong></span> <span class='ocrx_word' id='word_1_197' title='bbox 630 1782 841 1831; x_wconf 90' lang='lat' dir='ltr'><strong>eandem</strong></span> <span class='ocrx_word' id='word_1_198' title='bbox 882 1782 1142 1831; x_wconf 87' lang='lat' dir='ltr'><strong>abbaciam</strong></span> <span class='ocrx_word' id='word_1_199' title='bbox 1178 1788 1228 1830; x_wconf 92' lang='lat' dir='ltr'><strong>et</strong></span> <span class='ocrx_word' id='word_1_200' title='bbox 1262 1781 1489 1847; x_wconf 88' lang='lat' dir='ltr'><strong>regimen</strong></span> <span class='ocrx_word' id='word_1_201' title='bbox 1525 1781 1742 1831; x_wconf 91' lang='lat' dir='ltr'><strong>eiusdem</strong></span> <span class='ocrx_word' id='word_1_202' title='bbox 1777 1783 1831 1832; x_wconf 91' lang='lat' dir='ltr'><strong>in</strong></span> <span class='ocrx_word' id='word_1_203' title='bbox 1866 1784 2094 1832; x_wconf 88' lang='lat' dir='ltr'><strong>manibus</strong></span> <span class='ocrx_word' id='word_1_204' title='bbox 2128 1785 2245 1833; x_wconf 65' lang='lat' dir='ltr'><strong>dicti</strong></span> 
     </span>
     <span class='ocr_line' id='line_1_17' title="bbox 171 1874 2190 1942; baseline 0.001 -18"><span class='ocrx_word' id='word_1_205' title='bbox 171 1876 375 1942; x_wconf 90' lang='lat' dir='ltr'><strong>dompni</strong></span> <span class='ocrx_word' id='word_1_206' title='bbox 394 1875 666 1941; x_wconf 84' lang='lat' dir='ltr'><strong>supprioris</strong></span> <span class='ocrx_word' id='word_1_207' title='bbox 713 1915 722 1925; x_wconf 92' lang='lat'><strong>.</strong></span> <span class='ocrx_word' id='word_1_208' title='bbox 771 1915 781 1925; x_wconf 86' lang='lat'><strong>.</strong></span> <span class='ocrx_word' id='word_1_209' title='bbox 833 1915 842 1925; x_wconf 89' lang='lat'><em>.</em></span> <span class='ocrx_word' id='word_1_210' title='bbox 893 1874 1164 1942; x_wconf 86' lang='lat' dir='ltr'><strong>refignauit</strong></span> <span class='ocrx_word' id='word_1_211' title='bbox 1211 1915 1220 1924; x_wconf 90' lang='lat'><strong>.</strong></span> <span class='ocrx_word' id='word_1_212' title='bbox 1271 1915 1281 1924; x_wconf 89' lang='lat'><strong>.</strong></span> <span class='ocrx_word' id='word_1_213' title='bbox 1335 1915 1345 1924; x_wconf 94' lang='lat'><strong>.</strong></span> <span class='ocrx_word' id='word_1_214' title='bbox 1404 1874 1598 1933; x_wconf 86' lang='lat' dir='ltr'><strong>Quibus</strong></span> <span class='ocrx_word' id='word_1_215' title='bbox 1625 1876 1825 1940; x_wconf 90' lang='lat' dir='ltr'><strong>quidem</strong></span> <span class='ocrx_word' id='word_1_216' title='bbox 1852 1875 1917 1926; x_wconf 89' lang='lat' dir='ltr'><strong>fic</strong></span> <span class='ocrx_word' id='word_1_217' title='bbox 1942 1877 2082 1926; x_wconf 63' lang='lat' dir='ltr'><strong>factis</strong></span> <span class='ocrx_word' id='word_1_218' title='bbox 2135 1917 2143 1926; x_wconf 93' lang='lat'><strong>.</strong></span> <span class='ocrx_word' id='word_1_219' title='bbox 2182 1918 2190 1926; x_wconf 94' lang='lat'><strong>.</strong></span> 
     </span>
     <span class='ocr_line' id='line_1_18' title="bbox 170 1967 2243 2034; baseline 0.002 -18"><span class='ocrx_word' id='word_1_220' title='bbox 170 1968 331 2017; x_wconf 61' lang='lat' dir='ltr'><strong>dietus</strong></span> <span class='ocrx_word' id='word_1_221' title='bbox 372 1968 608 2034; x_wconf 88' lang='lat' dir='ltr'><strong>magister</strong></span> <span class='ocrx_word' id='word_1_222' title='bbox 655 1967 915 2017; x_wconf 84' lang='lat' dir='ltr'><strong>Johannes</strong></span> <span class='ocrx_word' id='word_1_223' title='bbox 968 2008 978 2018; x_wconf 93' lang='lat'><strong>.</strong></span> <span class='ocrx_word' id='word_1_224' title='bbox 1032 2008 1042 2018; x_wconf 90' lang='lat'><strong>.</strong></span> <span class='ocrx_word' id='word_1_225' title='bbox 1094 2007 1104 2017; x_wconf 86' lang='lat'><strong>.</strong></span> <span class='ocrx_word' id='word_1_226' title='bbox 1160 1969 1390 2017; x_wconf 91' lang='lat' dir='ltr'><strong>omnibus</strong></span> <span class='ocrx_word' id='word_1_227' title='bbox 1422 2008 1431 2018; x_wconf 93' lang='lat'>.</span> <span class='ocrx_word' id='word_1_228' title='bbox 1469 2008 1479 2019; x_wconf 90' lang='lat'><strong>.</strong></span> <span class='ocrx_word' id='word_1_229' title='bbox 1518 2010 1528 2019; x_wconf 91' lang='lat'><strong>.</strong></span> <span class='ocrx_word' id='word_1_230' title='bbox 1566 1970 1947 2019; x_wconf 91' lang='lat' dir='ltr'><strong>condicionibus</strong></span> <span class='ocrx_word' id='word_1_231' title='bbox 1990 2010 1998 2020; x_wconf 92' lang='lat'><em>.</em></span> <span class='ocrx_word' id='word_1_232' title='bbox 2037 2011 2046 2020; x_wconf 89' lang='lat'><strong>.</strong></span> <span class='ocrx_word' id='word_1_233' title='bbox 2084 2011 2093 2020; x_wconf 89' lang='lat'><strong><em>.</em></strong></span> <span class='ocrx_word' id='word_1_234' title='bbox 2132 1989 2243 2020; x_wconf 89' lang='lat' dir='ltr'><strong>cum</strong></span> 
     </span>
     <span class='ocr_line' id='line_1_19' title="bbox 170 2061 2243 2129; baseline 0.001 -19"><span class='ocrx_word' id='word_1_235' title='bbox 170 2061 549 2127; x_wconf 86' lang='lat' dir='ltr'><strong>quibuscunque</strong></span> <span class='ocrx_word' id='word_1_236' title='bbox 573 2061 796 2126; x_wconf 90' lang='lat' dir='ltr'><strong>personis</strong></span> <span class='ocrx_word' id='word_1_237' title='bbox 832 2100 842 2109; x_wconf 87' lang='lat'><strong>.</strong></span> <span class='ocrx_word' id='word_1_238' title='bbox 876 2099 885 2110; x_wconf 92' lang='lat'><strong>.</strong></span> <span class='ocrx_word' id='word_1_239' title='bbox 923 2099 933 2110; x_wconf 89' lang='lat'><strong>.</strong></span> <span class='ocrx_word' id='word_1_240' title='bbox 971 2067 1087 2109; x_wconf 89' lang='lat' dir='ltr'><strong>ante</strong></span> <span class='ocrx_word' id='word_1_241' title='bbox 1114 2061 1283 2110; x_wconf 89' lang='lat' dir='ltr'><strong>datam</strong></span> <span class='ocrx_word' id='word_1_242' title='bbox 1301 2061 1615 2126; x_wconf 88' lang='lat' dir='ltr'><strong>presencium</strong></span> <span class='ocrx_word' id='word_1_243' title='bbox 1638 2063 1776 2112; x_wconf 90' lang='lat' dir='ltr'><strong>initis</strong></span> <span class='ocrx_word' id='word_1_244' title='bbox 1813 2103 1821 2112; x_wconf 92' lang='lat'><strong><em>.</em></strong></span> <span class='ocrx_word' id='word_1_245' title='bbox 1856 2103 1865 2113; x_wconf 87' lang='lat'><strong>.</strong></span> <span class='ocrx_word' id='word_1_246' title='bbox 1904 2104 1913 2113; x_wconf 94' lang='lat'>.</span> <span class='ocrx_word' id='word_1_247' title='bbox 1952 2081 2010 2113; x_wconf 92' lang='lat' dir='ltr'><strong>ac</strong></span> <span class='ocrx_word' id='word_1_248' title='bbox 2042 2065 2243 2129; x_wconf 86' lang='lat' dir='ltr'><strong>presens</strong></span> 
     </span>
     <span class='ocr_line' id='line_1_20' title="bbox 169 2153 2241 2219; baseline 0.003 -17"><span class='ocrx_word' id='word_1_249' title='bbox 169 2154 434 2219; x_wconf 89' lang='lat' dir='ltr'><strong>negocium</strong></span> <span class='ocrx_word' id='word_1_250' title='bbox 486 2194 497 2203; x_wconf 90' lang='lat'><strong>.</strong></span> <span class='ocrx_word' id='word_1_251' title='bbox 542 2193 551 2203; x_wconf 89' lang='lat'>.</span> <span class='ocrx_word' id='word_1_252' title='bbox 591 2158 613 2202; x_wconf 82' lang='lat'><strong>&#39;.</strong></span> <span class='ocrx_word' id='word_1_253' title='bbox 660 2153 978 2219; x_wconf 83' lang='lat' dir='ltr'><strong>tangentibus</strong></span> <span class='ocrx_word' id='word_1_254' title='bbox 1025 2193 1034 2202; x_wconf 92' lang='lat'>.</span> <span class='ocrx_word' id='word_1_255' title='bbox 1084 2193 1093 2202; x_wconf 92' lang='lat'><strong>.</strong></span> <span class='ocrx_word' id='word_1_256' title='bbox 1143 2193 1152 2202; x_wconf 94' lang='lat'><strong>.</strong></span> <span class='ocrx_word' id='word_1_257' title='bbox 1200 2156 1520 2205; x_wconf 90' lang='lat' dir='ltr'><strong>renunciauit</strong></span> <span class='ocrx_word' id='word_1_258' title='bbox 1571 2196 1580 2205; x_wconf 90' lang='lat'>.</span> <span class='ocrx_word' id='word_1_259' title='bbox 1633 2196 1642 2206; x_wconf 92' lang='lat'><strong>.</strong></span> <span class='ocrx_word' id='word_1_260' title='bbox 1694 2197 1703 2206; x_wconf 92' lang='lat'>.</span> <span class='ocrx_word' id='word_1_261' title='bbox 1745 2157 1812 2207; x_wconf 90' lang='lat' dir='ltr'><strong>Et</strong></span> <span class='ocrx_word' id='word_1_262' title='bbox 1831 2158 1973 2207; x_wconf 90' lang='lat' dir='ltr'><strong>uersa</strong></span> <span class='ocrx_word' id='word_1_263' title='bbox 1996 2158 2106 2209; x_wconf 89' lang='lat' dir='ltr'><strong>vice</strong></span> <span class='ocrx_word' id='word_1_264' title='bbox 2140 2199 2148 2207; x_wconf 90' lang='lat'><em>.</em></span> <span class='ocrx_word' id='word_1_265' title='bbox 2188 2200 2196 2209; x_wconf 91' lang='lat'><em>.</em></span> <span class='ocrx_word' id='word_1_266' title='bbox 2233 2193 2241 2200; x_wconf 89' lang='lat'><em>-</em></span> 
     </span>
     <span class='ocr_line' id='line_1_21' title="bbox 171 2245 2241 2311; baseline 0.003 -17"><span class='ocrx_word' id='word_1_267' title='bbox 171 2245 393 2295; x_wconf 90' lang='lat' dir='ltr'><strong>Thomas</strong></span> <span class='ocrx_word' id='word_1_268' title='bbox 422 2245 652 2311; x_wconf 89' lang='lat' dir='ltr'><strong>supprior</strong></span> <span class='ocrx_word' id='word_1_269' title='bbox 687 2246 997 2311; x_wconf 65' lang='lat' dir='ltr'><strong>supradictus</strong></span> <span class='ocrx_word' id='word_1_270' title='bbox 1031 2245 1235 2296; x_wconf 91' lang='lat' dir='ltr'><strong>nomine</strong></span> <span class='ocrx_word' id='word_1_271' title='bbox 1265 2286 1274 2296; x_wconf 88' lang='lat'><strong>.</strong></span> <span class='ocrx_word' id='word_1_272' title='bbox 1313 2287 1322 2296; x_wconf 91' lang='lat'><strong>.</strong></span> <span class='ocrx_word' id='word_1_273' title='bbox 1358 2287 1367 2296; x_wconf 91' lang='lat'><strong>.</strong></span> <span class='ocrx_word' id='word_1_274' title='bbox 1406 2256 1683 2298; x_wconf 85' lang='lat' dir='ltr'><strong>conuentus</strong></span> <span class='ocrx_word' id='word_1_275' title='bbox 1719 2256 1838 2298; x_wconf 90' lang='lat' dir='ltr'><strong>tunc</strong></span> <span class='ocrx_word' id='word_1_276' title='bbox 1870 2290 1878 2298; x_wconf 93' lang='lat'>.</span> <span class='ocrx_word' id='word_1_277' title='bbox 1918 2290 1926 2299; x_wconf 93' lang='lat'><strong>.</strong></span> <span class='ocrx_word' id='word_1_278' title='bbox 1967 2290 1975 2299; x_wconf 93' lang='lat'><em>.</em></span> <span class='ocrx_word' id='word_1_279' title='bbox 2014 2252 2241 2300; x_wconf 91' lang='lat' dir='ltr'><strong>omnibus</strong></span> 
     </span>
     <span class='ocr_line' id='line_1_22' title="bbox 212 2337 2238 2407; baseline 0.001 -19"><span class='ocrx_word' id='word_1_280' title='bbox 212 2378 220 2387; x_wconf 95' lang='lat'><strong>.</strong></span> <span class='ocrx_word' id='word_1_281' title='bbox 252 2378 262 2388; x_wconf 90' lang='lat'><em>.</em></span> <span class='ocrx_word' id='word_1_282' title='bbox 298 2337 680 2387; x_wconf 89' lang='lat' dir='ltr'><strong>condicionibus</strong></span> <span class='ocrx_word' id='word_1_283' title='bbox 711 2378 720 2387; x_wconf 94' lang='lat'><em>.</em></span> <span class='ocrx_word' id='word_1_284' title='bbox 759 2378 769 2387; x_wconf 87' lang='lat'><strong>.</strong></span> <span class='ocrx_word' id='word_1_285' title='bbox 799 2377 809 2387; x_wconf 90' lang='lat'>.</span> <span class='ocrx_word' id='word_1_286' title='bbox 838 2355 930 2403; x_wconf 91' lang='lat' dir='ltr'><strong>per</strong></span> <span class='ocrx_word' id='word_1_287' title='bbox 960 2378 969 2388; x_wconf 89' lang='lat'><strong>.</strong></span> <span class='ocrx_word' id='word_1_288' title='bbox 1003 2377 1013 2387; x_wconf 91' lang='lat'><strong>.</strong></span> <span class='ocrx_word' id='word_1_289' title='bbox 1050 2378 1060 2388; x_wconf 90' lang='lat'>.</span> <span class='ocrx_word' id='word_1_290' title='bbox 1094 2338 1326 2388; x_wconf 90' lang='lat' dir='ltr'><strong>abbatem</strong></span> <span class='ocrx_word' id='word_1_291' title='bbox 1359 2380 1369 2389; x_wconf 88' lang='lat'><strong>.</strong></span> <span class='ocrx_word' id='word_1_292' title='bbox 1404 2380 1413 2389; x_wconf 89' lang='lat'><strong>.</strong></span> <span class='ocrx_word' id='word_1_293' title='bbox 1443 2379 1452 2389; x_wconf 93' lang='lat'><strong>.</strong></span> <span class='ocrx_word' id='word_1_294' title='bbox 1488 2357 1599 2389; x_wconf 90' lang='lat' dir='ltr'><strong>cum</strong></span> <span class='ocrx_word' id='word_1_295' title='bbox 1623 2341 1997 2407; x_wconf 89' lang='lat' dir='ltr'><strong>quibuscunque</strong></span> <span class='ocrx_word' id='word_1_296' title='bbox 2018 2343 2238 2407; x_wconf 88' lang='lat' dir='ltr'><strong>personis</strong></span> 
     </span>
     <span class='ocr_line' id='line_1_23' title="bbox 216 2431 2234 2501; baseline 0.002 -21"><span class='ocrx_word' id='word_1_297' title='bbox 216 2471 225 2480; x_wconf 90' lang='lat'><em>.</em></span> <span class='ocrx_word' id='word_1_298' title='bbox 260 2470 269 2480; x_wconf 87' lang='lat'><strong>.</strong></span> <span class='ocrx_word' id='word_1_299' title='bbox 304 2438 421 2480; x_wconf 88' lang='lat' dir='ltr'><strong>ante</strong></span> <span class='ocrx_word' id='word_1_300' title='bbox 460 2431 629 2480; x_wconf 87' lang='lat' dir='ltr'><strong>datam</strong></span> <span class='ocrx_word' id='word_1_301' title='bbox 670 2431 914 2496; x_wconf 90' lang='lat' dir='ltr'><strong>presentis</strong></span> <span class='ocrx_word' id='word_1_302' title='bbox 951 2431 1270 2481; x_wconf 88' lang='lat' dir='ltr'><strong>instrumenti</strong></span> <span class='ocrx_word' id='word_1_303' title='bbox 1313 2433 1452 2482; x_wconf 87' lang='lat' dir='ltr'><strong>initis</strong></span> <span class='ocrx_word' id='word_1_304' title='bbox 1483 2472 1492 2482; x_wconf 91' lang='lat'><strong>.</strong></span> <span class='ocrx_word' id='word_1_305' title='bbox 1532 2472 1541 2482; x_wconf 89' lang='lat'><strong><em>.</em></strong></span> <span class='ocrx_word' id='word_1_306' title='bbox 1574 2473 1582 2482; x_wconf 95' lang='lat'>.</span> <span class='ocrx_word' id='word_1_307' title='bbox 1618 2450 1676 2482; x_wconf 86' lang='lat' dir='ltr'><strong>ac</strong></span> <span class='ocrx_word' id='word_1_308' title='bbox 1723 2434 1926 2498; x_wconf 86' lang='lat' dir='ltr'><strong>presens</strong></span> <span class='ocrx_word' id='word_1_309' title='bbox 1972 2436 2234 2501; x_wconf 88' lang='lat' dir='ltr'><strong>negocium</strong></span> 
     </span>
     <span class='ocr_line' id='line_1_24' title="bbox 169 2523 2238 2589; baseline 0.002 -17"><span class='ocrx_word' id='word_1_310' title='bbox 169 2563 178 2572; x_wconf 94' lang='lat'><strong>.</strong></span> <span class='ocrx_word' id='word_1_311' title='bbox 213 2563 222 2573; x_wconf 89' lang='lat'><em>.</em></span> <span class='ocrx_word' id='word_1_312' title='bbox 256 2563 265 2572; x_wconf 91' lang='lat'>.</span> <span class='ocrx_word' id='word_1_313' title='bbox 303 2523 626 2589; x_wconf 89' lang='lat' dir='ltr'><strong>tangentibus</strong></span> <span class='ocrx_word' id='word_1_314' title='bbox 662 2562 672 2573; x_wconf 93' lang='lat'><strong>.</strong></span> <span class='ocrx_word' id='word_1_315' title='bbox 710 2563 719 2573; x_wconf 90' lang='lat'><strong>.</strong></span> <span class='ocrx_word' id='word_1_316' title='bbox 754 2563 764 2573; x_wconf 87' lang='lat'><em>.</em></span> <span class='ocrx_word' id='word_1_317' title='bbox 798 2523 1118 2573; x_wconf 88' lang='lat' dir='ltr'><strong>renunciauit</strong></span> <span class='ocrx_word' id='word_1_318' title='bbox 1147 2563 1157 2573; x_wconf 94' lang='lat'><strong>.</strong></span> <span class='ocrx_word' id='word_1_319' title='bbox 1192 2565 1201 2575; x_wconf 92' lang='lat'><strong>.</strong></span> <span class='ocrx_word' id='word_1_320' title='bbox 1238 2565 1248 2575; x_wconf 95' lang='lat'>.</span> <span class='ocrx_word' id='word_1_321' title='bbox 1289 2543 1347 2575; x_wconf 86' lang='lat' dir='ltr'><strong>ac</strong></span> <span class='ocrx_word' id='word_1_322' title='bbox 1384 2543 1555 2575; x_wconf 91' lang='lat' dir='ltr'><strong>omnes</strong></span> <span class='ocrx_word' id='word_1_323' title='bbox 1596 2566 1605 2575; x_wconf 93' lang='lat'>.</span> <span class='ocrx_word' id='word_1_324' title='bbox 1651 2566 1659 2575; x_wconf 96' lang='lat'><strong>.</strong></span> <span class='ocrx_word' id='word_1_325' title='bbox 1700 2566 1708 2575; x_wconf 94' lang='lat'>.</span> <span class='ocrx_word' id='word_1_326' title='bbox 1749 2527 1982 2576; x_wconf 89' lang='lat' dir='ltr'><strong>monachi</strong></span> <span class='ocrx_word' id='word_1_327' title='bbox 2022 2567 2032 2576; x_wconf 90' lang='lat'><strong>.</strong></span> <span class='ocrx_word' id='word_1_328' title='bbox 2075 2567 2083 2577; x_wconf 93' lang='lat'><strong>.</strong></span> <span class='ocrx_word' id='word_1_329' title='bbox 2118 2568 2127 2577; x_wconf 88' lang='lat'><strong>.</strong></span> <span class='ocrx_word' id='word_1_330' title='bbox 2163 2545 2238 2577; x_wconf 91' lang='lat' dir='ltr'><strong>re-</strong></span> 
     </span>
     <span class='ocr_line' id='line_1_25' title="bbox 166 2617 2238 2684; baseline 0.001 -19"><span class='ocrx_word' id='word_1_331' title='bbox 166 2617 540 2667; x_wconf 89' lang='lat' dir='ltr'><strong>nunciauerunt</strong></span> <span class='ocrx_word' id='word_1_332' title='bbox 573 2657 582 2667; x_wconf 94' lang='lat'>.</span> <span class='ocrx_word' id='word_1_333' title='bbox 620 2657 629 2667; x_wconf 92' lang='lat'><strong>.</strong></span> <span class='ocrx_word' id='word_1_334' title='bbox 669 2657 679 2666; x_wconf 92' lang='lat'><strong>.</strong></span> <span class='ocrx_word' id='word_1_335' title='bbox 711 2617 828 2667; x_wconf 86' lang='lat' dir='ltr'><strong>Post</strong></span> <span class='ocrx_word' id='word_1_336' title='bbox 875 2617 1228 2682; x_wconf 88' lang='lat' dir='ltr'><strong>quamquidem</strong></span> <span class='ocrx_word' id='word_1_337' title='bbox 1276 2617 1703 2668; x_wconf 88' lang='lat' dir='ltr'><strong>declaracionem.</strong></span> <span class='ocrx_word' id='word_1_338' title='bbox 1739 2657 1748 2667; x_wconf 92' lang='lat'><em>.</em></span> <span class='ocrx_word' id='word_1_339' title='bbox 1781 2658 1789 2667; x_wconf 90' lang='lat'><strong>.</strong></span> <span class='ocrx_word' id='word_1_340' title='bbox 1823 2619 1956 2667; x_wconf 92' lang='lat' dir='ltr'><strong>idem</strong></span> <span class='ocrx_word' id='word_1_341' title='bbox 1995 2619 2238 2684; x_wconf 86' lang='lat' dir='ltr'><strong>magister</strong></span> 
     </span>
     <span class='ocr_line' id='line_1_26' title="bbox 166 2708 2236 2775; baseline 0.001 -17"><span class='ocrx_word' id='word_1_342' title='bbox 166 2708 425 2759; x_wconf 90' lang='lat' dir='ltr'><strong>Johannes</strong></span> <span class='ocrx_word' id='word_1_343' title='bbox 456 2749 465 2758; x_wconf 93' lang='lat'><strong>.</strong></span> <span class='ocrx_word' id='word_1_344' title='bbox 500 2750 510 2760; x_wconf 95' lang='lat'><em>.</em></span> <span class='ocrx_word' id='word_1_345' title='bbox 545 2749 555 2759; x_wconf 89' lang='lat'><em>.</em></span> <span class='ocrx_word' id='word_1_346' title='bbox 592 2709 934 2759; x_wconf 89' lang='lat' dir='ltr'><strong>misericordia</strong></span> <span class='ocrx_word' id='word_1_347' title='bbox 958 2717 1008 2759; x_wconf 92' lang='lat' dir='ltr'><strong>et</strong></span> <span class='ocrx_word' id='word_1_348' title='bbox 1030 2710 1218 2775; x_wconf 91' lang='lat' dir='ltr'><strong>pietate</strong></span> <span class='ocrx_word' id='word_1_349' title='bbox 1250 2717 1524 2759; x_wconf 91' lang='lat' dir='ltr'><strong>commotus</strong></span> <span class='ocrx_word' id='word_1_350' title='bbox 1559 2709 1791 2758; x_wconf 89' lang='lat' dir='ltr'><strong>lacrimas</strong></span> <span class='ocrx_word' id='word_1_351' title='bbox 1832 2711 1966 2775; x_wconf 66' lang='lat' dir='ltr'><strong>quali</strong></span> <span class='ocrx_word' id='word_1_352' title='bbox 2005 2711 2236 2760; x_wconf 88' lang='lat' dir='ltr'><strong>stillando</strong></span> 
     </span>
     <span class='ocr_line' id='line_1_27' title="bbox 168 2802 2232 2869; baseline 0 -17"><span class='ocrx_word' id='word_1_353' title='bbox 168 2810 216 2853; x_wconf 92' lang='lat' dir='ltr'><strong>et</strong></span> <span class='ocrx_word' id='word_1_354' title='bbox 239 2803 590 2868; x_wconf 90' lang='lat' dir='ltr'><strong>profundendo</strong></span> <span class='ocrx_word' id='word_1_355' title='bbox 617 2804 872 2869; x_wconf 91' lang='lat' dir='ltr'><strong>proposuit</strong></span> <span class='ocrx_word' id='word_1_356' title='bbox 902 2804 1037 2869; x_wconf 91' lang='lat' dir='ltr'><strong>quod</strong></span> <span class='ocrx_word' id='word_1_357' title='bbox 1072 2803 1108 2852; x_wconf 89' lang='lat' dir='ltr'><strong>fi</strong></span> <span class='ocrx_word' id='word_1_358' title='bbox 1144 2803 1302 2853; x_wconf 71' lang='grc' dir='ltr'>ὀὶἃιιε</span> <span class='ocrx_word' id='word_1_359' title='bbox 1341 2802 1570 2851; x_wconf 90' lang='lat' dir='ltr'><strong>dominus</strong></span> <span class='ocrx_word' id='word_1_360' title='bbox 1610 2802 1760 2851; x_wconf 86' lang='lat' dir='ltr'><strong>abbas</strong></span> <span class='ocrx_word' id='word_1_361' title='bbox 1796 2810 2019 2868; x_wconf 88' lang='lat' dir='ltr'><strong>tempore</strong></span> <span class='ocrx_word' id='word_1_362' title='bbox 2060 2804 2232 2852; x_wconf 76' lang='lat' dir='ltr'><strong>suo&#39;in</strong></span> 
     </span>
     <span class='ocr_line' id='line_1_28' title="bbox 166 2895 2232 2962; baseline -0.001 -18"><span class='ocrx_word' id='word_1_363' title='bbox 166 2896 409 2962; x_wconf 87' lang='lat' dir='ltr'><strong>regimine</strong></span> <span class='ocrx_word' id='word_1_364' title='bbox 434 2897 565 2947; x_wconf 62' lang='lat' dir='ltr'><strong>dicte</strong></span> <span class='ocrx_word' id='word_1_365' title='bbox 589 2897 795 2947; x_wconf 89' lang='lat' dir='ltr'><strong>abbacie</strong></span> <span class='ocrx_word' id='word_1_366' title='bbox 820 2897 1009 2962; x_wconf 89' lang='lat' dir='ltr'><strong>aliquid</strong></span> <span class='ocrx_word' id='word_1_367' title='bbox 1031 2897 1160 2946; x_wconf 91' lang='lat' dir='ltr'><strong>bene</strong></span> <span class='ocrx_word' id='word_1_368' title='bbox 1175 2895 1379 2945; x_wconf 90' lang='lat' dir='ltr'><strong>honeste</strong></span> <span class='ocrx_word' id='word_1_369' title='bbox 1399 2902 1448 2944; x_wconf 88' lang='lat' dir='ltr'><strong>et</strong></span> <span class='ocrx_word' id='word_1_370' title='bbox 1466 2895 1723 2944; x_wconf 87' lang='lat' dir='ltr'><strong>commode</strong></span> <span class='ocrx_word' id='word_1_371' title='bbox 1739 2896 1788 2943; x_wconf 89' lang='lat' dir='ltr'><strong>se</strong></span> <span class='ocrx_word' id='word_1_372' title='bbox 1808 2895 2031 2944; x_wconf 85' lang='lat' dir='ltr'><strong>exercuit</strong></span> <span class='ocrx_word' id='word_1_373' title='bbox 2050 2896 2232 2943; x_wconf 85' lang='lat' dir='ltr'><strong>summe</strong></span> 
     </span>
    </p>
   </div>
   <div class='ocr_carea' id='block_1_3' title="bbox 77 2987 2227 3056">
    <p class='ocr_par' dir='ltr' id='par_1_3' title="bbox 77 2987 2227 3056">
     <span class='ocr_line' id='line_1_29' title="bbox 77 2987 2227 3056; baseline 0 -19"><span class='ocrx_word' id='word_1_374' title='bbox 77 3010 87 3019; x_wconf 87' lang='lat'><em>-</em></span> <span class='ocrx_word' id='word_1_375' title='bbox 166 2987 253 3038; x_wconf 88' lang='lat' dir='ltr'><strong>fibi</strong></span> <span class='ocrx_word' id='word_1_376' title='bbox 284 2989 453 3038; x_wconf 90' lang='lat' dir='ltr'><strong>abbati</strong></span> <span class='ocrx_word' id='word_1_377' title='bbox 490 2989 679 3056; x_wconf 90' lang='lat' dir='ltr'><strong>placuit</strong></span> <span class='ocrx_word' id='word_1_378' title='bbox 718 3016 729 3027; x_wconf 92' lang='lat'><strong>·</strong></span> <span class='ocrx_word' id='word_1_379' title='bbox 766 2997 816 3039; x_wconf 93' lang='lat' dir='ltr'><strong>et</strong></span> <span class='ocrx_word' id='word_1_380' title='bbox 854 2989 909 3038; x_wconf 91' lang='lat' dir='ltr'><strong>in</strong></span> <span class='ocrx_word' id='word_1_381' title='bbox 941 2996 1182 3054; x_wconf 88' lang='lat' dir='ltr'><strong>quantum</strong></span> <span class='ocrx_word' id='word_1_382' title='bbox 1219 2990 1266 3038; x_wconf 89' lang='lat' dir='ltr'><strong>se</strong></span> <span class='ocrx_word' id='word_1_383' title='bbox 1303 2989 1433 3038; x_wconf 91' lang='lat' dir='ltr'><strong>male</strong></span> <span class='ocrx_word' id='word_1_384' title='bbox 1469 2989 1643 3038; x_wconf 88' lang='lat' dir='ltr'><strong>habuit</strong></span> <span class='ocrx_word' id='word_1_385' title='bbox 1678 3007 1785 3038; x_wconf 89' lang='lat' dir='ltr'><strong>rem</strong></span> <span class='ocrx_word' id='word_1_386' title='bbox 1820 2990 2070 3054; x_wconf 88' lang='lat' dir='ltr'><strong>publicam</strong></span> <span class='ocrx_word' id='word_1_387' title='bbox 2112 2990 2227 3038; x_wconf 64' lang='lat' dir='ltr'><strong>dicti</strong></span> 
     </span>
    </p>
   </div>
   <div class='ocr_carea' id='block_1_4' title="bbox 165 3081 2225 3240">
    <p class='ocr_par' dir='ltr' id='par_1_4' title="bbox 165 3081 2225 3240">
     <span class='ocr_line' id='line_1_30' title="bbox 165 3081 2225 3148; baseline 0 -18"><span class='ocrx_word' id='word_1_388' title='bbox 165 3082 451 3132; x_wconf 88' lang='lat' dir='ltr'><strong>monasterii</strong></span> <span class='ocrx_word' id='word_1_389' title='bbox 475 3083 733 3148; x_wconf 88' lang='lat' dir='ltr'><strong>perspicue</strong></span> <span class='ocrx_word' id='word_1_390' title='bbox 759 3100 862 3131; x_wconf 91' lang='lat' dir='ltr'><strong>non</strong></span> <span class='ocrx_word' id='word_1_391' title='bbox 885 3083 1149 3131; x_wconf 88' lang='lat' dir='ltr'><strong>attendens</strong></span> <span class='ocrx_word' id='word_1_392' title='bbox 1174 3082 1256 3131; x_wconf 91' lang='lat' dir='ltr'><strong>sed</strong></span> <span class='ocrx_word' id='word_1_393' title='bbox 1283 3082 1596 3130; x_wconf 91' lang='lat' dir='ltr'><strong>commodum</strong></span> <span class='ocrx_word' id='word_1_394' title='bbox 1623 3088 1671 3130; x_wconf 87' lang='lat' dir='ltr'><strong>et</strong></span> <span class='ocrx_word' id='word_1_395' title='bbox 1703 3081 1944 3130; x_wconf 90' lang='lat' dir='ltr'><strong>honorem</strong></span> <span class='ocrx_word' id='word_1_396' title='bbox 1974 3082 2072 3131; x_wconf 89' lang='lat' dir='ltr'><strong>loci</strong></span> <span class='ocrx_word' id='word_1_397' title='bbox 2105 3082 2225 3130; x_wconf 89' lang='lat' dir='ltr'><strong>eius—</strong></span> 
     </span>
     <span class='ocr_line' id='line_1_31' title="bbox 165 3173 2223 3240; baseline -0.001 -18"><span class='ocrx_word' id='word_1_398' title='bbox 165 3174 278 3223; x_wconf 89' lang='lat' dir='ltr'><strong>dem</strong></span> <span class='ocrx_word' id='word_1_399' title='bbox 302 3175 455 3224; x_wconf 88' lang='lat' dir='ltr'><strong>cicius</strong></span> <span class='ocrx_word' id='word_1_400' title='bbox 481 3193 541 3224; x_wconf 82' lang='lat' dir='ltr'><strong>ex</strong></span> <span class='ocrx_word' id='word_1_401' title='bbox 565 3175 762 3225; x_wconf 91' lang='lat' dir='ltr'><strong>incuria</strong></span> <span class='ocrx_word' id='word_1_402' title='bbox 784 3175 1158 3240; x_wconf 90' lang='lat' dir='ltr'><strong>pretermittens</strong></span> <span class='ocrx_word' id='word_1_403' title='bbox 1184 3181 1238 3228; x_wconf 90' lang='lat' dir='ltr'><strong>ut</strong></span> <span class='ocrx_word' id='word_1_404' title='bbox 1260 3173 1471 3222; x_wconf 88' lang='lat' dir='ltr'><strong>firmiter</strong></span> <span class='ocrx_word' id='word_1_405' title='bbox 1496 3173 1542 3221; x_wconf 89' lang='lat' dir='ltr'><strong>sc</strong></span> <span class='ocrx_word' id='word_1_406' title='bbox 1568 3173 1710 3226; x_wconf 90' lang='lat' dir='ltr'><strong>nouit</strong></span> <span class='ocrx_word' id='word_1_407' title='bbox 1734 3173 1894 3222; x_wconf 86' lang='lat' dir='ltr'><strong>indies</strong></span> <span class='ocrx_word' id='word_1_408' title='bbox 1919 3173 2111 3237; x_wconf 83' lang='lat' dir='ltr'><strong>prefato</strong></span> <span class='ocrx_word' id='word_1_409' title='bbox 2140 3173 2223 3220; x_wconf 89' lang='lat' dir='ltr'><strong>suo</strong></span> 
     </span>
    </p>
   </div>
  </div>
 </body>
</html>
