2742 3848
386 1810 479 1864 697

524 381 621 426 482
970 372 1396 426 REGISTRUM
1431 371 1530 421 DE
1566 367 2131 420 ABERBROTHOC.

526 519 685 560 terras
711 509 827 559 ville
852 509 912 557 de
938 508 1144 574 Guthyn
1171 526 1282 557 cum
1307 504 1512 555 decimis
1536 502 1822 569 garbalibus
1856 532 1866 543 ·
1898 502 2076 567 quibus
2110 502 2452 552 deficientibus
2486 500 2584 550 siue

528 604 590 652 de
628 602 791 652 medio
832 601 1032 650 sublatis
1072 599 1383 648 Allexandro
1422 596 1580 645 Fethe
1620 602 1670 644 et
1707 594 1882 643 Dauid
1918 593 2076 643 Fethe
2113 593 2228 643 filiis
2263 594 2361 642 suis
2395 593 2584 658 suisque

529 695 776 761 affignatis
815 703 864 743 et
905 693 1276 742 subtenentibus
1319 699 1372 740 ut
1413 687 1692 756 predicitur
1729 713 1740 724 ·
1779 703 1893 736 cum
1927 686 2172 751 potestate
2214 687 2502 751 imponendi
2539 696 2588 735 et

530 786 809 852 expellendi
831 786 1143 834 subtenentes
1170 816 1180 826 ·
1207 785 1279 834 ita
1303 784 1437 848 quod
1460 782 1618 831 dictus
1643 779 1956 829 Allexander
1980 797 2083 828 non
2107 779 2219 844 plus
2244 779 2505 842 occupabit
2529 779 2589 827 de

530 879 672 928 dietis
712 878 858 927 terris
900 894 1046 941 quam
1088 876 1259 925 Dauid
1295 876 1453 925 frater
1495 874 1602 924 eius
1641 882 1690 924 et
1731 873 1851 922 villa
1891 872 1949 923 fit
1988 873 2146 922 diuisa
2184 873 2317 921 inter
2352 873 2465 921 illos
2500 889 2590 937 per

529 970 726 1035 equales
763 969 1025 1034 porciones
1066 996 1077 1005 ·
1117 968 1321 1033 ipsoque
1349 967 1663 1017 Allexandro
1700 965 1964 1015 deficiente
1993 964 2092 1015 fiue
2118 966 2181 1014 de
2206 966 2372 1014 medio
2398 965 2589 1014 sublato

530 1062 697 1112 Dauid
740 1061 1003 1126 occupabit
1044 1068 1200 1110 totam
1242 1068 1427 1110 terram
1470 1059 1599 1108 dicte
1637 1058 1752 1108 ville
1790 1075 1901 1107 cum
1942 1058 2147 1107 decimis
2183 1066 2233 1107 et
2266 1059 2407 1107 versa
2445 1059 2590 1106 vice·

532 1155 779 1203 Soluendo
805 1153 1139 1218 quadraginta
1161 1153 1318 1202 bollas
1343 1152 1505 1201 farine
1530 1160 1580 1201 et
1606 1151 1784 1217 viginti
1815 1150 1973 1200 bollas
2010 1151 2151 1199 ordei
2187 1151 2360 1200 mundi
2396 1151 2508 1215 puri
2546 1160 2595 1199 et

531 1247 641 1296 ficci
667 1247 729 1295 ad
754 1246 992 1295 terminos
1016 1246 1241 1295 soluendi
1267 1277 1278 1288 ·
1304 1253 1354 1295 et
1379 1245 1599 1310 quinque
1623 1261 1817 1294 marcas
1840 1251 2040 1292 monete
2069 1241 2243 1292 Scocie
2268 1244 2333 1292 ad
2357 1243 2595 1293 terminos

531 1339 718 1388 vl'uales
758 1367 768 1377 ·
810 1346 858 1387 et
895 1338 1122 1388 vehendo
1165 1339 1339 1387 decem
1375 1337 1678 1403 plaustratus
1716 1337 1976 1403 glebarum
2017 1346 2067 1385 et
2104 1336 2313 1385 totidem
2356 1336 2456 1384 feni
2495 1366 2505 1375 ·
2547 1346 2596 1384 et

532 1432 759 1481 ducendo
784 1431 976 1497 tegulas
1002 1431 1240 1496 quociens
1268 1431 1536 1497 premoniti
1574 1430 1761 1480 fuerint
1785 1428 1907 1480 ficut
1940 1429 2025 1478 alii
2050 1427 2292 1478 husbandi
2333 1460 2343 1469 ·
2382 1433 2443 1477 15
2469 1429 2592 1478 Maii

535 1528 678 1575 1528.

534 1787 686 1859 Idem
719 1825 811 1873 pro
846 1816 983 1858 certa
1018 1808 1205 1857 summa
1239 1808 1452 1873 pecunie
1478 1816 1527 1857 et
1551 1808 1661 1858 aliis
1691 1810 1847 1858 caufis
1884 1809 2067 1859 affedat
2101 1826 2193 1875 pro
2230 1816 2334 1858 toto
2370 1816 2593 1872 tempore

535 1903 632 1950 vite
658 1900 875 1951 Mariote
902 1900 1116 1967 Ogylwy
1142 1902 1518 1951 subtenentibus
1543 1903 1916 1953 coadiutoribus
1941 1912 1991 1953 et
2015 1901 2265 1969 affignatis
2303 1902 2399 1950 suis
2437 1911 2595 1951 terras

536 1996 652 2044 ville
691 1997 752 2044 de
782 1996 1009 2046 Bronton
1047 1997 1108 2045 de
1141 1996 1279 2046 Athe
1319 2014 1432 2046 cum
1471 1997 1522 2062 ly
1559 1995 1815 2045 brewland
1853 2003 1903 2045 et
1940 1996 2147 2045 decimis
2185 1995 2472 2060 garbalibus
2506 2012 2595 2060 per

535 2089 704 2137 Dauid
728 2088 960 2155 Lychton
984 2089 1083 2137 iam
1106 2088 1356 2137 laboratas
1382 2107 1594 2138 vnacum
1626 2096 1772 2153 prato
1797 2096 1847 2137 et
1871 2088 1923 2155 ly
1949 2088 2216 2137 medoland
2241 2088 2422 2137 eisdem
2450 2087 2595 2136 terris

536 2181 767 2246 contigue
790 2181 1133 2230 adiacentibus
1153 2188 1201 2230 et
1218 2181 1315 2229 suis
1340 2181 1547 2230 decimis
1564 2183 1852 2247 garbalibus
1876 2210 1887 2221 ·
1911 2199 2110 2232 necnon
2133 2199 2278 2231 vnam
2299 2181 2594 2246 particulam

536 2284 668 2323 terre
708 2275 769 2322 de
806 2274 858 2339 ly
891 2273 1199 2340 Estyrgreyn
1238 2274 1300 2322 de
1339 2274 1476 2323 Athe
1513 2275 1759 2325 iacentem
1796 2293 1857 2325 ex
1893 2285 2035 2341 parte
2072 2274 2302 2324 orientali
2338 2274 2390 2339 ly
2414 2274 2499 2321 lon
2535 2274 2595 2321 de

540 2367 673 2416 Athe
699 2374 747 2415 et
772 2384 831 2415 ex
856 2374 996 2431 parte
1022 2366 1227 2415 australi
1251 2366 1456 2415 alterius
1480 2367 1532 2433 ly
1558 2368 1642 2416 lon
1666 2369 1988 2433 procedendo
2025 2368 2086 2417 ab
2123 2367 2316 2416 oriente
2342 2367 2509 2415 versus
2544 2366 2595 2430 ly

542 2460 709 2508 Manis
733 2460 794 2508 de
820 2459 955 2508 Athe
979 2458 1077 2507 iam
1103 2467 1394 2523 occupatam
1419 2477 1510 2524 per
1533 2460 1569 2509 J
1572 2460 1819 2510 ohannem
1856 2460 1987 2528 Myll
2025 2468 2075 2510 et
2114 2460 2331 2510 decimas
2368 2459 2596 2525 garbales

541 2552 767 2623 eiusdem,
795 2580 805 2591 ·
846 2568 1057 2599 vnacum
1082 2551 1271 2600 duabus
1296 2552 1425 2600 acris
1450 2560 1583 2602 terre
1609 2554 1811 2603 arabilis
1834 2571 1924 2619 per
1949 2553 2221 2619 Georgium
2256 2553 2466 2602 Richart
2499 2553 2598 2600 iam

540 2643 777 2691 laboratis
803 2659 913 2691 cum
939 2642 1144 2691 decimis
1173 2644 1459 2707 garbalibus
1495 2674 1505 2684 ·
1544 2646 1762 2696 iacentes
1786 2647 1838 2695 in
1863 2646 2072 2696 baronia
2095 2647 2157 2695 de
2185 2645 2321 2695 Athe
2347 2654 2396 2694 et
2422 2645 2598 2710 regali-

542 2742 642 2783 tate
679 2735 740 2782 de
777 2734 1033 2799 Arbroytb
1077 2762 1087 2771 ·
1130 2752 1241 2783 cum
1277 2736 1517 2800 potestate
1552 2739 1870 2788 subtenentes
1906 2740 2218 2788 coadiutores
2254 2747 2303 2787 et
2338 2737 2599 2803 affignatos

542 2829 650 2875 suos
675 2825 964 2874 nominandi
991 2826 1306 2875 subtenentes
1329 2828 1618 2893 imponendi
1655 2839 1705 2880 et
1740 2832 2032 2880 remouendi
2069 2839 2119 2880 et
2154 2830 2409 2895 sexaginta
2443 2830 2596 2894 plaus-

544 2926 700 2967 tratus
735 2917 991 2982 glebarum
1027 2917 1079 2964 in
1115 2934 1254 2966 moro
1291 2920 1353 2967 de
1389 2921 1648 2988 Arbroytb
1686 2924 1943 2973 annuatim
1978 2923 2209 2972 lucrandi
2236 2923 2317 2972 vbi
2345 2922 2554 2970 voluerit
2588 2950 2597 2959 ·

547 3009 796 3060 Soluendo
821 3025 911 3073 pro
947 3007 1171 3056 Bronton
1208 3026 1319 3057 cum
1356 3011 1560 3062 decimis
1597 3017 1925 3066 nouendecim
1962 3016 2119 3065 bollas
2149 3014 2384 3064 frumenti
2422 3030 2599 3062 nouem

542 3102 699 3150 bollas
723 3100 863 3150 ordei
887 3108 935 3149 et
959 3117 1139 3148 nouem
1164 3101 1319 3150 bollas
1343 3102 1503 3152 farine
1541 3106 1604 3153 ad
1639 3108 1877 3156 terminos
1914 3108 2135 3157 soluendi
2174 3115 2223 3156 et
2258 3108 2493 3155 summam
2521 3106 2598 3152 sex
2628 3113 2631 3116 ⁴
2677 3151 2680 3154 ,
2721 3079 2724 3082 >

543 3194 781 3242 librarum
819 3199 1014 3240 monete
1054 3190 1227 3242 Scocie
1267 3221 1277 3231 ·
1319 3202 1369 3242 et
1393 3211 1483 3259 pro
1508 3195 1558 3261 ly
1586 3197 1896 3247 medowland
1920 3198 2168 3263 particula
2192 3206 2324 3247 terre
2350 3197 2411 3245 de
2437 3195 2598 3244 Ester-
