2762 3834
551 383 579 434 7
584 386 616 427 0
1007 371 1432 428 REGISTRUM
1467 369 1565 420 DE
1600 365 2163 418 ABERBROTHOC.

551 514 914 578 imperpetuum
965 510 1311 559 confirmamus
1359 533 1369 542 ·
1419 503 1590 561 Quare
1629 500 1769 549 vobis
1818 538 1828 548 .
1882 538 1892 548 .
1944 537 1955 548 .
2004 500 2299 550 mandamus
2348 508 2399 550 vt
2446 502 2611 552 nullus

553 605 767 654 vestrum
792 604 948 653 ἀίἃοε
984 600 1237 665 religiosos
1263 597 1395 645 viros
1429 593 1657 642 homines
1692 593 1802 640 suos
1839 599 1999 641 terras
2034 593 2144 642 suas
2179 592 2516 644 inhabitantes
2554 595 2618 643 ad

552 697 867 761 quascunque
893 693 1055 742 curias
1081 690 1238 739 eciam
1263 685 1531 736 iusticiarie
1559 684 1638 733 vel
1674 684 1947 734 camerarie
1980 684 2174 734 nostras
2210 686 2450 736 accedere
2488 704 2617 736 com-

551 787 704 853 pellat
726 803 819 834 nec
842 785 970 850 ipsos
994 783 1048 831 in
1073 781 1214 831 dietis
1241 778 1392 828 curiis
1419 777 1760 842 calumpniare
1784 779 2037 843 presumat
2060 777 2144 827 sed
2169 779 2234 828 ad
2254 779 2362 828 suas
2380 779 2544 828 curias
2570 787 2618 828 et

551 880 804 927 libertates
824 875 1052 941 proprias
1094 910 1105 921 .
1149 910 1159 921 .
1200 909 1211 920 .
1250 871 1407 919 libere
1433 869 1643 919 tranfire
1668 870 1927 935 permittat
1952 870 2039 920 sub
2070 871 2207 920 omni
2240 888 2373 937 pena
2410 909 2422 920 .
2462 909 2473 920 .
2513 910 2523 919 .
2558 870 2619 920 In

553 971 690 1019 cuius
715 968 787 1017 rei
812 965 1146 1017 testimonium
1170 963 1423 1029 presentes
1447 961 1619 1011 literas
1652 1000 1664 1011 .
1705 1001 1716 1010 .
1758 1000 1769 1011 .
1805 962 1975 1011 nostro
1999 980 2182 1029 magno
2219 963 2378 1029 sigillo
2413 964 2620 1014 fecimus

553 1060 829 1126 confignari
863 1058 994 1123 apud
1031 1054 1329 1119 Edinburgh
1365 1054 1539 1119 quinto
1577 1054 1655 1103 die
1691 1053 1869 1104 mensis
1906 1054 2212 1105 Nouembris
2248 1073 2379 1105 anno
2412 1056 2620 1105 Domini

552 1153 804 1203 millesimo
829 1147 1313 1217 quadringentesimo
1338 1146 1584 1196 tricefimo
1603 1148 1739 1196 sexto
1765 1155 1815 1197 et
1838 1147 1983 1213 regni
2001 1147 2156 1197 nostri
2175 1148 2421 1198 trIcefimo
2442 1150 2620 1214 primo.

755 1337 866 1386 Hec
891 1336 961 1385 est
987 1352 1106 1384 vera
1131 1334 1275 1399 copia
1297 1331 1552 1398 priuilegii
1576 1332 1658 1381 seu
1678 1338 1815 1380 carte
1834 1331 2128 1397 principalis
2149 1349 2263 1381 cum
2282 1332 2367 1381 suo
2389 1332 2620 1399 originali

755 1431 816 1478 de
853 1428 1004 1478 verbo
1040 1428 1093 1475 in
1130 1427 1336 1475 verbum
1362 1425 1673 1474 concordans
1698 1441 1790 1489 per
1814 1442 1893 1473 me
1919 1425 1955 1474 J
1958 1425 2208 1475 ohannem
2233 1425 2458 1475 Allirdes
2483 1437 2622 1475 nota—

755 1524 883 1571 rium
900 1520 1151 1586 publicum
1168 1519 1383 1568 fideliter
1398 1518 1581 1582 scripta
1599 1524 1649 1566 et
1669 1516 2000 1567 collacionata
2018 1518 2222 1568 testibus
2241 1519 2363 1568 meis
2384 1518 2622 1584 figniculo

758 1623 807 1664 et
830 1613 1186 1679 subscriptione
1208 1611 1389 1661 talibus
1415 1611 1599 1676 apponi
1624 1609 1777 1660 solitis
1803 1619 1852 1661 et
1878 1610 2140 1661 consuetis.

1940 1705 1975 1754 J
1980 1722 2068 1755 oH.
2101 1706 2386 1765 Annmnns,
2415 1707 2554 1756 N.P.

560 1965 774 2038 Littera
797 1984 946 2033 ballie
972 1990 1216 2033 terrarum
1243 1982 1305 2032 de
1331 1981 1486 2032 Perth
1514 1981 1747 2032 Gilberto
1774 1981 2004 2032 Browne.

446 2190 508 2232 80
559 2152 839 2225 Uniuerfis
876 2209 887 2220 .
928 2209 939 2220 .
979 2208 989 2219 .
1028 2168 1230 2219 ecclefie
1255 2169 1369 2218 filiis
1407 2207 1419 2218 .
1459 2207 1471 2217 .
1512 2207 1522 2218 .
1562 2168 1817 2218 Walterus
1857 2207 1868 2217 .
1908 2206 1919 2218 .
1960 2206 1972 2218 .
2010 2169 2163 2219 abbas
2190 2208 2201 2218 .
2251 2208 2262 2219 .
2312 2208 2322 2219 .
2369 2171 2431 2220 de
2456 2171 2624 2238 Abyr-

560 2266 767 2316 brothoc
814 2302 825 2313 .
873 2302 884 2312 .
937 2301 948 2312 .
994 2263 1199 2312 salutem
1235 2290 1245 2300 ·
1284 2262 1502 2311 Nouerit
1527 2262 1820 2312 vniuerfitas
1846 2261 2010 2311 vestra
2032 2279 2124 2311 nos
2162 2300 2175 2312 .
2218 2300 2230 2312 .
2270 2300 2282 2312 .
2325 2264 2624 2315 constituisse

681 2398 690 2407 .
743 2358 1027 2408 Gilbertum
1063 2356 1246 2404 Brown
1285 2356 1579 2421 burgensem
1617 2355 1678 2404 de
1715 2354 1870 2404 Perth
1890 2354 2134 2404 balliuum
2157 2355 2379 2406 nostrum
2404 2358 2624 2407 omnium

562 2460 807 2500 terrarum
831 2448 1108 2498 nostrarum
1131 2448 1403 2497 iacentium
1427 2465 1582 2514 prope
1607 2450 1819 2513 burgum
1846 2448 1908 2496 de
1933 2447 2088 2498 Perth
2114 2448 2220 2515 [ad]
2250 2457 2409 2499 terras
2432 2450 2625 2500 nostras

564 2545 876 2593 affedandum
899 2544 1065 2592 firmas
1090 2541 1359 2591 earundem
1381 2537 1649 2591 leuandum
1676 2541 1839 2591 curias
1863 2542 2056 2591 nostras
2092 2543 2365 2593 tenendum
2389 2544 2550 2593 exitus
2576 2553 2626 2594 et

567 2636 986 2686 amerchiamenta
1017 2635 1289 2684 earundem
1325 2635 1592 2684 leuandum
1635 2635 2013 2701 transgressores
2054 2636 2363 2701 puniendum
2398 2636 2624 2687 homines

568 2729 759 2778 nostros
801 2737 850 2778 et
892 2745 1061 2777 eorum
1102 2729 1236 2777 bona
1279 2728 1652 2792 quibuscunque
1693 2728 1943 2778 iudicibus
1990 2746 2288 2795 quacunque
2330 2731 2624 2781 au&oritate

550 2820 872 2885 'fulgentibus
903 2818 1159 2868 attachiati
1195 2819 1381 2868 fuerint
1416 2820 1497 2868 vel
1535 2821 1762 2870 arrestati
1802 2822 1867 2870 ad
1903 2821 2217 2886 regalitatem
2256 2831 2305 2872 et
2342 2823 2623 2874 libertatem

568 2912 785 2962 nostram
809 2911 1184 2977 replegiandum
1211 2920 1261 2960 et
1284 2912 1623 2962 reducendum
1650 2931 1708 2963 ac
1734 2915 1902 2964 omnia
1926 2915 2025 2964 alia
2048 2924 2098 2965 et
2123 2914 2316 2982 fingula
2341 2916 2625 2967 faciendum

483 2998 489 3009 ’
567 3006 841 3071 gerendum
876 3013 925 3054 et
961 3004 1290 3053 exercendum
1316 3021 1412 3068 que
1437 3005 1500 3054 ad
1526 3006 1738 3055 officium
1787 3043 1799 3054 .
1847 3044 1860 3055 .
1908 3045 1919 3056 .
1966 3007 2141 3056 balliui
2191 3045 2202 3057 .
2250 3046 2261 3056 .
2313 3046 2324 3057 .
2372 3009 2626 3074 pertinere

569 3099 889 3148 dinoscuntur
927 3134 937 3145 .
982 3136 993 3146 .
1041 3135 1052 3146 .
1089 3096 1398 3161 presentibus
1433 3114 1524 3161 pro
1560 3098 1730 3147 nostra
1765 3099 2020 3151 voluntate
2061 3102 2303 3152 duntaxat
2339 3103 2590 3153 duraturis
2612 3131 2626 3141 -·

569 3190 627 3239 In
656 3191 796 3241 cuius
820 3190 894 3240 rei
918 3189 1252 3239 testimonium
1279 3187 1490 3255 sigillum
1524 3226 1535 3238 .
1571 3226 1581 3237 .
1618 3227 1628 3238 .
1663 3190 1869 3255 capituli
1907 3230 1918 3241 .
1958 3230 1969 3241 .
2010 3230 2021 3242 .
2057 3193 2267 3244 fecimus
2292 3196 2476 3261 apponi
2513 3233 2524 3245 .
2563 3235 2575 3248 .
2615 3234 2625 3245 .
