2762 3834
567 397 630 442 32
1011 383 1439 439 REGISTRUM
1474 383 1570 433 DE
1608 379 2168 431 ABERBROTHOC.

566 524 850 574 «Iohannem
897 523 958 571 de
1005 518 1236 584 Corshyll
1291 522 1584 581 perpetuum
1632 512 1874 560 vicarium
1927 513 2257 576 parrochialis
2305 515 2509 565 ecclesie
2557 518 2618 565 de

566 615 877 665 Abirkerdor
901 609 1224 660 Morauienfis
1260 604 1464 655 diocefis
1489 604 1552 651 ad
1577 603 1770 652 causam
1809 620 1959 667 quam
1996 604 2097 669 ipse
2134 614 2429 670 procurator
2478 646 2489 657 .
2542 646 2553 656 .
2606 645 2617 656 .

566 707 795 755 mouebat
834 711 1007 752 contra
1044 702 1198 765 ipsum
1237 698 1381 762 super
1419 712 1586 743 annua
1620 693 1853 759 pensione
1890 702 2089 744 centum
2125 696 2394 746 solidorum
2427 698 2619 747 sterlin-

565 814 739 863 gorum
759 803 807 843 et
826 794 972 858 ipfius
992 790 1318 839 ihbtrafitione
1337 805 1427 852 per
1446 788 1619 835 decem
1638 804 1795 835 annos
1814 788 2081 852 preteritos
2109 796 2158 836 et
2181 789 2326 853 super
2350 789 2546 854 placitis
2571 798 2620 839 et

565 886 776 952 querelis
801 882 1191 932 inhabitancium
1214 888 1396 928 terram
1417 878 1794 928 ecclefiasticam
1814 880 1876 928 de
1894 879 2210 928 Abirkerdor
2232 909 2242 919 -
2269 887 2319 929 et
2336 880 2436 945 ipse
2453 898 2618 930 coram

564 979 705 1028 nobis
746 977 906 1042 primo
949 976 1029 1023 die
1071 972 1247 1022 menfis
1288 972 1431 1021 Junii
1474 987 1605 1020 anno
1648 970 1854 1019 Domini
1893 977 1961 1019 m⁰
1998 977 2104 1021 ccc⁰
2134 971 2282 1020 111111ιο
2321 972 2374 1020 111
2417 972 2623 1029 ecclelia

563 1068 859 1135 parrochiali
903 1067 963 1115 de
1003 1066 1168 1131 Elgyn
1207 1063 1542 1128 comparuerit
1586 1080 1644 1111 66
1686 1062 1909 1111 libellum
1952 1063 2003 1110 in
2047 1062 2193 1112 causa
2232 1063 2337 1128 ipsa
2376 1064 2622 1128 receperit

564 1174 611 1213 et
666 1161 820 1211 xxviii
875 1161 954 1208 die
1001 1157 1177 1208 mensis
1230 1158 1266 1207 J
1270 1158 1374 1206 unii
1429 1157 1492 1206 ad
1545 1155 1945 1220 respondendum
2000 1155 2162 1204 eidem
2217 1154 2621 1220 aflignauerimus

563 1272 727 1304 coram
765 1253 907 1302 nobis
944 1269 1115 1301 verum
1158 1267 1216 1299 eo
1254 1250 1342 1298 illo
1379 1250 1459 1299 die
1497 1248 1701 1297 minime
1740 1264 1828 1312 per
1874 1247 1923 1296 16
1972 1247 2053 1296 1161
2100 1248 2253 1295 61111111
2304 1255 2622 1312 comparente

563 1348 718 1397 altera
741 1355 881 1412 parte
906 1346 1052 1411 ipfius
1078 1345 1442 1394 contumaciam
1466 1341 1728 1393 accusante
1753 1357 1844 1388 nos
1880 1339 2038 1404 ipsum
2075 1339 2415 1405 reputauimus
2451 1348 2622 1389 contu-

561 1457 747 1488 macem
796 1447 845 1488 et
898 1439 1079 1488 iterum
1133 1436 1288 1501 ipsum
1338 1436 1483 1486 citari
1523 1435 1732 1484 fecimus
1777 1433 2113 1498 peremptorie
2155 1434 2290 1497 quod
2336 1441 2622 1498 compareat

561 1549 727 1580 coram
761 1531 901 1579 nobis
924 1530 1035 1579 1060
1060 1546 1157 1594 quo
1189 1529 1334 1593 supra
1357 1528 1494 1577 sexto
1518 1527 1599 1576 die
1632 1526 1809 1575 menfis
1833 1525 1868 1574 J
1871 1525 1961 1574 ulii
1985 1526 2048 1574 ad
2074 1526 2451 1575 contestandum
2483 1526 2622 1575 litem

559 1624 701 1688 {uper
741 1622 907 1671 libello
945 1622 1166 1687 predi8m
1210 1650 1220 1660 ·
1263 1620 1378 1679 Quo
1409 1619 1568 1668 eciam
1593 1619 1673 1667 die
1711 1636 1804 1667 nee
1843 1635 1933 1682 per
1958 1618 2006 1666 16
2039 1635 2132 1667 1166
2169 1635 2258 1682 per
2293 1617 2623 1682 responsalem

561 1714 837 1779 comparuit
861 1722 910 1763 et
941 1713 1130 1762 idcirco
1155 1714 1216 1762 ad
1251 1712 1542 1761 instanciam
1576 1712 1734 1777 partis
1765 1711 1915 1776 ipfius
1948 1711 2311 1760 contumaciam
2346 1711 2622 1760 accusantis

562 1808 715 1872 ipsum
739 1807 1077 1871 reputauimus
1102 1814 1444 1855 contumacem
1470 1805 1535 1854 ad
1559 1803 1936 1854 contestandum
1971 1804 2109 1853 litem
2143 1803 2196 1852 in
2222 1803 2367 1852 causa
2397 1804 2623 1868 predicta

562 1901 641 1948 vel
666 1901 729 1948 ad
754 1900 1016 1948 dicendum
1042 1899 1233 1948 causam
1259 1916 1412 1963 quare
1439 1897 1860 1948 excommunicari
1882 1914 1983 1945 non
2006 1896 2210 1945 deberet
2233 1896 2391 1961 ipsum
2415 1896 2622 1945 fecimus

564 1994 742 2041 iterato
788 1992 1119 2057 peremptorie
1164 1991 1308 2040 citari
1354 1992 1417 2039 ad
1458 1990 1546 2039 xiii
1588 1989 1719 2038 diem
1764 1988 1942 2037 mensis
1989 1988 2117 2038 Julii
2163 2018 2174 2029 ·
2226 1988 2341 2048 Quo
2383 1988 2462 2037 die
2505 1988 2623 2053 quia

563 2086 841 2148 expectatus
866 2084 1082 2149 legitime
1108 2101 1199 2132 1166
1223 2101 1313 2148 per
1337 2084 1384 2132 se
1408 2101 1502 2132 1166
1525 2100 1616 2148 per
1642 2083 1792 2132 alium
1832 2099 2121 2146 comparere
2158 2081 2355 2149 curauit
2379 2082 2444 2129 ad
2467 2081 2622 2145 partis

563 2175 764 2224 alterius
801 2176 1092 2225 instanciam
1126 2176 1274 2240 ipsius
1313 2175 1677 2224 contumaciam
1717 2173 1992 2223 accusantis
2029 2181 2078 2223 et
2113 2173 2328 2238 petentis
2357 2172 2515 2238 ipsum
2541 2191 2621 2222 ex-

565 2267 919 2316 communicari
960 2267 1013 2316 in
1048 2267 1242 2332 scriptis
1279 2285 1370 2316 nos
1405 2267 1563 2332 ipsum
1598 2266 1941 2332 reputauimus
1965 2274 2309 2315 contumacem
2341 2272 2391 2315 et
2427 2283 2621 2314 excom-

564 2359 923 2408 municauimus
947 2366 1066 2408 tunc
1088 2360 1140 2408 in
1166 2360 1359 2424 scriptis
1385 2368 1434 2408 et
1458 2359 1810 2408 nichilominus
1847 2359 2004 2424 ipsum
2034 2343 2241 2407 fecimus
2272 2358 2452 2407 iterato
2478 2358 2622 2408 citari

567 2451 631 2497 ad
680 2467 743 2498 xx
785 2451 915 2499 diem
965 2450 1141 2499 menfis
1178 2451 1304 2500 Julii
1353 2452 1464 2500 loco
1507 2469 1604 2516 quo
1651 2453 1800 2517 supra
1847 2468 2014 2499 coram
2063 2450 2205 2499 nobis
2246 2451 2308 2499 ad
2355 2451 2619 2500 dicendum

570 2558 722 2603 quare
760 2541 912 2590 miffio
950 2559 1050 2591 non
1089 2543 1291 2592 deberet
1327 2544 1436 2592 fieri
1471 2545 1524 2592 in
1558 2546 1692 2593 bona
1723 2543 1873 2608 ipfius
1906 2560 1998 2608 pro
2023 2544 2171 2591 modo
2196 2542 2351 2591 debiti
2377 2543 2429 2590 in
2452 2542 2621 2591 libello

571 2633 792 2681 contenti
831 2661 841 2672 ·
880 2632 1038 2682 Porro
1077 2636 1249 2683 eodem
1287 2636 1487 2684 domino
1512 2636 1747 2685 Johanne
1784 2635 1837 2683 in
1877 2636 1962 2684 sua
1997 2635 2312 2683 contumacia
2343 2635 2499 2683 eciam
2535 2634 2621 2682 illo

572 2723 651 2771 die
674 2724 971 2787 perdurante
992 2725 1232 2774 instanter
1253 2745 1282 2775 a
1302 2728 1443 2777 nobis
1467 2729 1620 2793 peciit
1643 2735 1940 2793 procurator
1962 2727 2214 2792 predictus
2232 2727 2280 2776 16
2305 2727 2357 2776 111
2382 2726 2621 2792 poffeffio-

571 2832 683 2862 nem
722 2816 961 2864 bonorum
998 2816 1146 2880 ipfius
1182 2819 1368 2867 domini
1404 2819 1439 2868 J
1443 2820 1652 2869 ohannis
1688 2837 1781 2885 pro
1813 2821 1962 2868 modo
1987 2819 2142 2868 debiti
2180 2820 2233 2868 in
2268 2819 2438 2868 libello
2479 2819 2622 2883 petiti

571 2907 732 2970 primo
775 2907 1027 2955 mobilium
1068 2907 1104 2955 fi
1145 2919 1415 2973 appareant
1456 2912 1677 2975 alioquin
1717 2912 2042 2961 immobilium
2083 2913 2228 2961 causa
2268 2912 2341 2961 rei
2383 2912 2622 2960 seruande

572 2998 743 3046 induci
768 3027 778 3037 ·
806 2998 913 3047 Nos
936 2999 1087 3063 igitur
1108 3010 1307 3065 recepto
1331 3003 1468 3067 prius
1493 3005 1555 3053 ab
1575 3004 1677 3068 ipso
1695 3012 2022 3069 procuratore
2043 3003 2321 3069 calompnie
2339 3004 2622 3068 juramento

574 3107 671 3154 quo
707 3091 903 3139 asseruit
928 3109 1045 3140 vera
1081 3092 1172 3141 effe
1212 3094 1265 3141 in
1303 3096 1388 3143 sua
1421 3097 1670 3160 peticione
1709 3104 1945 3145 contenta
1982 3104 2031 3145 et
2067 3097 2114 3145 se
2154 3097 2359 3145 credere
2398 3114 2457 3145 ea
2492 3095 2623 3161 poffe

575 3183 936 3232 rationabiliter
959 3192 1127 3248 petere
1163 3185 1542 3251 interloquendo
1578 3188 1966 3252 pronunciamus
2005 3200 2054 3238 et
2092 3189 2404 3238 decernimus
2440 3188 2622 3237 dictum
