2762 3834
613 432 708 477 212
1057 422 1480 478 REGISTRUM
1513 422 1611 472 DE
1646 419 2203 471 ABERBROTHOC.

617 569 665 609 et
701 559 1067 610 coadiutoribus
1108 598 1118 608 .
1161 596 1173 607 .
1217 596 1228 607 .
1270 573 1370 605 non
1413 592 1424 604 .
1466 594 1475 603 .
1518 594 1527 603 .
1570 552 1770 601 maioris
1807 553 1959 602 status
1995 553 2074 601 vel
2107 553 2339 618 potencie
2365 570 2511 618 quam
2547 554 2650 618 ipse

671 689 682 700 .
720 690 730 700 .
771 651 935 699 villam
961 651 1022 698 de
1047 647 1370 713 Bannagasck
1395 662 1506 695 cum
1544 683 1554 693 .
1594 683 1603 692 .
1643 683 1653 692 .
1694 644 1902 693 decimis
1925 645 2209 709 garbalibus
2254 683 2265 695 .
2307 682 2319 694 .
2359 685 2369 695 .
2411 646 2654 695 iacentem

618 745 746 792 infra
768 741 1018 790 baroniam
1046 740 1258 788 nostram
1296 739 1356 786 de
1395 737 1555 785 Torre
1587 764 1598 775 ·
1634 751 1845 783 vnacum
1882 735 2086 784 decimis
2110 737 2396 802 garbalibus
2427 737 2657 786 villarum

618 833 888 881 nostrarum
914 832 975 879 de
1002 830 1177 880 Coulle
1203 838 1252 878 et
1279 828 1574 892 Carnbrogy
1598 826 1730 875 infra
1764 827 2079 891 parrochiam
2114 828 2329 877 nostram
2364 829 2425 877 de
2459 828 2660 878 Terwes

617 943 704 989 pro
745 923 966 972 terminis
1007 923 1178 971 decem
1222 928 1271 968 et
1312 937 1493 968 nouem
1533 934 1778 968 annorum
1821 955 1832 966 .
1876 956 1888 967 .
1934 956 1946 967 .
1988 920 2202 969 termino
2248 921 2482 970 introitus
2533 958 2543 968 .
2590 962 2599 969 .
2652 962 2660 969 .

616 1015 883 1079 incipiente
928 1014 980 1062 in
1026 1012 1149 1061 festo
1192 1009 1510 1061 Pentecostes
1547 1011 1714 1059 datam
1754 1009 2060 1074 presencium
2103 1011 2387 1061 immediate
2429 1014 2661 1077 sequente

666 1146 675 1155 .
717 1146 725 1155 .
767 1123 876 1154 cum
911 1104 1151 1169 potestate
1193 1142 1203 1152 .
1241 1142 1251 1152 .
1288 1142 1297 1152 .
1345 1102 1450 1168 [ad]
1485 1101 1763 1151 husbandos
1799 1110 1849 1151 et
1884 1103 2198 1152 subtenentes
2230 1104 2574 1169 expellendum
2613 1113 2663 1154 et

616 1197 966 1263 imponendum
992 1196 1180 1246 tociens
1206 1194 1441 1259 quociens
1467 1193 1553 1242 fibi
1593 1231 1604 1242 .
1640 1231 1651 1242 .
1688 1232 1699 1242 .
1738 1194 1986 1244 videbitur
2011 1196 2244 1260 expedire
2277 1236 2286 1245 .
2323 1235 2333 1245 .
2366 1236 2376 1246 .
2412 1196 2662 1247 Soluendo

619 1330 628 1339 .
674 1329 684 1339 .
729 1329 739 1339 .
781 1307 872 1355 pro
903 1289 1045 1337 firma
1079 1288 1205 1336 dicte
1232 1287 1346 1335 ville
1379 1304 1488 1335 cum
1516 1285 1721 1334 decimis
1745 1286 1976 1337 villarum
1999 1288 2382 1353 prescriptarum
2407 1289 2577 1338 decem
2615 1299 2663 1338 et

616 1385 797 1448 septem
822 1382 973 1430 libras
999 1381 1079 1430 sex
1103 1379 1281 1428 solidos
1306 1386 1356 1428 et
1380 1380 1489 1426 oao
1514 1378 1746 1427 denarios
1782 1378 1961 1428 vsualis
1997 1387 2193 1429 monete
2233 1379 2406 1430 Scocie
2442 1381 2505 1429 ad
2540 1382 2662 1430 duos

618 1475 733 1523 anni
766 1473 1003 1523 terminos
1045 1512 1055 1520 .
1098 1511 1107 1520 .
1152 1511 1161 1520 .
1208 1472 1269 1520 de
1305 1470 1604 1535 quaquidem
1636 1470 1823 1519 summa
1847 1471 2060 1520 fatemur
2084 1489 2174 1520 nos
2199 1490 2289 1537 pro
2315 1473 2663 1538 redempcione

617 1584 742 1615 noue
778 1564 1070 1631 prouifionis
1108 1563 1272 1612 nostre
1310 1564 1372 1612 de
1411 1562 1551 1611 curia
1591 1562 1818 1611 Romana
1855 1563 2091 1612 summam
2131 1571 2330 1613 centum
2366 1573 2416 1614 et
2452 1574 2663 1629 quatuor

617 1660 852 1707 librarum
893 1664 1089 1705 monete
1133 1654 1305 1705 Scocie
1345 1672 1435 1719 pre
1475 1654 1704 1704 manibus
1750 1654 1984 1720 recepisse
2026 1656 2078 1704 in
2120 1655 2317 1720 plenam
2364 1657 2663 1706 solucionem

617 1751 939 1799 terminorum
986 1750 1066 1797 sex
1114 1765 1355 1797 annorum
1403 1765 1432 1796 a
1478 1747 1691 1796 termino
1743 1746 1976 1796 introitus
2025 1785 2036 1796 .
2085 1786 2096 1796 .
2147 1785 2158 1796 .
2207 1748 2273 1797 Et
2320 1750 2436 1813 quia
2481 1749 2661 1799 dictum

618 1842 862 1890 Thomam
887 1848 935 1889 et
956 1842 1064 1889 suos
1089 1839 1349 1905 affignatos
1384 1839 1636 1888 nobiscum
1674 1838 1725 1886 in
1762 1838 1903 1887 curia
1931 1838 2100 1888 nostra
2130 1848 2179 1889 et
2210 1841 2319 1889 aliis
2356 1841 2578 1890 conciliis
2613 1850 2662 1890 et

619 1934 813 1982 auxiliis
848 1932 1026 1980 nostris
1059 1948 1266 1980 onerare
1303 1931 1607 1980 intendimus
1643 1930 1913 1995 sumptibus
1950 1938 2000 1980 et
2036 1931 2257 1995 expensis
2293 1934 2471 1982 nostris
2503 1934 2659 1998 ipsum

618 2026 729 2073 ideo
755 2034 803 2073 et
828 2023 1087 2089 affignatos
1112 2030 1162 2071 et
1185 2023 1496 2071 coadiutores
1528 2023 1634 2071 suos
1661 2022 1723 2071 ab
1747 2023 1881 2071 omni
1918 2040 2069 2072 onere
2102 2023 2391 2073 husbandali
2427 2042 2661 2074 exonera-

619 2134 724 2165 mus
759 2116 891 2165 saluo
923 2116 1031 2164 iure
1066 2115 1337 2180 regalitatis
1369 2116 1535 2164 nostre
1576 2154 1586 2164 .
1620 2157 1628 2165 .
1669 2153 1680 2163 .
1718 2116 1873 2180 Apud
1898 2116 2233 2166 Abirbrothoc
2257 2117 2360 2166 iiiito
2384 2119 2463 2167 die
2487 2120 2661 2167 menfis

621 2208 871 2256 Februarii
900 2224 1029 2256 anno
1049 2206 1263 2255 Domini
1290 2212 1435 2256 1484.

621 2456 900 2526 [Xffedacio
926 2475 1125 2524 ecclefie
1151 2477 1211 2524 de
1235 2475 1384 2542 Forg.

545 2657 563 2665 ”
620 2635 897 2706 Vniuerfis
942 2663 1110 2719 pateat
1148 2693 1158 2703 .
1201 2695 1210 2704 .
1253 2694 1262 2704 .
1305 2674 1395 2705 nos
1437 2656 1608 2706 Dauid
1649 2695 1660 2707 .
1704 2697 1713 2707 .
1758 2696 1769 2707 .
1812 2660 2038 2709 abbatem
2080 2699 2089 2709 .
2128 2700 2137 2709 .
2175 2700 2184 2709 .
2223 2662 2284 2710 de
2324 2663 2659 2712 Abirbrothoc

623 2785 632 2795 .
676 2785 685 2795 .
725 2787 733 2795 .
761 2745 981 2795 affedaffe
1019 2784 1030 2795 .
1069 2785 1078 2794 .
1116 2784 1126 2795 .
1162 2746 1394 2811 magistro
1418 2747 1637 2797 Patricio
1661 2749 1858 2817 Ogilwy
1883 2751 2071 2801 vicario
2096 2753 2156 2801 de
2182 2752 2316 2818 Forg
2340 2794 2349 2802 .
2376 2794 2385 2804 .
2413 2794 2422 2804 .
2448 2755 2661 2805 decimas

620 2838 834 2902 gai-halis
859 2837 1057 2885 ecclesie
1082 2836 1245 2885 nostre
1271 2838 1331 2885 de
1358 2837 1399 2886 F
1402 2855 1491 2904 org
1527 2877 1537 2886 .
1572 2879 1581 2888 .
1619 2880 1628 2890 .
1666 2859 1756 2907 pro
1793 2843 2018 2892 terminis
2042 2844 2227 2909 septem
2252 2863 2495 2895 annorum
2538 2886 2547 2895 .
2593 2886 2603 2895 .
2647 2886 2657 2896 .

622 2930 831 2978 termino
878 2928 1108 2978 introitus
1154 2968 1163 2977 .
1210 2966 1220 2976 .
1264 2969 1273 2978 .
1322 2930 1592 2995 incipiente
1639 2933 1691 2980 in
1733 2933 1854 2982 festo
1905 2933 2072 2984 San&i
2116 2935 2254 2985 Petri
2301 2939 2434 3002 quod
2480 2939 2660 2988 dicitur

622 3019 885 3069 aduincula
926 3020 1092 3068 datam
1133 3019 1437 3083 presencium
1479 3021 1760 3072 immediate
1802 3023 2035 3089 sequente
2078 3063 2089 3074 .
2135 3064 2146 3075 .
2192 3065 2203 3077 .
2250 3026 2500 3078 Soluendo
2542 3070 2551 3078 .
2595 3071 2603 3078 .
2646 3069 2658 3079 .

621 3115 853 3159 summam
894 3110 1146 3175 sexaginta
1174 3110 1410 3161 librarum
1447 3121 1642 3162 monete
1676 3114 1819 3178 regni
1854 3114 2027 3165 Scocie
2069 3118 2129 3166 ad
2178 3156 2190 3167 .
2239 3158 2249 3168 .
2297 3159 2307 3169 .
2355 3120 2478 3169 festa
2525 3115 2554 3170 ‚⁴
2586 3159 2597 3170 .
2648 3158 2658 3169 .

622 3203 804 3252 I‘asche
827 3210 877 3251 et
902 3202 1066 3251 San&i
1090 3201 1226 3250 Petri
1271 3240 1282 3251 .
1328 3240 1338 3251 .
1384 3240 1395 3251 .
1440 3204 1505 3252 Et
1542 3204 1575 3252 st
1611 3205 1663 3252 in
1701 3204 1946 3254 solucione
1991 3245 2001 3255 .
2047 3245 2058 3255 .
2104 3246 2115 3256 .
2157 3210 2221 3258 ad
2256 3212 2491 3261 terminos
2537 3252 2545 3261 .
2590 3250 2601 3260 .
2647 3249 2657 3261 .
