2742 3848
422 627 520 678 618

426 1456 523 1511 619

427 2016 525 2066 620

435 2659 527 2709 621

570 410 666 455 454
1019 400 1445 457 REGISTRUM
1478 400 1575 453 DE
1612 394 2174 451 ABERBROTHOO.
2202 415 2210 421 ·

572 609 724 682 Idem
773 632 954 680 assedat
999 646 1090 695 pro
1135 627 1465 677 nouendecim
1509 624 1651 674 annis
1693 623 1949 674 'Willelmo
1991 622 2126 674 Wod
2173 626 2235 675 de
2277 625 2571 675 Bonnetone
2609 656 2618 665 ·

573 723 846 788 Margarite
885 721 1098 788 Ogylwy
1123 721 1292 785 sponse
1324 720 1407 767 sue
1443 745 1455 757 ·
1496 725 1546 767 et
1580 717 1774 767 Jacobo
1800 715 1935 766 Wod
1968 731 2141 767 eorum
2170 717 2274 767 filio
2311 726 2361 768 et
2397 719 2622 783 aparenti

572 816 744 865 heredi
786 842 796 854 ·
834 822 883 864 et
912 830 1083 862 eorum
1115 811 1364 878 aflignatis
1397 827 1495 859 non
1530 810 1733 859 maioris
1764 809 1916 859 status
1954 837 1965 849 ·
2002 818 2163 860 terras
2195 811 2257 860 de
2290 810 2537 878 Laytham
2572 811 2624 860 in

574 907 790 956 dominio
838 915 886 955 et
930 905 1190 971 regalitate
1238 905 1299 952 de
1347 902 1603 966 Arbroyth
1662 902 1794 951 infra
1841 902 2242 952 vicecomitatum
2289 903 2351 951 de
2397 902 2577 952 Forfar
2615 931 2625 941 ·

574 999 820 1048 Soluendo
845 997 1087 1046 monacho
1123 995 1490 1045 communitatis
1527 994 1772 1043 sexdecim
1807 994 1959 1043 libras
1984 1003 2182 1045 monete
2211 994 2385 1045 Scocie
2411 1013 2624 1045 vnacum

573 1092 710 1141 seais
746 1091 881 1140 curie
920 1090 1097 1155 viginti
1136 1089 1437 1155 plaustratus
1477 1089 1737 1154 glebarum
1777 1095 1826 1137 et
1868 1088 2132 1138 duodecim
2176 1088 2476 1153 plaustratus
2523 1089 2624 1138 feni

574 1192 763 1232 tantum
790 1212 800 1221 ·
831 1186 887 1231 11
914 1181 1104 1247 Aprilis
1133 1181 1275 1230 1526.

574 1438 725 1510 Idem
742 1459 924 1508 affedat
936 1477 1028 1524 pro
1043 1459 1372 1508 nouendecim
1389 1459 1531 1508 annis
1549 1457 1774 1508 Henrico
1794 1458 1991 1509 Guthre
2009 1456 2240 1524 burgensi
2259 1459 2320 1508 de
2340 1455 2601 1526 Arbroyth
2619 1490 2628 1500 -

574 1553 848 1620 Elyzabeth
873 1552 1016 1618 Lyell
1041 1552 1211 1618 sponse
1234 1552 1317 1601 sue
1342 1580 1353 1592 ·
1380 1560 1430 1602 et
1452 1552 1487 1602 J
1491 1552 1677 1601 ohanni
1703 1551 1901 1601 Guthre
1928 1568 2098 1601 eorum
2122 1552 2225 1601 filio
2256 1551 2435 1601 seniori
2472 1560 2631 1602 terras

575 1647 635 1695 de
652 1620 873 1711 Mylhyll
891 1662 1013 1709 quas
1032 1644 1285 1694 Henricus
1308 1644 1483 1695 habuit
1506 1662 1597 1718 pro
1623 1645 1804 1695 eisdem
1830 1645 2056 1694 terminis
2095 1672 2105 1683 ·
2143 1644 2397 1695 Soluendo
2422 1646 2631 1711 quadra-

574 1739 713 1804 ginta
736 1739 913 1787 solidos
938 1746 1133 1787 monete
1163 1738 1335 1788 Scocie
1362 1765 1371 1775 ·
1395 1743 1461 1787 30
1484 1738 1675 1802 Aprilis
1703 1737 1849 1788 1526.

577 1995 729 2068 Idem
755 2015 938 2065 assedat
961 2031 1053 2081 pro
1079 2023 1182 2066 toto
1219 2024 1441 2081 tempore
1465 2017 1567 2067 vite
1595 2017 1907 2067 Allexandro
1935 2017 2128 2067 Thome
2154 2024 2203 2066 et
2225 2016 2328 2066 filio
2352 2017 2437 2065 suo
2462 2016 2632 2066 Dauid
2695 2079 2704 2085 ἃ

579 2109 772 2158 Thome
808 2117 1034 2174 quartam
1070 2116 1261 2174 partem
1300 2109 1415 2158 ville
1450 2111 1511 2159 de
1543 2109 1875 2176 Vesterparce
1912 2126 2024 2160 cum
2061 2110 2267 2160 decimis
2301 2110 2586 2175 garbalibus
2623 2139 2632 2149 ·

578 2202 850 2251 Reddendo
874 2210 975 2251 tres
998 2202 1149 2252 libras
1175 2209 1273 2252 tres
1298 2202 1475 2251 solidos
1500 2211 1549 2252 et
1574 2211 1787 2269 quatuor
1812 2203 2043 2252 denarios
2078 2210 2276 2252 monete
2314 2201 2486 2253 Scocie
2523 2219 2634 2251 cum

579 2310 675 2341 vno
711 2311 921 2343 veruece
960 2295 1041 2343 sex
1078 2295 1347 2359 caponibus
1390 2303 1440 2345 et
1479 2296 1560 2344 sex
1603 2296 1712 2345 aliis
1750 2295 1900 2361 pullis
1942 2296 2124 2345 adultis
2166 2313 2277 2345 eum
2320 2303 2546 2362 rynmart
2587 2305 2636 2344 et

579 2388 770 2452 veddyr
794 2394 844 2436 et
868 2386 977 2436 aliis
1001 2386 1366 2436 husbandorum
1393 2388 1625 2437 oneribus
1649 2415 1659 2427 ·
1684 2393 1714 2436 4
1741 2387 1867 2437 Maii
1894 2387 2040 2438 1526.

584 2635 738 2707 Idem
757 2658 939 2707 affedat
957 2675 1047 2723 pro
1066 2659 1392 2708 nouendecim
1413 2659 1556 2708 annis
1576 2660 1886 2710 Allexandro
1903 2661 2097 2712 Guthre
2115 2661 2179 2710 de
2195 2660 2609 2727 Kynblathmund
2628 2689 2637 2699 ·

586 2751 767 2799 Jonete
795 2749 1110 2817 Straquhyne
1136 2752 1241 2801 eius
1269 2753 1438 2818 sponse
1478 2779 1489 2790 ·
1526 2770 1797 2818 eorumque
1833 2752 2082 2819 affignatis
2117 2768 2218 2802 non
2251 2752 2452 2802 maioris
2487 2753 2640 2803 status

588 2844 804 2892 decimas
828 2843 1054 2907 garbales
1078 2852 1324 2893 terrarum
1357 2825 1419 2894 de
1444 2844 1859 2910 Kynblathmund
1881 2847 1935 2896 in
1957 2846 2198 2912 parochia
2221 2847 2283 2896 de
2308 2846 2606 2897 Innerkelar
2630 2875 2640 2884 ·

592 2935 841 2986 Soluendo
866 2936 1083 3000 quinque
1107 2937 1265 2985 bollas
1289 2936 1524 2987 frumenti
1550 2940 1657 2986 οᾶο
1680 2938 1838 2988 bollas
1862 2939 2003 2989 ordei
2039 2946 2089 2988 et
2124 2938 2302 3004 viginti
2337 2937 2448 2988 οᾶο
2483 2938 2639 2989 bollas

589 3027 749 3076 farine
780 3027 1038 3076 auenatice
1072 3027 1297 3077 mensure
1332 3028 1426 3076 fori
1463 3029 1527 3077 ad
1561 3029 1684 3079 festa
1718 3029 2095 3080 Purificaeionis
2130 3030 2294 3080 Mario
2330 3038 2380 3080 et
2414 3028 2600 3080 Pasche
2629 3058 2638 3067 ·

590 3125 621 3174 9
646 3117 771 3167 Maii
799 3118 940 3167 1526.
