2762 3834
388 796 477 838 158

400 2603 493 2651 159

528 391 623 435 140
975 377 1394 432 REGISTRUM
1429 376 1525 426 DE
1561 371 2116 424 ABERBROTHOC.

527 586 714 659 Bucht
738 635 749 645 ·
776 605 1155 653 Instrumentum
1182 601 1216 648 J
1221 598 1427 647 ohannis
1455 597 1822 662 Halyburtoun.

529 767 601 838 In
626 787 722 835 Dei
748 785 944 832 nomine
969 798 1108 831 amen
1136 808 1145 817 ·
1170 779 1266 827 Per
1290 778 1383 826 hoc
1426 817 1432 823 .
1478 816 1487 825 .
1531 816 1541 825 .
1583 776 1795 844 [pateat]
1842 815 1852 825 .
1898 815 1909 825 .
1955 815 1966 825 .
2006 779 2138 841 quod
2163 795 2294 826 anno
2319 779 2380 826 ab
2403 779 2562 827 incar-

529 877 732 925 nacione
755 874 958 923 Domini
982 881 1047 920 m⁰
1071 877 1205 920 cccc⁰
1225 870 1368 918 lxiiii⁰
1387 896 1396 906 ·
1417 869 1683 917 indietione
1715 869 1803 917 xii·
1825 896 1835 907 ·
1855 887 1913 918 ac
1937 869 2113 918 mensis
2129 870 2338 935 Augusti
2364 871 2443 918 die
2469 871 2535 918 xi*
2555 898 2564 907 ·

528 967 838 1032 pontificatus
884 1003 894 1012 .
942 1002 951 1011 .
997 1001 1006 1011 .
1050 962 1127 1010 Pii
1173 1000 1183 1010 .
1217 980 1241 1009 ·.
1286 998 1295 1008 .
1346 978 1471 1025 pape
1519 960 1719 1009 secundi
1767 978 1896 1010 anno
1944 962 2076 1010 sexto
2127 999 2136 1009 .
2191 1000 2197 1008 .
2251 1000 2260 1009 .
2310 962 2564 1010 Johannes

532 1058 862 1106 Haliburtoun
905 1055 964 1103 de
1007 1052 1254 1119 Kynross'y
1299 1090 1309 1100 .
1352 1090 1362 1100 .
1410 1090 1420 1099 .
1463 1052 1702 1117 obligauit
1741 1054 1789 1101 se
1834 1091 1844 1100 .
1891 1090 1901 1100 .
1948 1090 1958 1100 .
2003 1052 2359 1102 restitutionem
2404 1054 2567 1102 facere

530 1150 725 1198 domino
751 1146 1001 1195 Willelmo
1028 1144 1211 1193 Nobile
1235 1144 1478 1192 monacho
1514 1144 1714 1192 nomine
1747 1144 1937 1193 abbatis
1962 1152 2011 1193 et
2035 1154 2309 1194 conuentus
2333 1145 2394 1193 de
2421 1145 2568 1193 Abir—

531 1239 733 1288 brothoc
757 1238 817 1286 de
844 1254 938 1285 vno
961 1253 1087 1299 equo
1113 1243 1256 1300 capto
1275 1251 1364 1299 per
1383 1234 1563 1283 diaefflmm
1583 1235 1864 1284 ,Iohannem
1892 1253 1921 1283 a
1955 1273 1965 1283 .
2004 1273 2014 1283 .
2051 1273 2062 1284 .
2097 1235 2296 1283 domino
2318 1235 2567 1283 willelmo

534 1371 543 1380 .
587 1369 597 1379 .
643 1369 653 1378 .
697 1348 839 1395 quem
876 1346 1054 1394 equum
1097 1366 1107 1376 .
1154 1367 1164 1376 .
1210 1364 1218 1372 .
1262 1327 1488 1376 dominus
1513 1326 1794 1375 Willelmus
1825 1328 2001 1375 abante
2037 1327 2258 1375 namauit
2291 1344 2382 1391 pro
2418 1328 2570 1375 firmis

532 1435 771 1472 terrarum
811 1422 871 1469 de
911 1420 1072 1469 Bucht
1108 1428 1156 1468 et
1191 1419 1333 1483 super
1369 1419 1463 1466 hoc
1500 1417 1651 1466 traxit
1686 1416 1738 1465 in
1774 1417 2083 1467 securitatem
2110 1417 2352 1466 Thomam
2384 1417 2570 1466 Forbas

532 1514 784 1562 Dauisoun
825 1520 873 1560 et
914 1512 1110 1575 insuper
1150 1510 1370 1575 promifit
1411 1510 1457 1558 se
1499 1518 1656 1558 terras
1695 1509 1755 1557 de
1798 1508 1961 1558 Bucht
2000 1526 2100 1558 non
2141 1509 2399 1558 molestare
2445 1546 2455 1557 .
2501 1548 2512 1557 .
2560 1548 2569 1556 .

534 1605 779 1668 quousque
822 1641 830 1651 .
875 1641 885 1651 .
929 1641 937 1650 .
980 1602 1141 1650 abbati
1179 1602 1363 1650 faceret
1399 1618 1489 1666 pro
1527 1600 1706 1649 eisdem
1738 1602 1869 1665 quod
1906 1601 1966 1650 de
1999 1601 2106 1649 iure
2142 1601 2306 1650 facere
2342 1609 2572 1649 tenetur·

538 1696 695 1760 Super
736 1695 910 1757 quibus
956 1731 965 1740 .
1008 1731 1017 1740 .
1064 1731 1074 1740 .
1115 1693 1340 1741 dominus
1378 1692 1658 1740 Willelmus
1699 1730 1709 1740 .
1754 1730 1764 1740 .
1808 1731 1817 1740 .
1863 1710 1893 1740 a
1930 1709 2008 1740 me
2058 1731 2068 1741 .
2122 1730 2132 1740 .
2185 1730 2195 1741 .
2243 1693 2386 1756 petiit
2437 1730 2446 1740 .
2498 1731 2507 1740 .
2563 1730 2571 1739 .

535 1788 908 1835 instrumentum
951 1812 960 1822 ·
1003 1786 1129 1832 Aeta
1171 1793 1313 1833 erant
1353 1784 1444 1832 hec
1486 1784 1538 1831 in
1582 1784 1740 1833 castro
1783 1786 1844 1834 de
1887 1785 2129 1834 Innernes
2169 1785 2293 1833 hora
2333 1784 2463 1849 quasi
2507 1786 2575 1833 xi·

537 1890 652 1927 ante
674 1877 951 1926 merediem'
981 1914 991 1924 .
1039 1914 1049 1923 .
1094 1914 1103 1923 .
1148 1876 1345 1925 testibus
1387 1914 1397 1924 .
1449 1914 1458 1924 .
1503 1914 1513 1924 .
1549 1876 1740 1925 Jacobo
1777 1877 2004 1942 episcopo
2033 1875 2385 1929 Sanffiandree
2436 1915 2446 1925 .
2498 1915 2509 1925 .
2561 1916 2571 1925 .

539 1970 744 2017 Andrea
789 1968 985 2016 domino
1032 1968 1092 2015 de
1140 1968 1397 2016 Avandale
1442 1968 1739 2016 cancellario
1788 1966 1959 2016 Scocie
2006 1997 2016 2007 ·
2069 1967 2247 2018 Colino
2295 1970 2471 2017 comite
2513 1971 2572 2017 de

539 2059 740 2124 Ergylle
767 2088 776 2098 ·
804 2067 852 2107 et
874 2058 909 2107 J
912 2059 1064 2106 acobo
1089 2059 1289 2106 domino
1314 2059 1627 2108 Lewinstoun
1653 2085 1663 2096 ·
1690 2076 1800 2107 cum
1825 2059 1991 2108 multis
2016 2059 2126 2108 aliis
2164 2097 2175 2107 .
2216 2098 2226 2107 .
2266 2098 2277 2107 .

539 2309 883 2382 Confirmacio
921 2334 1282 2383 communitatis
1319 2335 1379 2382 de
1414 2334 1589 2384 Forfar
1623 2336 1765 2400 super
1796 2334 2229 2400 perambulacione
2255 2335 2316 2382 de
2343 2334 2573 2383 Ouchtir-

540 2423 706 2487 lovny.
1675 2415 1682 2422 ³

542 2576 639 2649 Be
677 2599 716 2647 it
752 2600 883 2647 maid
919 2587 1145 2648 kend'til
1187 2601 1251 2648 all
1283 2640 1291 2648 .
1330 2641 1338 2648 .
1377 2641 1384 2649 .
1418 2620 1482 2649 ws
1518 2604 1738 2654 William
1775 2606 1847 2654 off
1882 2605 2076 2655 Guthre
2112 2605 2351 2653 aldirman
2392 2605 2463 2651 off
2493 2604 2574 2651 the

546 2691 703 2755 burgh
746 2692 799 2739 of
840 2692 1014 2740 Forfar
1060 2721 1069 2730 ·
1111 2693 1367 2743 Laurence
1410 2697 1482 2743 off
1512 2697 1769 2745 Lowthian
1818 2698 1916 2745 and
1964 2696 2184 2744 William
2234 2696 2574 2744 Richardsoun

546 2783 731 2848 balyeis
756 2811 765 2820 -
792 2783 917 2831 ande
942 2783 1024 2831 the
1047 2783 1158 2831 hale
1185 2786 1478 2835 communite
1505 2788 1558 2834 of
1586 2787 1691 2835 that
1714 2787 1786 2835 ilk
1812 2813 1822 2824 ·
1846 2787 1959 2836 eftir
1984 2788 2150 2835 diuers
2175 2787 2454 2835 vexacionis
2480 2787 2576 2834 and

547 2874 830 2923 trovblance
866 2874 993 2922 maid
1030 2875 1089 2923 be
1126 2892 1190 2923 ws
1225 2884 1275 2923 to
1311 2876 1393 2924 the
1429 2878 1575 2927 abbot
1614 2880 1710 2927 and
1747 2887 1962 2928 conuent
1986 2880 2059 2927 off
2077 2878 2443 2927 Abbirbrothoc
2480 2879 2576 2926 and

545 2966 656 3014 thar
691 2965 953 3013 tenuandis
989 2966 1114 3013 ande
1150 2965 1491 3015 inhabitanttis
1525 2969 1578 3015 of
1608 2968 1971 3036 Ouchtirlovny
1998 2971 2096 3019 and
2124 2970 2357 3035 Craquhy
2384 2970 2575 3018 anentis

545 3057 627 3105 the
651 3055 985 3120 occupacioun
1011 3056 1064 3103 of
1094 3056 1176 3105 the
1200 3056 1379 3122 Kingis
1406 3057 1518 3105 Mor
1542 3060 1603 3107 be
1638 3060 1720 3108 the
1755 3061 1855 3109 said
1881 3062 2143 3111 tenuandis
2167 3079 2220 3111 as
2244 3062 2295 3110 in
2321 3078 2575 3110 commone

546 3158 595 3196 to
621 3147 783 3195 thame
808 3163 861 3195 as
895 3146 944 3194 in
978 3146 1166 3196 sewalle
1201 3147 1366 3211 pastur
1391 3149 1487 3196 and
1514 3149 1644 3199 vthir
1679 3150 1863 3215 thingis
1897 3152 2177 3217 belangand
2213 3169 2468 3201 commone
2490 3178 2500 3188 ·
2528 3159 2578 3199 to
