<?xml version="1.0" encoding="UTF-8"?>
<!DOCTYPE html PUBLIC "-//W3C//DTD XHTML 1.0 Transitional//EN"
    "http://www.w3.org/TR/xhtml1/DTD/xhtml1-transitional.dtd">
<html xmlns="http://www.w3.org/1999/xhtml" xml:lang="en" lang="en">
 <head>
  <title>
</title>
<meta http-equiv="Content-Type" content="text/html;charset=utf-8" />
  <meta name='ocr-system' content='tesseract 3.04.00' />
  <meta name='ocr-capabilities' content='ocr_page ocr_carea ocr_par ocr_line ocrx_word'/>
</head>
<body>
  <div class='ocr_page' id='page_1' title='image "./libersthomedea8602arbruoft_0573.png"; bbox 0 0 2742 3848; ppageno 0'>
   <div class='ocr_carea' id='block_1_1' title="bbox 82 587 175 640">
    <p class='ocr_par' dir='ltr' id='par_1_1' title="bbox 82 587 175 640">
     <span class='ocr_line' id='line_1_1' title="bbox 82 587 175 640; baseline -0.043 -1"><span class='ocrx_word' id='word_1_1' title='bbox 82 587 175 640; x_wconf 87' lang='grc'>671</span> 
     </span>
    </p>
   </div>
   <div class='ocr_carea' id='block_1_2' title="bbox 73 1243 177 1296">
    <p class='ocr_par' dir='ltr' id='par_1_2' title="bbox 73 1243 177 1296">
     <span class='ocr_line' id='line_1_2' title="bbox 73 1243 177 1296; baseline -0.019 -2"><span class='ocrx_word' id='word_1_2' title='bbox 73 1243 177 1296; x_wconf 78' lang='grc'>672</span> 
     </span>
    </p>
   </div>
   <div class='ocr_carea' id='block_1_3' title="bbox 81 1782 175 1835">
    <p class='ocr_par' dir='ltr' id='par_1_3' title="bbox 81 1782 175 1835">
     <span class='ocr_line' id='line_1_3' title="bbox 81 1782 175 1835; baseline -0.021 -2"><span class='ocrx_word' id='word_1_3' title='bbox 81 1782 175 1835; x_wconf 89' lang='grc'>673</span> 
     </span>
    </p>
   </div>
   <div class='ocr_carea' id='block_1_4' title="bbox 0 294 71 3095">
    <p class='ocr_par' dir='ltr' id='par_1_4' title="bbox 0 294 71 3095">
     <span class='ocr_line' id='line_1_4' title="bbox 0 294 71 3095; baseline 0 0"><span class='ocrx_word' id='word_1_4' title='bbox 0 294 71 3095; x_wconf 95' lang='lat' dir='ltr'> </span> 
     </span>
    </p>
   </div>
   <div class='ocr_carea' id='block_1_5' title="bbox 68 3097 87 3663">
    <p class='ocr_par' dir='ltr' id='par_1_5' title="bbox 27 3097 87 3663">
     <span class='ocr_line' id='line_1_5' title="bbox 68 3097 77 3279; baseline 0 271"><span class='ocrx_word' id='word_1_5' title='bbox 68 3097 77 3279; x_wconf 58' lang='lat'><em>³</em></span> 
     </span>
     <span class='ocr_line' id='line_1_6' title="bbox 82 3552 87 3663; baseline 0 0"><span class='ocrx_word' id='word_1_6' title='bbox 82 3552 87 3663; x_wconf 69' lang='grc' dir='ltr'>ἱ</span> 
     </span>
    </p>
   </div>
   <div class='ocr_carea' id='block_1_6' title="bbox 85 3667 94 3848">
    <p class='ocr_par' dir='ltr' id='par_1_6' title="bbox 26 3667 94 3848">
     <span class='ocr_line' id='line_1_7' title="bbox 85 3667 94 3848; baseline 0 0"><span class='ocrx_word' id='word_1_7' title='bbox 85 3667 94 3848; x_wconf 59' lang='grc' dir='ltr'>ἱ</span> 
     </span>
    </p>
   </div>
   <div class='ocr_carea' id='block_1_7' title="bbox 681 361 2350 418">
    <p class='ocr_par' dir='ltr' id='par_1_7' title="bbox 681 361 2350 418">
     <span class='ocr_line' id='line_1_8' title="bbox 681 361 2350 418; baseline -0.001 -5"><span class='ocrx_word' id='word_1_8' title='bbox 681 361 1112 414; x_wconf 86' lang='lat' dir='ltr'>REGISTRUM</span> <span class='ocrx_word' id='word_1_9' title='bbox 1146 362 1245 411; x_wconf 89' lang='lat' dir='ltr'>DE</span> <span class='ocrx_word' id='word_1_10' title='bbox 1276 361 1842 412; x_wconf 85' lang='lat' dir='ltr'>ABERBROTHOC.</span> <span class='ocrx_word' id='word_1_11' title='bbox 2202 366 2300 418; x_wconf 76' lang='lat'>473</span> <span class='ocrx_word' id='word_1_12' title='bbox 2348 389 2350 391; x_wconf 95' lang='lat'>·</span> 
     </span>
    </p>
   </div>
   <div class='ocr_carea' id='block_1_8' title="bbox 231 569 2301 1013">
    <p class='ocr_par' dir='ltr' id='par_1_8' title="bbox 231 569 2301 1013">
     <span class='ocr_line' id='line_1_9' title="bbox 232 569 2301 654; baseline -0.002 -13"><span class='ocrx_word' id='word_1_13' title='bbox 232 569 387 642; x_wconf 83' lang='lat' dir='ltr'><strong>Idem</strong></span> <span class='ocrx_word' id='word_1_14' title='bbox 414 589 598 638; x_wconf 82' lang='lat' dir='ltr'>affedat</span> <span class='ocrx_word' id='word_1_15' title='bbox 621 606 713 654; x_wconf 93' lang='lat' dir='ltr'>pro</span> <span class='ocrx_word' id='word_1_16' title='bbox 739 591 911 638; x_wconf 90' lang='lat' dir='ltr'>decem</span> <span class='ocrx_word' id='word_1_17' title='bbox 933 598 982 638; x_wconf 91' lang='lat' dir='ltr'>et</span> <span class='ocrx_word' id='word_1_18' title='bbox 998 590 1182 654; x_wconf 86' lang='lat' dir='ltr'>septem</span> <span class='ocrx_word' id='word_1_19' title='bbox 1206 588 1349 639; x_wconf 83' lang='lat' dir='ltr'>annis</span> <span class='ocrx_word' id='word_1_20' title='bbox 1373 588 1410 637; x_wconf 86' lang='lat' dir='ltr'><strong>J</strong></span> <span class='ocrx_word' id='word_1_21' title='bbox 1412 588 1599 637; x_wconf 88' lang='lat' dir='ltr'>ohanni</span> <span class='ocrx_word' id='word_1_22' title='bbox 1617 588 1830 654; x_wconf 86' lang='lat' dir='ltr'>Ramsay</span> <span class='ocrx_word' id='word_1_23' title='bbox 1850 595 1900 637; x_wconf 91' lang='lat' dir='ltr'>et</span> <span class='ocrx_word' id='word_1_24' title='bbox 1925 588 2030 637; x_wconf 87' lang='lat' dir='ltr'>eius</span> <span class='ocrx_word' id='word_1_25' title='bbox 2050 587 2301 653; x_wconf 83' lang='lat' dir='ltr'>affignatis</span> 
     </span>
     <span class='ocr_line' id='line_1_10' title="bbox 233 680 2300 732; baseline -0.001 0"><span class='ocrx_word' id='word_1_26' title='bbox 233 691 282 732; x_wconf 86' lang='lat' dir='ltr'>et</span> <span class='ocrx_word' id='word_1_27' title='bbox 318 682 691 732; x_wconf 85' lang='lat' dir='ltr'>coadiutoribus</span> <span class='ocrx_word' id='word_1_28' title='bbox 730 683 851 731; x_wconf 83' lang='lat' dir='ltr'>duas</span> <span class='ocrx_word' id='word_1_29' title='bbox 885 700 1026 732; x_wconf 86' lang='lat' dir='ltr'>acras</span> <span class='ocrx_word' id='word_1_30' title='bbox 1064 682 1175 731; x_wconf 85' lang='lat' dir='ltr'>illas</span> <span class='ocrx_word' id='word_1_31' title='bbox 1216 683 1278 731; x_wconf 91' lang='lat' dir='ltr'>de</span> <span class='ocrx_word' id='word_1_32' title='bbox 1317 681 1465 731; x_wconf 85' lang='lat' dir='ltr'>terris</span> <span class='ocrx_word' id='word_1_33' title='bbox 1506 680 1783 730; x_wconf 83' lang='lat' dir='ltr'>iacentibus</span> <span class='ocrx_word' id='word_1_34' title='bbox 1820 681 1874 729; x_wconf 91' lang='lat' dir='ltr'>in</span> <span class='ocrx_word' id='word_1_35' title='bbox 1909 680 2300 730; x_wconf 86' lang='lat' dir='ltr'>Pondirlawfeld</span> 
     </span>
     <span class='ocr_line' id='line_1_11' title="bbox 233 755 2298 840; baseline -0.001 -16"><span class='ocrx_word' id='word_1_36' title='bbox 233 792 344 824; x_wconf 91' lang='lat' dir='ltr'>cum</span> <span class='ocrx_word' id='word_1_37' title='bbox 377 775 583 824; x_wconf 83' lang='lat' dir='ltr'>decimis</span> <span class='ocrx_word' id='word_1_38' title='bbox 606 774 894 840; x_wconf 86' lang='lat' dir='ltr'>garbalibus</span> <span class='ocrx_word' id='word_1_39' title='bbox 930 802 940 812; x_wconf 92' lang='lat'><strong>·</strong></span> <span class='ocrx_word' id='word_1_40' title='bbox 977 791 1098 838; x_wconf 86' lang='lat' dir='ltr'>quas</span> <span class='ocrx_word' id='word_1_41' title='bbox 1136 775 1260 824; x_wconf 85' lang='lat' dir='ltr'>duas</span> <span class='ocrx_word' id='word_1_42' title='bbox 1295 791 1437 823; x_wconf 82' lang='lat' dir='ltr'>acras</span> <span class='ocrx_word' id='word_1_43' title='bbox 1466 773 1569 838; x_wconf 91' lang='lat' dir='ltr'>ipse</span> <span class='ocrx_word' id='word_1_44' title='bbox 1605 781 1655 822; x_wconf 87' lang='lat' dir='ltr'>et</span> <span class='ocrx_word' id='word_1_45' title='bbox 1690 755 1983 839; x_wconf 78' lang='lat' dir='ltr'>Margareta</span> <span class='ocrx_word' id='word_1_46' title='bbox 2010 772 2177 823; x_wconf 86' lang='lat' dir='ltr'>Smart</span> <span class='ocrx_word' id='word_1_47' title='bbox 2212 775 2298 822; x_wconf 87' lang='lat' dir='ltr'>sua</span> 
     </span>
     <span class='ocr_line' id='line_1_12' title="bbox 231 865 2300 933; baseline 0 -18"><span class='ocrx_word' id='word_1_48' title='bbox 231 868 404 932; x_wconf 85' lang='lat' dir='ltr'>sponsa</span> <span class='ocrx_word' id='word_1_49' title='bbox 427 866 566 932; x_wconf 86' lang='lat' dir='ltr'>prius</span> <span class='ocrx_word' id='word_1_50' title='bbox 591 867 905 931; x_wconf 85' lang='lat' dir='ltr'><strong>occupabant</strong></span> <span class='ocrx_word' id='word_1_51' title='bbox 942 894 952 905; x_wconf 87' lang='lat'><strong>·</strong></span> <span class='ocrx_word' id='word_1_52' title='bbox 992 865 1243 915; x_wconf 84' lang='lat' dir='ltr'>Soluendo</span> <span class='ocrx_word' id='word_1_53' title='bbox 1279 869 1401 916; x_wconf 84' lang='lat' dir='ltr'>duas</span> <span class='ocrx_word' id='word_1_54' title='bbox 1426 867 1583 917; x_wconf 87' lang='lat' dir='ltr'>bollas</span> <span class='ocrx_word' id='word_1_55' title='bbox 1609 868 1749 916; x_wconf 88' lang='lat' dir='ltr'>ordei</span> <span class='ocrx_word' id='word_1_56' title='bbox 1774 868 1888 933; x_wconf 90' lang='lat' dir='ltr'>puri</span> <span class='ocrx_word' id='word_1_57' title='bbox 1913 868 2026 917; x_wconf 91' lang='lat' dir='ltr'>ficci</span> <span class='ocrx_word' id='word_1_58' title='bbox 2053 875 2101 917; x_wconf 89' lang='lat' dir='ltr'>et</span> <span class='ocrx_word' id='word_1_59' title='bbox 2128 869 2300 916; x_wconf 91' lang='lat' dir='ltr'>mundi</span> 
     </span>
     <span class='ocr_line' id='line_1_13' title="bbox 232 958 1457 1013; baseline 0 -5"><span class='ocrx_word' id='word_1_60' title='bbox 232 960 295 1008; x_wconf 83' lang='lat' dir='ltr'>ad</span> <span class='ocrx_word' id='word_1_61' title='bbox 319 959 557 1009; x_wconf 86' lang='lat' dir='ltr'>terminos</span> <span class='ocrx_word' id='word_1_62' title='bbox 584 960 843 1008; x_wconf 86' lang='lat' dir='ltr'>consuetos</span> <span class='ocrx_word' id='word_1_63' title='bbox 875 988 886 997; x_wconf 91' lang='lat'><strong>·</strong></span> <span class='ocrx_word' id='word_1_64' title='bbox 922 963 953 1006; x_wconf 88' lang='lat'><strong>4</strong></span> <span class='ocrx_word' id='word_1_65' title='bbox 980 958 1283 1008; x_wconf 88' lang='lat' dir='ltr'>Nouembris</span> <span class='ocrx_word' id='word_1_66' title='bbox 1310 959 1457 1013; x_wconf 80' lang='lat'><strong>1527.</strong></span> 
     </span>
    </p>
   </div>
   <div class='ocr_carea' id='block_1_9' title="bbox 230 1218 2299 1572">
    <p class='ocr_par' dir='ltr' id='par_1_9' title="bbox 230 1218 2299 1572">
     <span class='ocr_line' id='line_1_14' title="bbox 232 1218 2297 1305; baseline -0.001 -16"><span class='ocrx_word' id='word_1_67' title='bbox 232 1218 384 1289; x_wconf 79' lang='lat' dir='ltr'>Idem</span> <span class='ocrx_word' id='word_1_68' title='bbox 434 1242 685 1305; x_wconf 84' lang='lat' dir='ltr'>presentat</span> <span class='ocrx_word' id='word_1_69' title='bbox 734 1240 1023 1305; x_wconf 84' lang='lat' dir='ltr'>magistrum</span> <span class='ocrx_word' id='word_1_70' title='bbox 1059 1238 1231 1289; x_wconf 83' lang='lat' dir='ltr'>Dauid</span> <span class='ocrx_word' id='word_1_71' title='bbox 1265 1237 1584 1304; x_wconf 85' lang='lat' dir='ltr'>Halyborton</span> <span class='ocrx_word' id='word_1_72' title='bbox 1621 1239 1686 1287; x_wconf 85' lang='lat' dir='ltr'>ad</span> <span class='ocrx_word' id='word_1_73' title='bbox 1722 1239 1959 1288; x_wconf 84' lang='lat' dir='ltr'>vicariam</span> <span class='ocrx_word' id='word_1_74' title='bbox 2004 1248 2297 1304; x_wconf 88' lang='lat' dir='ltr'>perpetuam</span> 
     </span>
     <span class='ocr_line' id='line_1_15' title="bbox 232 1330 2298 1398; baseline -0.001 -17"><span class='ocrx_word' id='word_1_75' title='bbox 232 1331 434 1382; x_wconf 86' lang='lat' dir='ltr'>ecclefie</span> <span class='ocrx_word' id='word_1_76' title='bbox 471 1332 773 1398; x_wconf 79' lang='lat' dir='ltr'>parochIalis</span> <span class='ocrx_word' id='word_1_77' title='bbox 807 1333 868 1381; x_wconf 91' lang='lat' dir='ltr'>de</span> <span class='ocrx_word' id='word_1_78' title='bbox 913 1331 1209 1380; x_wconf 90' lang='lat' dir='ltr'>Innerkelor</span> <span class='ocrx_word' id='word_1_79' title='bbox 1246 1330 1603 1381; x_wconf 61' lang='lat' dir='ltr'>Sanctiandree</span> <span class='ocrx_word' id='word_1_80' title='bbox 1640 1330 1846 1380; x_wconf 74' lang='lat' dir='ltr'>diocesis</span> <span class='ocrx_word' id='word_1_81' title='bbox 1879 1349 1990 1381; x_wconf 91' lang='lat' dir='ltr'>cum</span> <span class='ocrx_word' id='word_1_82' title='bbox 2026 1349 2117 1396; x_wconf 90' lang='lat' dir='ltr'>per</span> <span class='ocrx_word' id='word_1_83' title='bbox 2151 1331 2298 1396; x_wconf 82' lang='lat' dir='ltr'>refig-</span> 
     </span>
     <span class='ocr_line' id='line_1_16' title="bbox 230 1423 2299 1490; baseline 0 -17"><span class='ocrx_word' id='word_1_84' title='bbox 230 1426 492 1475; x_wconf 87' lang='lat' dir='ltr'>nacionem</span> <span class='ocrx_word' id='word_1_85' title='bbox 533 1425 723 1474; x_wconf 88' lang='lat' dir='ltr'>domini</span> <span class='ocrx_word' id='word_1_86' title='bbox 757 1425 792 1474; x_wconf 83' lang='lat' dir='ltr'>J</span> <span class='ocrx_word' id='word_1_87' title='bbox 796 1425 1005 1474; x_wconf 85' lang='lat' dir='ltr'>ohannis</span> <span class='ocrx_word' id='word_1_88' title='bbox 1042 1423 1331 1490; x_wconf 86' lang='lat' dir='ltr'>Stewynson</span> <span class='ocrx_word' id='word_1_89' title='bbox 1365 1442 1544 1474; x_wconf 85' lang='lat' dir='ltr'>vacare</span> <span class='ocrx_word' id='word_1_90' title='bbox 1582 1425 1850 1490; x_wconf 85' lang='lat' dir='ltr'>contigerit</span> <span class='ocrx_word' id='word_1_91' title='bbox 1885 1452 1896 1463; x_wconf 91' lang='lat'><strong>·</strong></span> <span class='ocrx_word' id='word_1_92' title='bbox 1933 1425 1961 1479; x_wconf 82' lang='lat'>7</span> <span class='ocrx_word' id='word_1_93' title='bbox 1996 1424 2299 1473; x_wconf 89' lang='lat' dir='ltr'>Nouembris</span> 
     </span>
     <span class='ocr_line' id='line_1_17' title="bbox 234 1519 378 1572; baseline 0.007 -6"><span class='ocrx_word' id='word_1_94' title='bbox 234 1519 378 1572; x_wconf 83' lang='lat'>1527.</span> 
     </span>
    </p>
   </div>
   <div class='ocr_carea' id='block_1_10' title="bbox 228 1770 2323 3152">
    <p class='ocr_par' dir='ltr' id='par_1_10' title="bbox 228 1770 2323 3152">
     <span class='ocr_line' id='line_1_18' title="bbox 230 1770 2299 1859; baseline 0 -17"><span class='ocrx_word' id='word_1_95' title='bbox 230 1770 387 1843; x_wconf 76' lang='lat' dir='ltr'>Idem</span> <span class='ocrx_word' id='word_1_96' title='bbox 434 1810 525 1857; x_wconf 89' lang='lat' dir='ltr'>pro</span> <span class='ocrx_word' id='word_1_97' title='bbox 575 1794 763 1841; x_wconf 87' lang='lat' dir='ltr'>summa</span> <span class='ocrx_word' id='word_1_98' title='bbox 809 1794 1136 1842; x_wconf 87' lang='lat' dir='ltr'>ducentarum</span> <span class='ocrx_word' id='word_1_99' title='bbox 1188 1810 1467 1842; x_wconf 82' lang='lat' dir='ltr'>marcarum</span> <span class='ocrx_word' id='word_1_100' title='bbox 1509 1804 1707 1843; x_wconf 88' lang='lat' dir='ltr'>monete</span> <span class='ocrx_word' id='word_1_101' title='bbox 1759 1794 1933 1844; x_wconf 88' lang='lat' dir='ltr'>Scocie</span> <span class='ocrx_word' id='word_1_102' title='bbox 1982 1795 2164 1843; x_wconf 83' lang='lat' dir='ltr'>affedat</span> <span class='ocrx_word' id='word_1_103' title='bbox 2211 1812 2299 1859; x_wconf 89' lang='lat' dir='ltr'>pro</span> 
     </span>
     <span class='ocr_line' id='line_1_19' title="bbox 228 1866 2301 1952; baseline 0.002 -20"><span class='ocrx_word' id='word_1_104' title='bbox 228 1886 559 1935; x_wconf 88' lang='lat' dir='ltr'>nouendecim</span> <span class='ocrx_word' id='word_1_105' title='bbox 585 1886 729 1935; x_wconf 84' lang='lat' dir='ltr'>annis</span> <span class='ocrx_word' id='word_1_106' title='bbox 754 1886 956 1934; x_wconf 92' lang='lat' dir='ltr'>domino</span> <span class='ocrx_word' id='word_1_107' title='bbox 986 1886 1298 1934; x_wconf 86' lang='lat' dir='ltr'>Allexandro</span> <span class='ocrx_word' id='word_1_108' title='bbox 1324 1886 1507 1935; x_wconf 88' lang='lat' dir='ltr'>Brown</span> <span class='ocrx_word' id='word_1_109' title='bbox 1527 1866 1792 1952; x_wconf 66' lang='lat' dir='ltr'>capellano</span> <span class='ocrx_word' id='word_1_110' title='bbox 1819 1916 1830 1926; x_wconf 89' lang='lat'><strong>·</strong></span> <span class='ocrx_word' id='word_1_111' title='bbox 1855 1888 2061 1936; x_wconf 90' lang='lat' dir='ltr'>Andree</span> <span class='ocrx_word' id='word_1_112' title='bbox 2087 1887 2270 1936; x_wconf 91' lang='lat' dir='ltr'>Brown</span> <span class='ocrx_word' id='word_1_113' title='bbox 2292 1916 2301 1924; x_wconf 94' lang='lat'><strong>·</strong></span> 
     </span>
     <span class='ocr_line' id='line_1_20' title="bbox 230 1977 2300 2046; baseline 0.002 -21"><span class='ocrx_word' id='word_1_114' title='bbox 230 1977 469 2027; x_wconf 83' lang='lat' dir='ltr'>waamie</span> <span class='ocrx_word' id='word_1_115' title='bbox 518 1978 671 2044; x_wconf 83' lang='lat' dir='ltr'>Rynd</span> <span class='ocrx_word' id='word_1_116' title='bbox 719 1978 889 2044; x_wconf 91' lang='lat' dir='ltr'>sponse</span> <span class='ocrx_word' id='word_1_117' title='bbox 938 1978 1056 2028; x_wconf 57' lang='lat' dir='ltr'>dicei</span> <span class='ocrx_word' id='word_1_118' title='bbox 1105 1979 1312 2028; x_wconf 90' lang='lat' dir='ltr'>Andree</span> <span class='ocrx_word' id='word_1_119' title='bbox 1362 2009 1371 2018; x_wconf 93' lang='lat'><strong>·</strong></span> <span class='ocrx_word' id='word_1_120' title='bbox 1427 1979 1680 2046; x_wconf 90' lang='lat' dir='ltr'>[Andree]</span> <span class='ocrx_word' id='word_1_121' title='bbox 1733 1980 1916 2029; x_wconf 89' lang='lat' dir='ltr'>Brown</span> <span class='ocrx_word' id='word_1_122' title='bbox 1964 1981 2150 2030; x_wconf 89' lang='lat' dir='ltr'>iuniori</span> <span class='ocrx_word' id='word_1_123' title='bbox 2192 2009 2201 2019; x_wconf 90' lang='lat'><strong>·</strong></span> <span class='ocrx_word' id='word_1_124' title='bbox 2251 1990 2300 2029; x_wconf 86' lang='lat' dir='ltr'>et</span> 
     </span>
     <span class='ocr_line' id='line_1_21' title="bbox 229 2071 2323 2138; baseline 0.001 -19"><span class='ocrx_word' id='word_1_125' title='bbox 229 2071 453 2120; x_wconf 85' lang='lat' dir='ltr'>Johanni</span> <span class='ocrx_word' id='word_1_126' title='bbox 489 2071 672 2120; x_wconf 90' lang='lat' dir='ltr'>Brown</span> <span class='ocrx_word' id='word_1_127' title='bbox 716 2071 818 2120; x_wconf 88' lang='lat' dir='ltr'>filio</span> <span class='ocrx_word' id='word_1_128' title='bbox 857 2071 1106 2120; x_wconf 86' lang='lat' dir='ltr'>Johannis</span> <span class='ocrx_word' id='word_1_129' title='bbox 1146 2072 1330 2120; x_wconf 91' lang='lat' dir='ltr'>Brown</span> <span class='ocrx_word' id='word_1_130' title='bbox 1361 2072 1413 2120; x_wconf 90' lang='lat' dir='ltr'>in</span> <span class='ocrx_word' id='word_1_131' title='bbox 1439 2072 1725 2138; x_wconf 84' lang='lat' dir='ltr'>Wardmyll</span> <span class='ocrx_word' id='word_1_132' title='bbox 1768 2102 1778 2113; x_wconf 90' lang='lat'><strong>·</strong></span> <span class='ocrx_word' id='word_1_133' title='bbox 1818 2071 2069 2138; x_wconf 83' lang='lat' dir='ltr'>affignatis</span> <span class='ocrx_word' id='word_1_134' title='bbox 2106 2083 2155 2122; x_wconf 89' lang='lat' dir='ltr'>et</span> <span class='ocrx_word' id='word_1_135' title='bbox 2193 2074 2323 2121; x_wconf 81' lang='lat' dir='ltr'>1&#39;ub--·</span> 
     </span>
     <span class='ocr_line' id='line_1_22' title="bbox 230 2164 2298 2229; baseline 0.001 -17"><span class='ocrx_word' id='word_1_136' title='bbox 230 2165 513 2213; x_wconf 86' lang='lat' dir='ltr'>tenentibus</span> <span class='ocrx_word' id='word_1_137' title='bbox 557 2181 659 2213; x_wconf 90' lang='lat' dir='ltr'>non</span> <span class='ocrx_word' id='word_1_138' title='bbox 707 2165 910 2214; x_wconf 84' lang='lat' dir='ltr'>maioris</span> <span class='ocrx_word' id='word_1_139' title='bbox 956 2165 1109 2215; x_wconf 84' lang='lat' dir='ltr'>status</span> <span class='ocrx_word' id='word_1_140' title='bbox 1151 2173 1310 2214; x_wconf 85' lang='lat' dir='ltr'>terras</span> <span class='ocrx_word' id='word_1_141' title='bbox 1351 2164 1467 2213; x_wconf 87' lang='lat' dir='ltr'>ville</span> <span class='ocrx_word' id='word_1_142' title='bbox 1513 2165 1575 2213; x_wconf 94' lang='lat' dir='ltr'>de</span> <span class='ocrx_word' id='word_1_143' title='bbox 1621 2164 1824 2229; x_wconf 88' lang='lat' dir='ltr'>Carnye</span> <span class='ocrx_word' id='word_1_144' title='bbox 1873 2174 1922 2214; x_wconf 86' lang='lat' dir='ltr'>et</span> <span class='ocrx_word' id='word_1_145' title='bbox 1970 2173 2154 2214; x_wconf 85' lang='lat' dir='ltr'>terram</span> <span class='ocrx_word' id='word_1_146' title='bbox 2203 2184 2298 2229; x_wconf 88' lang='lat' dir='ltr'>que</span> 
     </span>
     <span class='ocr_line' id='line_1_23' title="bbox 230 2256 2298 2323; baseline 0.001 -20"><span class='ocrx_word' id='word_1_147' title='bbox 230 2265 438 2306; x_wconf 83' lang='lat' dir='ltr'>vocatur</span> <span class='ocrx_word' id='word_1_148' title='bbox 462 2264 599 2305; x_wconf 86' lang='lat' dir='ltr'>terra</span> <span class='ocrx_word' id='word_1_149' title='bbox 630 2257 819 2306; x_wconf 81' lang='lat' dir='ltr'>fabrice</span> <span class='ocrx_word' id='word_1_150' title='bbox 853 2258 1102 2306; x_wconf 88' lang='lat' dir='ltr'>iacentem</span> <span class='ocrx_word' id='word_1_151' title='bbox 1141 2274 1296 2322; x_wconf 91' lang='lat' dir='ltr'>prope</span> <span class='ocrx_word' id='word_1_152' title='bbox 1336 2256 1538 2323; x_wconf 88' lang='lat' dir='ltr'>Carnye</span> <span class='ocrx_word' id='word_1_153' title='bbox 1576 2265 1625 2305; x_wconf 85' lang='lat' dir='ltr'>et</span> <span class='ocrx_word' id='word_1_154' title='bbox 1661 2265 1846 2306; x_wconf 82' lang='lat' dir='ltr'>terram</span> <span class='ocrx_word' id='word_1_155' title='bbox 1878 2259 2044 2307; x_wconf 84' lang='lat' dir='ltr'>subtus</span> <span class='ocrx_word' id='word_1_156' title='bbox 2079 2257 2298 2306; x_wconf 86' lang='lat' dir='ltr'>Lamlaw</span> 
     </span>
     <span class='ocr_line' id='line_1_24' title="bbox 230 2348 2298 2416; baseline 0.001 -19"><span class='ocrx_word' id='word_1_157' title='bbox 230 2358 372 2398; x_wconf 85' lang='lat' dir='ltr'>extra</span> <span class='ocrx_word' id='word_1_158' title='bbox 392 2348 617 2398; x_wconf 83' lang='lat' dir='ltr'>Vardam</span> <span class='ocrx_word' id='word_1_159' title='bbox 655 2349 942 2399; x_wconf 88' lang='lat' dir='ltr'>monasterii</span> <span class='ocrx_word' id='word_1_160' title='bbox 975 2380 985 2389; x_wconf 91' lang='lat'><strong>·</strong></span> <span class='ocrx_word' id='word_1_161' title='bbox 1024 2350 1303 2399; x_wconf 87' lang='lat' dir='ltr'>Reddendo</span> <span class='ocrx_word' id='word_1_162' title='bbox 1335 2367 1428 2415; x_wconf 91' lang='lat' dir='ltr'>pro</span> <span class='ocrx_word' id='word_1_163' title='bbox 1453 2350 1601 2399; x_wconf 86' lang='lat' dir='ltr'>terris</span> <span class='ocrx_word' id='word_1_164' title='bbox 1628 2351 1689 2399; x_wconf 91' lang='lat' dir='ltr'>de</span> <span class='ocrx_word' id='word_1_165' title='bbox 1717 2349 1919 2416; x_wconf 82' lang='lat' dir='ltr'>Carnye</span> <span class='ocrx_word' id='word_1_166' title='bbox 1953 2351 2198 2400; x_wconf 83' lang='lat' dir='ltr'>monacho</span> <span class='ocrx_word' id='word_1_167' title='bbox 2236 2353 2298 2399; x_wconf 90' lang='lat' dir='ltr'>de</span> 
     </span>
     <span class='ocr_line' id='line_1_25' title="bbox 230 2442 2296 2508; baseline 0.002 -20"><span class='ocrx_word' id='word_1_168' title='bbox 230 2442 479 2490; x_wconf 91' lang='lat' dir='ltr'>communi</span> <span class='ocrx_word' id='word_1_169' title='bbox 505 2443 736 2491; x_wconf 88' lang='lat' dir='ltr'>vndecim</span> <span class='ocrx_word' id='word_1_170' title='bbox 768 2443 921 2491; x_wconf 86' lang='lat' dir='ltr'>libras</span> <span class='ocrx_word' id='word_1_171' title='bbox 958 2445 1040 2491; x_wconf 84' lang='lat' dir='ltr'>sex</span> <span class='ocrx_word' id='word_1_172' title='bbox 1075 2443 1256 2491; x_wconf 87' lang='lat' dir='ltr'>solidos</span> <span class='ocrx_word' id='word_1_173' title='bbox 1287 2451 1336 2491; x_wconf 81' lang='lat' dir='ltr'>et</span> <span class='ocrx_word' id='word_1_174' title='bbox 1371 2446 1482 2492; x_wconf 64' lang='lat'>0820</span> <span class='ocrx_word' id='word_1_175' title='bbox 1517 2443 1750 2491; x_wconf 86' lang='lat' dir='ltr'>denarios</span> <span class='ocrx_word' id='word_1_176' title='bbox 1787 2471 1798 2481; x_wconf 92' lang='lat'><em>·</em></span> <span class='ocrx_word' id='word_1_177' title='bbox 1834 2461 1925 2508; x_wconf 91' lang='lat' dir='ltr'>pro</span> <span class='ocrx_word' id='word_1_178' title='bbox 1951 2451 2087 2492; x_wconf 85' lang='lat' dir='ltr'>terra</span> <span class='ocrx_word' id='word_1_179' title='bbox 2110 2444 2296 2492; x_wconf 83' lang='lat' dir='ltr'>fabrice</span> 
     </span>
     <span class='ocr_line' id='line_1_26' title="bbox 228 2534 2295 2586; baseline 0.001 -4"><span class='ocrx_word' id='word_1_180' title='bbox 228 2542 330 2582; x_wconf 83' lang='lat' dir='ltr'>tres</span> <span class='ocrx_word' id='word_1_181' title='bbox 367 2534 548 2583; x_wconf 86' lang='lat' dir='ltr'>solidos</span> <span class='ocrx_word' id='word_1_182' title='bbox 572 2535 817 2583; x_wconf 85' lang='lat' dir='ltr'>monacho</span> <span class='ocrx_word' id='word_1_183' title='bbox 861 2536 922 2584; x_wconf 92' lang='lat' dir='ltr'>de</span> <span class='ocrx_word' id='word_1_184' title='bbox 960 2535 1166 2583; x_wconf 86' lang='lat' dir='ltr'>librario</span> <span class='ocrx_word' id='word_1_185' title='bbox 1200 2544 1398 2584; x_wconf 89' lang='lat' dir='ltr'>monete</span> <span class='ocrx_word' id='word_1_186' title='bbox 1438 2535 1614 2586; x_wconf 87' lang='lat' dir='ltr'>Scocie</span> <span class='ocrx_word' id='word_1_187' title='bbox 1640 2537 1706 2584; x_wconf 86' lang='lat' dir='ltr'>ad</span> <span class='ocrx_word' id='word_1_188' title='bbox 1735 2536 1974 2584; x_wconf 87' lang='lat' dir='ltr'>terminos</span> <span class='ocrx_word' id='word_1_189' title='bbox 2008 2538 2295 2586; x_wconf 87' lang='lat' dir='ltr'>consuetos·</span> 
     </span>
     <span class='ocr_line' id='line_1_27' title="bbox 230 2627 2296 2691; baseline 0.001 -17"><span class='ocrx_word' id='word_1_190' title='bbox 230 2635 279 2675; x_wconf 89' lang='lat' dir='ltr'>et</span> <span class='ocrx_word' id='word_1_191' title='bbox 303 2644 394 2691; x_wconf 92' lang='lat' dir='ltr'>pro</span> <span class='ocrx_word' id='word_1_192' title='bbox 426 2627 575 2676; x_wconf 87' lang='lat' dir='ltr'>terris</span> <span class='ocrx_word' id='word_1_193' title='bbox 607 2627 775 2676; x_wconf 87' lang='lat' dir='ltr'>subtus</span> <span class='ocrx_word' id='word_1_194' title='bbox 809 2627 1029 2677; x_wconf 84' lang='lat' dir='ltr'>Lamlaw</span> <span class='ocrx_word' id='word_1_195' title='bbox 1067 2637 1210 2677; x_wconf 85' lang='lat' dir='ltr'>extra</span> <span class='ocrx_word' id='word_1_196' title='bbox 1242 2628 1464 2677; x_wconf 84' lang='lat' dir='ltr'>Vardam</span> <span class='ocrx_word' id='word_1_197' title='bbox 1501 2629 1624 2677; x_wconf 84' lang='lat' dir='ltr'>duas</span> <span class='ocrx_word' id='word_1_198' title='bbox 1657 2628 1813 2677; x_wconf 84' lang='lat' dir='ltr'>bollas</span> <span class='ocrx_word' id='word_1_199' title='bbox 1844 2628 2004 2677; x_wconf 87' lang='lat' dir='ltr'>farine</span> <span class='ocrx_word' id='word_1_200' title='bbox 2038 2629 2296 2677; x_wconf 87' lang='lat' dir='ltr'>auenatice</span> 
     </span>
     <span class='ocr_line' id='line_1_28' title="bbox 229 2719 2296 2786; baseline 0.001 -20"><span class='ocrx_word' id='word_1_201' title='bbox 229 2719 456 2767; x_wconf 91' lang='lat' dir='ltr'>mensure</span> <span class='ocrx_word' id='word_1_202' title='bbox 498 2719 594 2767; x_wconf 89' lang='lat' dir='ltr'>fori</span> <span class='ocrx_word' id='word_1_203' title='bbox 635 2720 881 2769; x_wconf 88' lang='lat' dir='ltr'>currentis</span> <span class='ocrx_word' id='word_1_204' title='bbox 917 2721 981 2768; x_wconf 85' lang='lat' dir='ltr'>ad</span> <span class='ocrx_word' id='word_1_205' title='bbox 1020 2721 1259 2769; x_wconf 87' lang='lat' dir='ltr'>terminos</span> <span class='ocrx_word' id='word_1_206' title='bbox 1302 2720 1534 2768; x_wconf 65' lang='lat' dir='ltr'>victualia</span> <span class='ocrx_word' id='word_1_207' title='bbox 1572 2720 1797 2769; x_wconf 88' lang='lat' dir='ltr'>soluendi</span> <span class='ocrx_word' id='word_1_208' title='bbox 1846 2752 1856 2761; x_wconf 87' lang='lat'><strong>·</strong></span> <span class='ocrx_word' id='word_1_209' title='bbox 1909 2738 2021 2769; x_wconf 89' lang='lat' dir='ltr'>cum</span> <span class='ocrx_word' id='word_1_210' title='bbox 2068 2730 2296 2786; x_wconf 82' lang='lat' dir='ltr'>rynmart</span> 
     </span>
     <span class='ocr_line' id='line_1_29' title="bbox 233 2811 2295 2876; baseline 0.001 -17"><span class='ocrx_word' id='word_1_211' title='bbox 233 2812 435 2876; x_wconf 89' lang='lat' dir='ltr'>weddyr</span> <span class='ocrx_word' id='word_1_212' title='bbox 476 2820 526 2860; x_wconf 89' lang='lat' dir='ltr'>et</span> <span class='ocrx_word' id='word_1_213' title='bbox 564 2811 675 2859; x_wconf 85' lang='lat' dir='ltr'>aliis</span> <span class='ocrx_word' id='word_1_214' title='bbox 717 2812 1087 2861; x_wconf 75' lang='lat' dir='ltr'>husbandorum</span> <span class='ocrx_word' id='word_1_215' title='bbox 1130 2813 1362 2862; x_wconf 87' lang='lat' dir='ltr'>oneribus</span> <span class='ocrx_word' id='word_1_216' title='bbox 1412 2840 1421 2850; x_wconf 91' lang='lat'><strong>·</strong></span> <span class='ocrx_word' id='word_1_217' title='bbox 1466 2821 1515 2861; x_wconf 91' lang='lat' dir='ltr'>et</span> <span class='ocrx_word' id='word_1_218' title='bbox 1560 2814 1806 2863; x_wconf 91' lang='lat' dir='ltr'>veniendo</span> <span class='ocrx_word' id='word_1_219' title='bbox 1853 2816 1916 2864; x_wconf 84' lang='lat' dir='ltr'>ad</span> <span class='ocrx_word' id='word_1_220' title='bbox 1957 2815 2295 2864; x_wconf 90' lang='lat' dir='ltr'>molendinum</span> 
     </span>
     <span class='ocr_line' id='line_1_30' title="bbox 230 2903 2295 2971; baseline 0.001 -19"><span class='ocrx_word' id='word_1_221' title='bbox 230 2903 423 2953; x_wconf 85' lang='lat' dir='ltr'>Vardie</span> <span class='ocrx_word' id='word_1_222' title='bbox 456 2905 520 2953; x_wconf 84' lang='lat' dir='ltr'>ad</span> <span class='ocrx_word' id='word_1_223' title='bbox 540 2904 836 2953; x_wconf 88' lang='lat' dir='ltr'>molendum</span> <span class='ocrx_word' id='word_1_224' title='bbox 873 2913 1032 2954; x_wconf 88' lang='lat' dir='ltr'>totum</span> <span class='ocrx_word' id='word_1_225' title='bbox 1066 2923 1276 2971; x_wconf 86' lang='lat' dir='ltr'>granum</span> <span class='ocrx_word' id='word_1_226' title='bbox 1315 2906 1454 2954; x_wconf 91' lang='lat' dir='ltr'>suum</span> <span class='ocrx_word' id='word_1_227' title='bbox 1487 2914 1730 2970; x_wconf 84' lang='lat' dir='ltr'>quantum</span> <span class='ocrx_word' id='word_1_228' title='bbox 1755 2907 2005 2955; x_wconf 88' lang='lat' dir='ltr'>voluerint</span> <span class='ocrx_word' id='word_1_229' title='bbox 2040 2908 2295 2955; x_wconf 90' lang='lat' dir='ltr'>reddendo</span> 
     </span>
     <span class='ocr_line' id='line_1_31' title="bbox 230 2995 2294 3063; baseline 0.001 -20"><span class='ocrx_word' id='word_1_230' title='bbox 230 2995 515 3044; x_wconf 90' lang='lat' dir='ltr'>molendino</span> <span class='ocrx_word' id='word_1_231' title='bbox 558 3005 659 3045; x_wconf 87' lang='lat' dir='ltr'>tres</span> <span class='ocrx_word' id='word_1_232' title='bbox 699 2996 889 3045; x_wconf 86' lang='lat' dir='ltr'>firlotas</span> <span class='ocrx_word' id='word_1_233' title='bbox 929 2998 991 3045; x_wconf 92' lang='lat' dir='ltr'>de</span> <span class='ocrx_word' id='word_1_234' title='bbox 1034 2997 1256 3061; x_wconf 85' lang='lat' dir='ltr'>qualibet</span> <span class='ocrx_word' id='word_1_235' title='bbox 1296 2998 1467 3046; x_wconf 88' lang='lat' dir='ltr'>celdra</span> <span class='ocrx_word' id='word_1_236' title='bbox 1503 3006 1698 3047; x_wconf 83' lang='lat' dir='ltr'>tantum</span> <span class='ocrx_word' id='word_1_237' title='bbox 1737 2999 1854 3047; x_wconf 91' lang='lat' dir='ltr'>licet</span> <span class='ocrx_word' id='word_1_238' title='bbox 1895 3007 2051 3048; x_wconf 85' lang='lat' dir='ltr'>totum</span> <span class='ocrx_word' id='word_1_239' title='bbox 2083 3016 2294 3063; x_wconf 83' lang='lat' dir='ltr'>granum</span> 
     </span>
     <span class='ocr_line' id='line_1_32' title="bbox 233 3087 1637 3152; baseline 0.002 -17"><span class='ocrx_word' id='word_1_240' title='bbox 233 3087 295 3135; x_wconf 86' lang='lat' dir='ltr'>ad</span> <span class='ocrx_word' id='word_1_241' title='bbox 315 3088 529 3152; x_wconf 88' lang='lat' dir='ltr'>burgum</span> <span class='ocrx_word' id='word_1_242' title='bbox 555 3089 870 3152; x_wconf 86' lang='lat' dir='ltr'>deportatum</span> <span class='ocrx_word' id='word_1_243' title='bbox 897 3089 1049 3137; x_wconf 84' lang='lat' dir='ltr'>fuerit</span> <span class='ocrx_word' id='word_1_244' title='bbox 1070 3115 1081 3126; x_wconf 91' lang='lat'><strong>·</strong></span> <span class='ocrx_word' id='word_1_245' title='bbox 1105 3094 1137 3142; x_wconf 88' lang='grc'>9</span> <span class='ocrx_word' id='word_1_246' title='bbox 1164 3088 1466 3138; x_wconf 83' lang='lat' dir='ltr'>Nouembris</span> <span class='ocrx_word' id='word_1_247' title='bbox 1495 3090 1637 3143; x_wconf 80' lang='lat'>1527.</span> 
     </span>
    </p>
   </div>
   <div class='ocr_carea' id='block_1_11' title="bbox 1183 3276 1269 3320">
    <p class='ocr_par' dir='ltr' id='par_1_11' title="bbox 1183 3276 1269 3320">
     <span class='ocr_line' id='line_1_33' title="bbox 1183 3276 1269 3320; baseline 0.023 -2"><span class='ocrx_word' id='word_1_248' title='bbox 1183 3276 1269 3320; x_wconf 89' lang='lat'>30</span> 
     </span>
    </p>
   </div>
  </div>
 </body>
</html>
