2762 3834
412 1142 473 1189 64

532 348 597 397 60
973 343 1399 396 REGISTRUM
1433 340 1530 390 DE
1567 337 2129 389 ABERBROTHOC.

531 495 682 545 penes
711 479 957 544 prefatum
981 477 1288 526 Willelmum
1311 472 1590 526 remanenti
1615 486 1875 519 commune
1901 470 2110 536 figillum
2137 472 2341 537 capituli
2375 514 2384 523 ,
2423 514 2431 522 ,
2470 513 2479 522 ,
2514 475 2584 522 est

531 572 796 638 appensum
838 600 848 611 ·
891 587 1006 635 pars
1026 586 1148 628 ‚vero
1183 583 1335 632 penes
1377 603 1387 613 .
1430 604 1439 613 .
1484 603 1492 612 .
1537 563 1765 612 abbatem
1804 601 1817 621 .,
1961 564 2249 614 remansura
2272 567 2427 630 figillo
2467 607 2475 616 .
2520 607 2528 615 .
2574 606 2582 615 .

531 662 771 713 Willelmi
795 667 1017 718 remanet
1043 659 1325 723 confignata
1360 683 1370 694 ·
1401 656 1590 704 Datum
1628 690 1652 712 .„
1677 694 1686 702 .
1725 694 1734 703 .
1768 671 1899 703 anno
1925 655 2005 704 die
2031 657 2195 711 mense
2220 658 2397 722 quibus
2421 660 2583 725 supra.

528 924 810 996 Affedacio
835 950 1079 990 terrarum
1104 939 1165 987 de
1191 937 1492 1001 Innercany.

527 1110 802 1182 Uniuerfis
839 1167 847 1176 .
894 1166 903 1175 .
945 1166 954 1175 .
991 1125 1193 1175 ecclefie
1223 1123 1380 1191 [filiis]
1425 1163 1433 1171 .
1478 1162 1487 1171 .
1532 1162 1541 1171 .
1577 1123 1834 1173 Walterus
1860 1164 1870 1173 .
1913 1163 1923 1173 .
1968 1164 1977 1173 .
2016 1125 2168 1175 abbas
2204 1167 2212 1175 .
2259 1166 2268 1174 .
2313 1166 2321 1174 .
2354 1128 2414 1175 de
2441 1128 2588 1175 Abir-

528 1222 733 1271 brothoc
765 1261 774 1269 .
815 1259 824 1268 .
867 1259 875 1268 .
910 1219 1114 1267 salutem
1151 1256 1160 1265 .
1199 1256 1208 1266 .
1248 1255 1257 1265 .
1293 1215 1510 1264 Nouerit
1532 1216 1824 1266 vniuerfitas
1849 1217 2013 1267 vestra
2038 1236 2126 1267 nos
2159 1258 2169 1268 .
2212 1258 2222 1267 .
2262 1260 2270 1268 .
2309 1223 2369 1269 ad
2394 1220 2598 1269 firmam

529 1313 749 1363 dimififfe
776 1311 1028 1361 Willelmo
1054 1311 1115 1358 de
1143 1308 1425 1357 Mediltoun
1466 1325 1558 1372 pro
1598 1316 1702 1357 toto
1742 1317 1966 1375 tempore
1998 1311 2098 1360 vite
2133 1313 2216 1360 sue
2260 1352 2268 1360 .
2319 1353 2326 1360 .
2377 1352 2385 1360 .
2431 1320 2589 1361 terras

528 1406 718 1455 nostras
745 1407 805 1454 de
831 1403 1121 1469 Innerkany
1160 1441 1169 1452 .
1220 1442 1229 1451 .
1279 1441 1289 1451 .
1324 1418 1538 1450 vnacum
1574 1402 1861 1451 molendino
1887 1411 1936 1452 et
1962 1404 2166 1452 decimis
2198 1405 2396 1453 illarum
2435 1435 2444 1445 ·
2486 1405 2590 1454 Sol-

528 1500 690 1548 uendo
727 1499 841 1546 inde
874 1496 1129 1545 annuatim
1177 1534 1185 1543 .
1237 1533 1247 1543 .
1298 1535 1305 1543 .
1354 1494 1461 1541 iiii⁰r
1491 1494 1644 1544 libras
1683 1495 1859 1544 vsualis
1894 1498 2274 1563 moneteregni
2315 1498 2590 1548 Scocie'ad

528 1593 649 1640 duos
674 1591 792 1639 anni
817 1590 1055 1639 terminos
1086 1629 1094 1637 .
1129 1626 1139 1636 .
1174 1628 1182 1636 .
1214 1587 1280 1636 Et
1305 1586 1463 1635 eciam
1489 1586 1732 1636 custodiet
1756 1587 1986 1637 forestam
2011 1589 2229 1637 nostram
2250 1590 2311 1638 de
2333 1589 2557 1638 Trostow
2579 1620 2588 1629 ·

527 1684 592 1733 Et
628 1684 659 1731 fi
696 1682 962 1748 contigerit
1002 1719 1012 1730 .
1054 1719 1064 1729 .
1106 1717 1116 1729 .
1159 1680 1255 1747 [in]
1296 1680 1520 1729 custodia
1555 1678 1684 1728 difflac
1719 1678 1899 1728 foreste
1933 1680 2270 1745 negligentem
2308 1682 2401 1731 effe
2426 1683 2506 1731 vel
2540 1682 2593 1730 in

529 1777 694 1840 aliquo
720 1775 1008 1839 delinquere
1034 1774 1097 1822 ad
1121 1773 1338 1822 nostram
1374 1772 1732 1822 correctionem
1766 1811 1775 1821 .
1813 1810 1823 1823 .
1857 1812 1866 1821 .
1901 1772 1947 1825 se
1981 1773 2237 1823 submittet
2267 1796 2322 1823 .;.
2356 1775 2458 1824 ‚Et
2537 1816 2546 1825 .
2582 1816 2590 1823 .

530 1869 687 1917 eciam
725 1906 734 1916 .
779 1908 788 1916 .
832 1906 840 1915 .
879 1868 942 1915 ad
967 1866 1130 1915 curias
1153 1873 1202 1915 et
1224 1865 1412 1930 placita
1449 1905 1458 1914 .
1497 1904 1507 1914 .
1546 1904 1555 1913 .
1594 1864 1787 1915 abbatis
1822 1865 2390 1916 faciendocommunem
2415 1868 2588 1917 senstam

531 1960 834 2025 comparebit
877 1988 886 1997 ·
930 1958 996 2008 Et
1028 1958 1264 2023 quociens
1297 1998 1305 2007 .
1342 1998 1354 2009 .,
1392 1998 1399 2007 .
1434 1957 1743 2022 premonitus
1778 1957 1930 2008 fuerit
1951 1958 2213 2009 -laborabit
2249 1959 2452 2009 honeste
2487 1999 2501 2010 .,
2537 2002 2545 2010 .
2582 2001 2590 2009 .

532 2069 642 2101 cum
679 2052 856 2100 abbate
895 2050 974 2100 vel
1009 2051 1112 2114 ejus
1151 2050 1399 2100 officiariis
1442 2049 1686 2114 capiendo
1727 2050 1774 2099 le
1812 2051 1987 2102 bowch
2030 2052 2092 2101 de
2135 2053 2275 2101 curia
2315 2063 2464 2117 prout
2507 2054 2591 2102 alii

534 2145 594 2193 de
633 2142 985 2192 consuetudine
1024 2142 1228 2207 capiunt
1267 2181 1276 2190 .
1321 2181 1330 2190 .
1375 2181 1384 2190 .
1425 2149 1474 2194 et
1510 2143 1666 2194 eciam
1703 2143 2282 2195 subibitomniaz‘onera
2315 2145 2593 2194 busbando-

534 2253 643 2284 rum
680 2235 848 2284 debita
885 2241 935 2284 et
971 2235 1207 2284 consueta
1242 2264 1254 2285 ‚-
1297 2234 1536 2285 Preterea
1570 2235 1607 2284 fi
1806 2236 1859 2284 in
1895 2236 2147 2285 solucione
2183 2238 2324 2286 firme
2373 2239 2603 2287 etdeci—

536 2346 723 2377 marum
760 2328 931 2377 tardus
966 2327 1121 2381 fuerit>
1141 2335 1226 2381 aut
1264 2327 1388 2376 male
1424 2327 1711 2392 persoluens
1744 2335 1829 2376 aut
1854 2328 1996 2379 nobis
2023 2329 2104 2378 vel
2137 2329 2317 2379 nostris
2347 2331 2596 2379 officiarii-s

670 2459 681 2469 .
731 2421 815 2468 seu
870 2420 1049 2469 nostris
1105 2420 1372 2487 husbandis
1423 2459 1431 2469 .
1484 2459 1512 2470 .,
1543 2460 1568 2469 ..
1602 2419 1867 2473 iniuriosus
1913 2461 1922 2469 .
1967 2461 1976 2469 .
2021 2461 2031 2470 .
2082 2422 2233 2471 fuerit
2271 2462 2280 2470 .
2427 2423 2595 2472 licebit

539 2512 680 2560 nobis
717 2549 728 2560 .
767 2548 777 2559 .
819 2549 829 2560 .
862 2512 923 2561 de
946 2511 1126 2559 eisdem
1151 2512 1308 2565 terris>
1329 2540 1341 2560 2.
1379 2551 1387 2560 .
1427 2551 1436 2560 .
1468 2512 1729 2577 disponere
1754 2530 1844 2579 pro
1868 2513 2012 2563 libito
2044 2552 2054 2563 .
2096 2553 2104 2562 .
2147 2515 2452 2563 .voluntatis
2489 2555 2497 2564 .
2538 2556 2546 2564 .
2586 2558 2595 2566 .

542 2603 608 2652 Et
632 2603 787 2652 eciam
812 2604 1063 2668 prediRus
1087 2603 1368 2653 Willelmus
1393 2604 1616 2654 inueniet
1640 2605 1857 2656 nobisfet
1881 2603 2061 2654 nostris
2087 2623 2197 2655 cum
2225 2607 2286 2654 ad
2308 2607 2596 2671 >predictam

544 2704 728 2744 terram
750 2695 1030 2744 venerimus
1059 2694 1448 2759 ⁴hospitalitatem
1484 2695 1753 2748 honestam,
1787 2722 1857 2749 ω’.
1906 2737 1930 2747 .,
1965 2702 2076 2747 cum
2102 2698 2400 2748 .vtenfilibus
2425 2699 2599 2748 domus

548 2829 556 2837 .
595 2829 604 2837 .
643 2824 654 2835 .
680 2787 791 2837 Nec
814 2786 984 2836 licebit
1007 2787 1167 2835 eidem
1201 2824 1211 2834 .
1249 2824 1260 2836 .
1298 2824 1308 2835 .
1335 2796 1493 2838 terras
1519 2789 1764 2841 alicuim...
1806 2828 1816 2838 .
1845 2791 2045 2840 cetariis
2081 2829 2092 2839 .
2118 2794 2146 2840 '.
2189 2793 2497 2857 exceptis.
2539 2792 2552 2841 .’
2572 2808 2598 2841 ··.

548 2881 823 2932 concedere
866 2916 877 2926 .
926 2915 940 2927 .
989 2916 1000 2927 .
1041 2880 1386 2943 quoquomodo
1411 2879 1511 2929 fine
1535 2880 1706 2931 nostra
1720 2882 1939 2932 licencia
1962 2884 2160 2948 speciali
2199 2922 2209 2932 .
2261 2922 2275 2932 .
2319 2884 2434 2933 .·In
2461 2886 2598 2934 cuius

547 2974 620 3022 rei
646 2971 973 3021 testimonium
1000 2969 1208 3035 sigillum
1234 2988 1491 3023 commune
1517 2974 1840 3037 capituli-etc.
1879 3022 1882 3025 ,
1943 3021 1946 3024 ⁴
