2586 3834
246 2639 469 2683 525..

385 415 480 458 412
836 402 1255 456 REGISTRUM
1290 401 1386 451 DE
1422 397 1978 449 ABERBROTHOC.

383 541 580 590 maioris
628 579 635 587 .
680 578 688 587 .
733 578 741 587 .
781 538 931 586 status
980 574 990 585 .
1037 574 1047 584 .
1094 574 1104 584 .
1154 550 1301 598 quam
1324 532 1423 596 ipse
1466 571 1475 579 .
1521 568 1531 578 .
1580 567 1590 578 .
1636 530 1890 579 dimidiam
1925 538 2114 596 partem
2147 532 2418 580 molendini

381 634 530 681 nostri
558 634 618 680 de
646 630 879 694 Craquhy
908 666 918 677 .
958 666 967 675 .
1009 665 1018 674 .
1058 626 1407 690 quamquidem
1431 622 1680 671 Patricius
1703 621 1833 688 Pyot
1857 623 2131 687 occupabat
2172 660 2182 670 .
2229 660 2238 670 .
2279 658 2286 667 .
2329 640 2418 686 pro

382 724 605 773 terminis
630 720 967 770 nouemdecim
995 733 1236 766 annorum
1265 752 1276 763 .
1311 752 1322 764 .
1358 752 1369 762 .
1400 713 1650 763 Soluendo
1669 713 1785 762 inde
1806 713 2059 761 annuatim
2089 751 2098 760 .
2130 750 2140 760 .
2173 750 2180 759 .
2210 720 2419 777 quatuor

382 815 536 863 bollas
561 813 696 860 ordei
715 819 771 860 'et
794 810 1036 858 sexdecim
1063 808 1219 857 bollas
1253 807 1413 855 farine
1439 805 1661 853 mensure
1686 805 1779 853 fori
1806 805 2051 854 currentis
2077 822 2186 853 cum
2213 805 2419 869 quadra·

381 906 519 969 ginta
535 903 749 951 denariis
777 939 786 949 .
816 939 826 949 .
855 938 866 948 .
894 908 1089 948 monete
1111 899 1283 948 Scocie
1306 915 1398 963 pro
1424 895 1631 945 dimidia
1649 903 1791 961 parte
1812 897 1952 961 porci
1977 906 2027 945 et
2051 898 2130 945 sex
2153 897 2422 961 caponibus

382 1005 428 1044 et
470 995 726 1043 duodecim
768 993 915 1057 pullis
940 992 1138 1041 'adultis
1170 1021 1180 1030 ·
1214 990 1459 1039 Volumus
1501 996 1665 1038 autem
1707 990 1840 1054 quod
1882 990 1999 1038 dieti
2044 1028 2055 1038 .
2103 1028 2113 1037 .
2160 1027 2170 1037 .
2221 998 2423 1038 teneant

446 1125 455 1134 .
507 1125 516 1134 .
558 1086 738 1134 dictam
781 1122 791 1132 .
838 1123 848 1132 .
895 1122 905 1132 .
948 1091 1139 1148 partem
1186 1120 1196 1131 .
1244 1120 1254 1131 .
1299 1121 1309 1131 .
1358 1083 1410 1130 in
1450 1083 1596 1130 modo
1646 1119 1657 1129 .
1713 1119 1723 1129 .
1773 1118 1783 1129 .
1824 1082 2057 1146 sequente
2094 1110 2103 1120 ·
2143 1081 2420 1129 videlicet·

381 1179 513 1241 quod
549 1194 716 1225 omnes
753 1184 977 1225 tenentes
1014 1175 1218 1239 obligati
1254 1176 1318 1223 ad
1361 1212 1371 1222 .
1419 1211 1429 1222 .
1477 1212 1487 1222 .
1530 1173 1869 1221 molendinum
1906 1182 2006 1222 tam
2044 1172 2242 1221 cottarii
2279 1190 2425 1236 quam

381 1269 618 1317 husbandi
658 1268 844 1315 soluent
882 1304 893 1315 .
934 1305 944 1314 .
984 1304 996 1314 .
1033 1266 1318 1314 molendino
1360 1265 1605 1314 decimum
1642 1265 1826 1313 sextum
1866 1282 1951 1313 vas
1992 1265 2151 1313 tocius
2186 1264 2320 1313 bladi
2356 1265 2425 1312 sui

487 1401 494 1408 .
542 1368 589 1408 et
625 1361 685 1408 de
723 1360 856 1407 omni
890 1358 1039 1406 blado
1075 1358 1377 1407 decimarum
1416 1395 1425 1404 .
1464 1395 1472 1403 .
1513 1393 1524 1403 .
1563 1354 1845 1404 vicesimum
1882 1373 2032 1404 vnum
2069 1372 2155 1404 vas
2192 1385 2201 1395 ·
2239 1357 2426 1404 dabunt

382 1453 534 1500 eciam
562 1468 729 1498 omnes
759 1449 998 1498 husbandi
1039 1489 1047 1498 .
1089 1489 1097 1497 .
1138 1489 1147 1498 .
1191 1450 1237 1497 le
1273 1466 1403 1514 ryng
1438 1448 1556 1496 bere
1588 1447 1781 1497 solitum
1807 1455 1857 1495 et
1881 1447 2165 1497 consuetum
2202 1474 2211 1483 ·
2248 1455 2297 1495 et
2321 1448 2427 1511 qui-
2459 1431 2461 1433 .

382 1545 499 1592 libet
541 1543 776 1591 cottarius
814 1542 1001 1591 habens
1049 1542 1266 1606 quinque
1307 1542 1575 1606 perticatas
1615 1550 1747 1590 terre
1795 1541 1950 1590 soluet
1989 1579 1999 1589 .
2039 1579 2049 1588 .
2092 1578 2102 1588 .
2139 1540 2425 1588 molendino

382 1644 480 1683 tres
504 1635 549 1682 le
574 1633 750 1698 pekkis
786 1634 923 1682 ordei
949 1633 1197 1698 wlgariter
1228 1633 1275 1682 le
1311 1650 1441 1699 ryng
1475 1634 1593 1682 bere
1630 1662 1640 1672 ·
1680 1641 1729 1682 et
1759 1632 1795 1680 fi
1826 1633 2055 1681 habuerit
2085 1633 2246 1680 minus
2278 1649 2424 1696 quam

383 1727 597 1789 quinque
639 1725 905 1789 perticatas
952 1724 1106 1773 soluet
1148 1726 1414 1773 secundum
1457 1726 1783 1790 quantitatem
1830 1725 2185 1789 perticatarum
2235 1757 2244 1765 ·
2294 1732 2343 1772 et
2389 1723 2423 1770 fi

384 1825 604 1866 tenentes
630 1816 832 1881 obligati
855 1817 918 1864 ad
943 1817 1124 1864 dictum
1144 1817 1479 1866 molendinum
1499 1834 1600 1865 non
1626 1817 1885 1865 inueniant
1908 1815 2147 1864 sufficiens
2166 1815 2425 1863 seruicium

385 1919 501 1958 tunc
527 1909 872 1957 molendinarii
898 1910 959 1957 de
986 1909 1223 1974 Craquhy
1246 1910 1505 1958 inuenient
1530 1910 1600 1957 eis
1625 1909 1723 1957 alia
1746 1908 2031 1956 molendina
2055 1908 2118 1955 ad
2141 1907 2424 1955 molendum

386 2020 554 2050 eorum
579 2003 725 2050 blada
749 2002 988 2066 capiendo
1014 2002 1279 2050 multuram
1304 2002 1520 2050 debitam
1562 2038 1571 2048 .
1616 2039 1626 2049 .
1669 2038 1679 2048 .
1719 2001 1872 2065 Apud
1915 2040 1923 2048 .
1968 2040 1977 2048 .
2024 2038 2033 2048 .
2075 1998 2423 2047 monasterium

385 2094 709 2142 decimosexto
734 2093 813 2141 die
846 2092 1020 2141 mensis
1043 2093 1302 2142 Februarii
1337 2110 1468 2142 anno
1503 2092 1711 2140 Domini
1745 2090 1999 2139 millefimo
2036 2089 2424 2154 quingentesimo

387 2183 644 2231 vndecimo
670 2192 718 2231 et
740 2184 1119 2232 consecrationis
1143 2184 1308 2232 nostre
1330 2201 1460 2233 anno
1483 2184 1659 2248 primo.

389 2430 679 2516 Kynclune
705 2456 875 2501 octaua
898 2470 1011 2516 pars
1036 2453 1275 2502 affedatur
1295 2455 1548 2503 Willelmo
1571 2455 1755 2520 Peddy.

518 2670 529 2679 .
577 2633 751 2682 Pateat
791 2670 802 2680 .
845 2671 855 2681 .
897 2671 907 2681 .
947 2652 1036 2681 nos
1074 2636 1345 2700 Georgium
1388 2619 1523 2702 [etc]
1571 2675 1581 2685 .
1621 2676 1631 2685 .
1671 2676 1682 2685 .
1732 2638 1955 2687 afl'edafle
2004 2675 2015 2686 .
2066 2674 2077 2685 .
2128 2675 2139 2685 .
2178 2637 2422 2685 Willelmo

394 2723 564 2787 Peddy
604 2732 652 2771 et
698 2724 917 2773 Johanni
963 2726 1136 2790 Peddy
1174 2727 1274 2774 filio
1321 2728 1405 2775 suo
1455 2766 1466 2776 .
1508 2766 1518 2776 .
1558 2766 1569 2777 .
1617 2746 1708 2793 pro
1757 2738 1860 2778 toto
1909 2737 2131 2793 tempore
2165 2729 2263 2777 vite
2310 2767 2319 2776 .
2361 2767 2370 2776 .
2411 2765 2421 2775 .

315 2820 322 2827 '
394 2816 613 2861 octauam
639 2822 828 2877 partem
856 2815 969 2863 ville
1003 2816 1163 2864 nostre
1202 2818 1261 2864 de
1294 2818 1560 2883 Kynclune
1594 2838 1703 2869 cum
1741 2821 1945 2870 decimis
1979 2820 2261 2884 garbalibus
2311 2857 2322 2868 .
2362 2857 2372 2867 .
2412 2857 2422 2867 .

392 2903 595 2951 iacentis
620 2903 670 2950 in
695 2904 899 2951 baronia
923 2906 1088 2953 nostra
1105 2907 1166 2953 de
1192 2907 1532 2971 Kyncoldrum
1570 2939 1580 2950 ·
1618 2911 1965 2975 quamquidem
1997 2948 2008 2958 .
2052 2947 2063 2959 .
2101 2947 2112 2958 .
2145 2909 2424 2958 Willelmus

393 2994 663 3056 occupabat
687 3001 904 3057 tempore
929 2996 1245 3044 confectionis
1268 2976 1572 3060 presencium
1607 3039 1618 3049 .
1659 3039 1670 3050 .
1710 3039 1720 3049 .
1758 3000 2006 3050 Soluendo
2031 2983 2147 3049 inde
2172 3001 2424 3049 annuatim

526 3120 537 3131 .
590 3084 765 3147 viginti
790 3085 1005 3148 quinque
1030 3086 1205 3134 solidos
1258 3127 1266 3135 .
1321 3127 1330 3136 .
1385 3128 1394 3137 .
1448 3101 1644 3140 monete
1684 3092 1857 3141 Scocie
1901 3130 1911 3140 .
1956 3129 1968 3140 .
2011 3130 2020 3139 .
2066 3109 2274 3140 vnacum
2310 3109 2423 3156 ryn-

395 3183 521 3223 mart
556 3176 756 3239 weddyr
792 3193 849 3223 ac
885 3176 1041 3223 aliis.
1095 3214 1105 3224 .
1160 3215 1170 3225 .
1224 3178 1583 3229 husbandorum
1619 3183 1850 3231 oneribus
1901 3221 1911 3230 .
1965 3220 1975 3230 .
2014 3215 2039 3231 ›.
2090 3184 2242 3246 Apud
2293 3222 2300 3230 .
2354 3222 2362 3229 .
2415 3219 2423 3227 .
