2762 3834
25 814 90 859 25

32 2748 95 2797 26

598 407 1030 460 REGISTRUM
1063 408 1162 458 DE
1199 408 1762 460 ABERBROTHOC.
2145 417 2209 459 25

146 611 325 685 Knox
350 641 490 682 carta
513 634 574 683 de
603 650 699 683 vna
722 651 891 683 marca
914 634 1281 700 sterlingorum.

145 793 410 868 Omnibus
461 854 471 865 .
523 854 534 866 .
586 854 597 867 .
648 818 869 867 Thomas
910 819 972 867 de
1015 818 1376 887 Stradeqwhyn
1419 821 1647 870 dominus
1688 823 1750 871 de
1792 822 2024 872 Knokkis
2059 823 2117 872 in
2159 823 2205 872 16

143 908 353 973 Mernys
375 909 580 959 salutem
620 948 631 959 .
672 948 683 959 .
722 948 733 959 .
772 910 989 959 Nouerit
1014 911 1305 961 vniucrfitas
1328 913 1489 962 vestra
1512 930 1591 961 me
1617 930 1707 979 pro
1731 914 1884 964 salute
1909 915 2071 964 anime
2096 933 2204 965 mee

143 1007 193 1048 et
228 1017 319 1065 pro
346 1001 500 1049 salute
525 1002 690 1050 anime
715 1001 933 1051 Mariote
957 1002 1128 1067 sponse
1152 1021 1260 1053 mee
1286 1011 1335 1053 et
1369 1022 1460 1069 pro
1485 1005 1638 1054 salute
1663 1006 1940 1055 animarum
1974 1007 2204 1072 progeni-

143 1100 307 1141 torum
334 1101 383 1142 et
405 1093 645 1142 heredum
672 1111 895 1143 meorum
918 1094 1099 1143 dedisse
1125 1132 1138 1144 .
1173 1133 1184 1144 .
1219 1133 1231 1144 .
1255 1095 1554 1144 monasterio
1577 1096 1743 1146 Sancti
1768 1096 1961 1146 Thome
1985 1098 2203 1147 martiris

143 1186 205 1234 de
230 1186 621 1252 Abyrbrothoch
646 1195 696 1236 et
720 1187 977 1236 monachis
1020 1224 1031 1236 .
1079 1225 1089 1237 .
1136 1225 1147 1236 .
1191 1188 1251 1235 ad
1289 1194 1607 1252 augmentum
1632 1188 1905 1254 specierum
1930 1190 2201 1239 eorundem

145 1317 156 1326 .
194 1316 205 1326 .
239 1317 249 1327 .
277 1297 424 1328 vnam
450 1296 669 1328 marcam
695 1278 1044 1344 sterlingorum
1070 1278 1352 1327 soluendam
1379 1279 1512 1326 omni
1537 1297 1668 1327 anno
1690 1280 2052 1347 imperpetuum
2092 1319 2103 1330 .
2141 1319 2151 1330 .
2190 1320 2200 1330 .

144 1370 205 1418 de
243 1370 399 1418 firmis
435 1371 565 1418 di8ce
605 1378 737 1419 terre
777 1370 839 1417 de
881 1369 1115 1418 Knokkis
1157 1370 1220 1418 ad
1261 1370 1499 1418 terminos
1538 1370 1888 1421 Pentechostes
1935 1381 1985 1422 et
2034 1373 2202 1423 sanai

143 1462 354 1511 Martini
379 1463 431 1510 in
454 1479 597 1527 yeme
622 1479 713 1526 per
732 1461 933 1526 equales
954 1461 1244 1510 medietates
1278 1489 1288 1500 -
1321 1460 1575 1509 Faciendo
1598 1461 1715 1510 inde
1751 1499 1762 1510 .
1798 1500 1808 1511 .
1842 1500 1854 1513 .
1886 1464 2199 1529 participium

143 1554 424 1602 orationum
448 1560 497 1602 et
522 1551 898 1601 elemosinarum
923 1570 981 1601 ac
1004 1553 1375 1602 benefactorum
1399 1553 1609 1602 aliorum
1635 1554 1903 1602 eorundem
1936 1582 1947 1593 ·
1978 1554 2039 1603 In
2065 1555 2202 1604 cuius

143 1647 217 1695 rei
265 1645 603 1695 testimonium
660 1645 878 1710 presenti
926 1653 1063 1694 carte
1107 1663 1216 1695 mee
1261 1644 1473 1710 tigillum
1515 1662 1681 1693 meum
1729 1644 1932 1709 apposui
1984 1673 1994 1684 ·
2048 1654 2097 1695 et
2140 1648 2203 1695 ad

145 1731 516 1788 euidenciorem
541 1738 809 1786 testimonii
834 1738 1185 1787 certitudinem
1222 1776 1233 1787 .
1272 1775 1283 1786 .
1325 1776 1335 1786 .
1371 1737 1581 1803 sigillum
1606 1738 1903 1787 venerabilis
1927 1739 1980 1787 in
2008 1738 2202 1788 Christo

143 1832 299 1896 patris
325 1831 514 1879 domini
539 1830 784 1879 Willelmi
808 1831 870 1879 de
895 1830 1132 1879 Landelis
1178 1867 1189 1879 .
1239 1868 1249 1879 .
1298 1868 1309 1879 .
1353 1830 1571 1895 episcopi
1606 1829 1958 1879 Sanffiandree
1983 1831 2204 1880 {imiliter

145 1924 330 1989 apponi
362 1923 632 1988 procuraui
664 1952 674 1962 ·
709 1923 914 1972 testibus
939 1923 1070 1972 dicto
1095 1923 1297 1971 domino
1327 1923 1556 1988 episcopo
1589 1949 1600 1960 ·
1632 1923 1834 1971 domino
1857 1922 2066 1972 Andrea
2098 1940 2202 1972 rec-

146 2026 252 2065 tore
279 2015 482 2065 ecclefie
508 2016 570 2064 de
604 2015 828 2064 Benham
867 2043 877 2053 ·
913 2015 1115 2063 domino
1156 2014 1362 2063 Matheo
1398 2017 1590 2064 rectore
1627 2014 1830 2064 ecclefie
1862 2016 1924 2064 (16
1959 2015 2161 2064 Dunotr
2194 2043 2204 2053 ·

145 2108 347 2157 domino
386 2108 586 2174 Rogero
619 2107 808 2156 vicario
845 2108 907 2156 de
943 2107 1175 2156 Leswade
1217 2135 1228 2146 ·
1271 2107 1501 2157 Gilberto
1542 2107 1763 2156 Harcars
1804 2136 1815 2146 ·
1853 2107 2107 2156 Willelmo
2143 2109 2204 2156 de

148 2200 400 2250 Creswille
440 2229 450 2240 ·
491 2207 540 2249 et
573 2199 683 2249 aliis
722 2226 732 2237 ·
771 2200 904 2265 apud
931 2199 1272 2249 Abirbrothoc
1295 2199 1497 2265 septimo
1534 2200 1615 2248 die
1647 2198 1822 2249 menfis
1855 2199 2037 2248 Marcii
2072 2216 2202 2247 anno

144 2293 314 2359 gracie
339 2291 596 2342 millesimo
621 2292 954 2342 tricentefimo
979 2290 1383 2359 quinquagefimo
1406 2291 1582 2357 primo.

147 2549 367 2637 Magna
392 2571 630 2621 custuma.

147 2733 341 2804 Dauid
367 2791 378 2803 .
411 2792 422 2803 .
456 2791 467 2803 .
494 2772 579 2803 rex
607 2754 867 2805 Scotorum
884 2755 1176 2819 justiciariis
1196 2755 1482 2805 camerariis
1500 2755 1873 2804 vicecomitibus
1894 2753 2200 2811 custumariis

147 2845 405 2909 prepositis
426 2846 698 2911 burgorum
723 2855 771 2896 et
796 2864 968 2896 eorum
992 2847 1191 2897 balliuis
1232 2885 1244 2897 .
1286 2887 1297 2897 .
1339 2887 1350 2898 .
1387 2849 1590 2898 salutem
1618 2877 1628 2888 ·
1658 2847 1784 2898 Cum
1821 2885 1831 2896 .
1874 2885 1884 2897 .
1924 2885 1935 2896 .
1974 2845 2199 2896 conceffi-

148 2954 256 2985 mus
308 2974 319 2985 .
374 2974 385 2984 .
437 2974 449 2985 .
495 2939 660 2987 abbati
693 2947 743 2989 et
774 2941 1046 2989 conuentui
1095 2978 1106 2989 .
1162 2978 1172 2988 .
1227 2977 1238 2989 .
1281 2941 1343 2989 de
1370 2939 1710 2989 Abirbrothoc
1743 2946 1895 2988 totam
1932 2938 2197 2987 custumam

151 3030 524 3095 contingentem
563 3031 624 3079 de
659 3032 1032 3098 quibuscunque
1068 3034 1404 3083 mercimoniis
1436 3042 1486 3083 et
1518 3034 1666 3082 rebus
1697 3033 1750 3081 in
1782 3033 1938 3097 burgo
1972 3038 2118 3095 portu
2150 3036 2198 3076 et

150 3123 412 3188 regalitate
438 3124 499 3172 de
525 3123 900 3175 Abbirbrothoc
924 3126 1158 3175 videlicet
1190 3125 1242 3174 in
1280 3163 1291 3174 .
1331 3163 1342 3174 .
1383 3163 1394 3174 .
1432 3125 1577 3174 terris
1616 3162 1627 3173 .
1666 3162 1677 3173 .
1717 3161 1728 3173 .
1766 3122 2046 3172 monasterii
2082 3157 2094 3168 .
2133 3156 2143 3168 .
2184 3155 2194 3166 .

151 3223 199 3263 et
225 3215 359 3279 quod
383 3215 499 3263 diesi
531 3215 748 3282 religiofi
782 3219 1040 3283 proprium
1075 3218 1312 3267 koketum
1349 3217 1564 3267 habeant
1602 3252 1613 3264 .
1652 3254 1663 3264 .
1704 3254 1714 3264 .
1751 3215 2037 3264 mandamus
2061 3209 2196 3259 vobis

1159 3326 1193 3358 n
