2762 3834
68 1030 132 1074 84

65 2424 128 2467 85

640 346 1073 399 REGISTRUM
1106 346 1206 398 DE
1242 344 1808 398 ABERBROTHOC.
2195 348 2259 401 73

184 484 406 533 clausum
431 482 518 531 sub
546 481 704 548 figillo
728 483 904 533 balliui
927 490 977 533 et
1001 482 1088 533 sub
1114 481 1283 549 sigillis
1308 483 1617 548 quorundam
1656 481 1742 546 qui
1779 480 1907 531 dicte
1940 479 2257 546 inquificioni

182 577 464 626 intererant
487 575 735 625 faciende.

178 833 472 906 ·Affedacio
502 853 849 922 [hereditaria]
880 862 1012 905 terre
1036 853 1203 904 nostre
1226 854 1280 903 in
1307 855 1416 904 vico
1441 853 1538 902 fori
1561 853 1615 902 in
1640 851 1994 903 Abirbrothoc.

186 1014 452 1091 Omnibus
480 1076 491 1087 .
519 1074 531 1086 .
561 1075 572 1087 .
599 1037 854 1087 Walterus
882 1075 893 1086 .
922 1075 934 1086 .
962 1076 973 1086 .
1001 1038 1151 1087 abbas
1180 1074 1190 1085 .
1220 1074 1231 1084 .
1263 1074 1274 1085 .
1306 1036 1369 1085 de
1403 1035 1746 1084 Abirbrothoc
1775 1073 1786 1085 .
1825 1074 1834 1085 .
1872 1074 1882 1084 .
1914 1035 2122 1085 salutem
2158 1074 2169 1084 .
2204 1077 2213 1085 .
2243 1074 2253 1085 .

187 1128 368 1180 Sciatis
394 1147 484 1178 nos
520 1168 531 1178 .
569 1167 580 1178 .
617 1167 629 1178 .
661 1129 890 1178 affedass'e
915 1129 1149 1194 Philippo
1174 1129 1236 1177 de
1255 1128 1368 1195 Lyn
1395 1137 1445 1178 et
1469 1128 1613 1177 vxori
1638 1128 1742 1177 eius
1761 1127 1797 1177 J
1800 1136 1945 1178 onete
1965 1129 2027 1178 de
2053 1129 2256 1196 Guthry

184 1230 234 1271 et
248 1222 516 1271 heredibus
531 1222 628 1270 suis
643 1221 871 1270 masculis
886 1222 948 1270 de
965 1237 1174 1285 corpore
1194 1237 1365 1270 eorum
1380 1219 1657 1285 procreatis
1679 1256 1690 1269 .
1719 1256 1730 1268 .
1760 1257 1771 1268 .
1794 1237 1942 1269 vnam
1958 1221 2254 1286 perticatam

181 1322 315 1364 terre
341 1352 352 1363 .
382 1351 394 1363 .
423 1351 433 1363 .
467 1314 715 1363 iacentem
736 1314 788 1362 in
810 1314 971 1378 burgo
996 1313 1165 1361 nostro
1204 1349 1216 1361 .
1252 1349 1263 1360 .
1298 1349 1310 1361 .
1345 1312 1407 1361 de
1433 1311 1777 1361 Abirbrothoc
1805 1350 1816 1360 .
1856 1350 1867 1361 .
1904 1350 1915 1361 .
1943 1313 1996 1362 in
2022 1313 2133 1362 vico
2157 1314 2254 1362 fori

179 1423 237 1457 ex
259 1414 402 1472 parte
423 1405 723 1455 occidentali
741 1406 875 1456 inter
891 1405 1076 1455 terram
1096 1406 1315 1453 nostram
1334 1421 1396 1453 ex
1412 1411 1556 1469 parte
1576 1404 1755 1453 boriali
1778 1441 1789 1454 .
1808 1442 1819 1453 .
1840 1443 1851 1453 .
1873 1413 1922 1454 et
1942 1423 2254 1455 communem

180 1498 426 1548 venellam
446 1498 798 1548 extendentem
820 1499 883 1547 ad
909 1515 1088 1563 aquam
1112 1498 1173 1546 de
1199 1495 1422 1546 Brothoc
1447 1513 1507 1545 ex
1531 1503 1674 1560 parte
1700 1496 1904 1546 australi
1931 1534 1943 1546 .
1971 1535 1983 1546 .
2012 1536 2023 1546 .
2057 1498 2254 1547 Tenen-

176 1591 292 1640 dam
326 1629 337 1640 .
366 1629 377 1640 .
405 1629 416 1640 .
451 1591 821 1656 imperpetuum
860 1628 871 1639 .
908 1629 919 1639 .
953 1628 964 1639 .
1001 1590 1279 1639 Reddendo
1323 1626 1335 1637 .
1382 1626 1394 1637 .
1427 1626 1438 1637 .
1472 1589 1554 1637 sex
1591 1588 1772 1662 solidos
1797 1596 1847 1638 et
1872 1591 1980 1638 0320
2023 1591 2253 1640 denarios

179 1683 358 1733 vsualis
389 1690 587 1732 monete
610 1681 785 1733 Scocie
807 1684 872 1732 ad
896 1683 1019 1732 duos
1042 1682 1161 1731 anni
1185 1681 1426 1731 terminos
1454 1719 1466 1729 .
1493 1719 1504 1730 .
1534 1719 1545 1729 .
1569 1698 1681 1730 cum
1705 1682 1851 1731 firma
1874 1682 2015 1748 regia
2041 1719 2053 1731 .
2091 1719 2103 1732 .
2144 1720 2155 1732 .
2194 1683 2253 1731 In

178 1777 318 1826 cuius
349 1777 423 1826 rei
448 1776 785 1826 testimonium
810 1776 1023 1842 figillum
1070 1814 1082 1824 .
1135 1813 1146 1824 .
1198 1813 1209 1824 .
1259 1775 1467 1840 capituli
1518 1813 1528 1823 .
1582 1813 1592 1824 .
1640 1813 1650 1824 .
1695 1775 1767 1824 est
1802 1775 2072 1841 appensum
2121 1813 2132 1825 .
2183 1816 2193 1825 .
2242 1816 2253 1825 .

178 1870 351 1935 quinto
377 1870 458 1920 die
482 1870 660 1920 mensis
686 1869 950 1919 Februarii
976 1886 1107 1918 anno
1127 1868 1335 1918 Domini
1362 1868 1627 1918 millesimo
1651 1875 1787 1919 cccc⁰
1811 1869 2033 1919 xxxviii⁰.

177 2130 533 2205 Confirmacio
551 2153 724 2203 decem
743 2170 1023 2203 marcarum
1043 2153 1321 2216 capellanie
1334 2152 1501 2202 Sancti
1524 2153 1719 2203 Thome
1740 2155 1958 2204 martiris
1977 2155 2030 2205 in
2050 2156 2256 2206 ecclesia

179 2245 519 2296 Brechinenfi.

184 2408 449 2483 Omnibus
477 2467 488 2479 .
518 2468 528 2478 .
559 2468 570 2479 .
592 2429 850 2480 Walterus
876 2467 887 2478 .
925 2467 935 2478 .
979 2467 990 2478 .
1018 2429 1171 2479 abbas
1198 2467 1209 2478 .
1251 2464 1262 2478 .
1303 2467 1314 2479 .
1342 2430 1404 2479 de
1431 2429 1773 2480 Abirbrothoc
1800 2469 1808 2479 .
1837 2469 1846 2479 .
1873 2471 1883 2480 .
1907 2431 2112 2481 salutem
2141 2470 2151 2480 .
2189 2471 2198 2481 .
2241 2471 2250 2480 .

184 2521 363 2573 Sciatis
398 2540 490 2572 nos
517 2560 528 2571 .
565 2560 576 2571 .
612 2561 623 2571 .
662 2530 853 2572 cartam
894 2559 906 2571 .
947 2559 958 2571 .
998 2559 1010 2572 .
1043 2523 1236 2572 domini
1260 2522 1297 2572 J
1300 2523 1511 2571 ohannis
1534 2523 1803 2589 Wyschart
1827 2524 2016 2574 domini
2043 2526 2104 2574 de
2140 2525 2253 2575 Pet-

180 2624 360 2664 tarrow
387 2615 560 2664 militis
587 2653 598 2664 .
629 2653 639 2664 .
669 2653 681 2664 .
714 2615 1008 2665 intellexiffe
1034 2615 1086 2664 in
1111 2615 1204 2665 hec
1232 2617 1384 2666 verba
1409 2645 1419 2656 ·
1449 2616 1697 2666 Omnibus
1724 2655 1735 2666 .
1765 2655 1775 2666 .
1806 2655 1817 2666 .
1843 2617 1880 2666 J
1883 2617 2104 2667 ohannes
2133 2618 2253 2667 Wis-

180 2708 336 2758 chard
361 2709 591 2758 dominu's
617 2708 679 2757 de
701 2708 953 2758 Pettarow
974 2709 1117 2758 miles
1142 2709 1348 2759 salutem
1378 2748 1388 2759 .
1429 2748 1440 2758 .
1482 2748 1492 2758 .
1523 2710 1703 2760 Sciatis
1728 2727 1806 2759 me
1835 2748 1846 2759 .
1887 2748 1897 2759 .
1939 2748 1949 2759 .
1978 2710 2252 2760 coneeffifl'e

183 2838 193 2850 .
233 2839 244 2850 .
283 2839 294 2851 .
324 2803 408 2851 vni
434 2802 693 2867 capellano
718 2803 781 2851 ad
808 2802 965 2851 altare
1000 2802 1169 2853 Sancti
1197 2802 1391 2851 Thome
1425 2803 1645 2852 martiris
1670 2803 1723 2851 in
1746 2801 1954 2851 ecclesia
1978 2803 2251 2853 cathedrali

182 2893 502 2944 Brechinensi
527 2895 700 2944 divina
723 2896 999 2946 celebranti
1041 2932 1051 2944 .
1091 2934 1102 2945 .
1141 2934 1152 2945 .
1186 2913 1279 2961 pro
1304 2896 1460 2945 salute
1486 2896 1650 2945 anime
1675 2914 1784 2945 mee
1810 2904 1859 2945 et
1882 2896 1918 2946 J
1921 2905 2067 2946 onete
2087 2898 2251 2945 vxoris

179 3004 287 3037 mee
312 2997 360 3038 et
386 2988 663 3038 animarum
688 2989 845 3054 patris
869 2989 967 3039 mei
991 2997 1041 3038 et
1062 2989 1235 3037 matris
1259 3006 1368 3037 mee
1394 3006 1452 3038 ac
1475 2987 1831 3038 antecessorum
1858 2996 1906 3037 et
1927 2987 2249 3037 success'orum

181 3097 403 3130 meorum
439 3091 488 3131 et
512 3083 732 3130 omnium
769 3082 968 3131 illorum
995 3082 1174 3147 quibus
1210 3080 1399 3145 deliqui
1435 3088 1484 3129 et
1517 3080 1777 3128 emendam
1814 3080 2113 3145 condignam
2150 3096 2247 3127 non

183 3173 275 3221 feci
325 3191 382 3223 ac
432 3175 652 3223 omnium
702 3174 923 3223 fidelium
972 3174 1317 3224 defun&orum
1367 3211 1379 3221 .
1432 3211 1443 3222 .
1496 3211 1506 3221 .
1557 3174 1730 3222 decem
1778 3190 1971 3222 marcas
2021 3173 2246 3221 annualis

1181 3283 1214 3314 K
