2762 3834
596 408 1028 461 REGISTRUM
1063 408 1161 458 DE
1199 408 1765 462 ABERBROTHOC.
2123 413 2218 464 113

146 543 405 593 iusticiarii
445 545 708 594 camerarii
744 545 828 595 seu
866 545 1038 595 balliui
1077 537 1318 595 tenebunt
1360 547 1551 595 curiam
1588 586 1598 596 .
1634 586 1644 596 .
1688 586 1698 596 .
1744 546 1807 595 de
1847 545 2218 595 indifflffitmentis

149 646 200 687 et
232 638 444 703 loquelis
479 639 811 703 spectantibus
847 638 911 687 ad
948 655 1184 688 coronam
1221 639 1301 687 vel
1343 639 1455 687 aliis
1494 639 1664 688 arduis
1704 640 1894 688 casibus
1919 640 2004 704 qui
2036 656 2218 704 magno

149 731 379 797 indigent
410 731 597 780 auxilio
630 733 693 780 ad
727 732 916 781 curiam
950 732 1143 781 abbatis
1177 771 1187 780 .
1214 770 1224 780 .
1251 771 1261 781 .
1297 732 1570 796 premuniti
1607 733 1848 782 accedere
1879 733 2182 781 tenebuntur
2206 760 2217 773 ›

151 824 393 874 Preterea
429 842 531 873 non
578 825 751 874 licebit
792 865 801 875 .
846 864 855 874 .
905 865 914 874 .
960 824 1156 873 Thome
1209 825 1289 873 vel
1342 825 1612 873 heredibus
1651 825 1751 874 suis
1789 865 1800 874 .
1840 865 1850 874 .
1889 864 1898 875 .
1942 834 2126 874 terram
2158 826 2219 873 de

154 917 371 966 Tulloch
397 924 482 966 aut
510 916 750 983 Craquhy
775 957 784 966 .
812 957 821 966 .
848 957 857 967 .
885 917 1052 981 aliquo
1084 917 1233 965 modo
1270 917 1492 966 alienare
1527 957 1537 967 .
1575 957 1584 966 .
1621 957 1630 966 .
1661 917 1762 966 fine
1787 918 2001 966 licencia
2025 918 2219 967 abbatis

153 1052 162 1060 .
184 1052 192 1060 .
215 1052 224 1061 .
251 1012 318 1060 Et
343 1012 596 1061 sciendum
623 1011 693 1060 est
718 1012 850 1076 quod
877 1011 912 1059 fi
938 1051 947 1060 .
979 1051 988 1060 .
1016 1051 1025 1060 .
1052 1018 1190 1060 terra
1214 1049 1222 1058 .
1250 1049 1259 1059 .
1286 1050 1295 1058 .
1321 1026 1411 1074 per
1438 1026 1750 1058 communem
1783 1027 2018 1075 guerram
2044 1027 2220 1076 regum

156 1103 331 1154 Scocie
368 1112 417 1153 et
441 1104 627 1167 Anglie
655 1104 905 1152 destructa
938 1103 1090 1152 fuerit
1124 1143 1134 1152 .
1170 1143 1180 1152 .
1219 1141 1229 1153 ‚
1268 1102 1489 1150 Thomas
1523 1109 1572 1151 et
1604 1102 1814 1151 heredes
1848 1103 1920 1151 sui
1956 1120 2058 1151 non
2090 1120 2220 1152 com-

152 1196 402 1261 pellentur
428 1196 492 1244 ad
515 1196 709 1244 firmam
734 1195 1020 1244 soluendam
1052 1194 1143 1243 nisi
1169 1203 1409 1260 quantum
1435 1213 1525 1260 per
1547 1196 1680 1245 viros
1703 1197 1982 1262 fidedignos
2006 1198 2219 1262 probare

153 1290 339 1354 poterit
381 1289 514 1354 quod
552 1289 614 1337 de
640 1289 879 1337 fruffibus
921 1289 1051 1336 diae
1094 1296 1226 1337 terre
1266 1328 1275 1336 .
1317 1328 1325 1337 .
1370 1328 1379 1337 .
1416 1287 1686 1353 percepisse
1727 1290 1949 1354 poterint
1988 1290 2221 1340 videlicet

155 1383 289 1446 quod
313 1381 551 1446 quociens
589 1381 722 1429 (116ὶᾶ
758 1388 894 1429 terra
926 1381 1149 1445 equitata
1179 1380 1331 1430 fuerit
1368 1398 1481 1436 cum
1514 1381 1645 1429 diua
1676 1382 1927 1430 communi
1963 1400 2148 1448 guerra
2172 1392 2221 1432 et

155 1473 404 1522 destrufita
428 1473 618 1521 tociens
642 1490 734 1537 per
759 1473 910 1521 visum
937 1473 1303 1537 fidedignorum
1334 1473 1420 1522 fiet
1445 1473 1559 1538 ipsis
1585 1474 1826 1523 allocacio
1861 1515 1869 1524 .
1908 1515 1917 1524 .
1955 1514 1964 1524 .
2001 1475 2054 1523 in
2080 1456 2222 1524 firma

154 1568 240 1616 sua
263 1594 273 1604 ·
303 1565 355 1615 Si
379 1582 496 1613 vero
524 1565 783 1630 contingat
806 1566 1016 1614 heredes
1039 1566 1156 1614 dial
1184 1565 1379 1614 Thome
1413 1574 1584 1615 tenere
1616 1568 1761 1616 etatis
1784 1568 1864 1617 vel
1887 1568 2221 1634 cuiuscunque

156 1659 362 1709 alterius
385 1658 688 1723 impotencie
714 1658 925 1707 existere
959 1676 1058 1722 qua
1090 1676 1192 1706 non
1228 1658 1407 1723 poffint
1443 1698 1452 1708 .
1486 1699 1496 1708 .
1531 1699 1541 1709 .
1578 1659 1805 1724 premissa
1837 1662 2076 1726 perficere
2104 1702 2113 1711 .
2158 1702 2166 1711 .
2212 1703 2221 1711 .

156 1762 292 1803 terra
325 1793 333 1802 .
372 1793 381 1802 .
417 1792 426 1802 .
465 1753 561 1801 erit
592 1752 646 1800 in
679 1792 688 1801 .
724 1791 733 1800 .
773 1791 781 1800 .
817 1751 976 1801 tutela
1012 1751 1203 1800 abbatis
1240 1791 1249 1800 .
1288 1791 1297 1800 .
1336 1791 1345 1800 .
1388 1752 1548 1800 donec
1591 1791 1600 1801 .
1641 1792 1650 1802 .
1686 1792 1695 1802 .
1734 1753 1955 1818 poterint
1992 1754 2223 1803 inuenire

156 1846 471 1896 securitatem
497 1846 560 1894 ad
585 1844 983 1910 respondendum
1012 1883 1022 1893 .
1057 1885 1066 1895 .
1102 1885 1111 1895 .
1146 1845 1207 1893 de
1232 1845 1377 1894 firma
1409 1886 1418 1895 .
1461 1884 1471 1895 .
1508 1884 1520 1895 .
1554 1853 1603 1895 et
1628 1847 1690 1895 de
1716 1847 1943 1896 omnibus
1969 1848 2077 1896 aliis
2116 1886 2127 1897 .
2167 1888 2175 1897 .
2214 1888 2223 1897 .

158 1939 391 1988 oneribus
434 1976 445 1986 .
486 1975 497 1987 .
538 1975 549 1987 .
592 1937 654 1986 In
680 1938 820 1986 cuius
844 1938 919 1985 rei
944 1938 1279 1986 testimonium
1308 1939 1440 2004 parti
1473 1939 1620 1988 huius
1652 1940 1919 1989 indenture
1957 1958 2070 1989 cum
2108 1979 2119 1989 .
2161 1979 2170 1990 .
2212 1979 2222 1989 .

159 2033 357 2081 Thoma
396 2070 406 2080 .
447 2068 458 2079 .
499 2070 510 2080 .
547 2032 833 2081 remansure
882 2032 1093 2096 sigillum
1129 2069 1140 2080 .
1180 2068 1192 2079 .
1232 2069 1242 2080 .
1277 2031 1482 2097 capituli
1522 2069 1534 2081 .
1579 2069 1591 2081 .
1638 2070 1649 2081 .
1694 2033 1767 2081 est
1813 2033 2080 2098 appensum
2123 2062 2133 2072 ·
2177 2041 2227 2081 et

158 2126 291 2190 parti
329 2125 475 2173 huius
518 2124 786 2173 indenture
834 2142 945 2173 cum
984 2161 995 2173 .
1037 2163 1048 2173 .
1089 2163 1099 2173 .
1137 2125 1315 2173 abbate
1360 2163 1370 2173 .
1417 2162 1428 2173 .
1475 2162 1485 2173 .
1528 2124 1813 2174 remansure
1861 2126 2071 2191 sigillum
2109 2163 2121 2175 .
2161 2165 2171 2175 .
2212 2163 2223 2175 .

162 2219 356 2267 Thome
387 2217 458 2265 est
494 2217 762 2283 appensum
802 2235 901 2266 vna
937 2235 1048 2267 cum
1075 2217 1245 2283 sigillis
1281 2255 1292 2266 .
1333 2255 1344 2266 .
1385 2255 1395 2266 .
1436 2217 1631 2266 Thome
1670 2256 1681 2267 .
1721 2255 1733 2267 .
1774 2256 1785 2267 .
1824 2219 2040 2283 episcopi
2065 2218 2225 2267 Aber-

161 2310 390 2360 donenfis
416 2318 465 2359 et
491 2348 502 2358 .
533 2348 543 2359 .
574 2348 584 2358 .
612 2310 801 2358 domini
819 2310 855 2359 J
858 2311 1068 2359 ohannis
1091 2311 1280 2375 Ogiluy
1304 2311 1364 2358 de
1386 2310 1724 2359 Lunthrethin
1749 2310 1919 2359 militis
1944 2318 1993 2359 et
2012 2310 2226 2359 Walteri

164 2406 225 2453 de
253 2403 470 2452 Tulloch
497 2404 558 2451 dc
584 2403 891 2469 Bonyntoun
927 2404 1084 2469 patris
1115 2403 1323 2468 predicti
1353 2402 1547 2451 Thome
1581 2420 1748 2452 coram
1781 2403 1877 2451 hiis
1902 2403 2105 2452 testibus
2133 2441 2143 2451 .
2174 2441 2184 2451 .
2214 2441 2224 2451 .

165 2495 387 2544 Roberto
439 2493 638 2544 Steuart
684 2502 734 2544 et
778 2495 1006 2544 VValtero
1057 2495 1268 2545 Stewart
1312 2496 1556 2544 scutiferis
1599 2526 1609 2536 ·
1652 2495 1885 2560 magistro
1936 2495 2225 2545 Alexandro

168 2586 467 2635 Thorntoun
493 2587 690 2635 notario
715 2587 953 2652 publico·
978 2595 1026 2636 et
1049 2588 1286 2654 magistro
1314 2588 1360 2636 T
1363 2591 1510 2636 homa
1531 2587 1810 2654 Dykysoun
1836 2625 1846 2637 .
1872 2626 1882 2637 .
1913 2626 1924 2637 .

169 2833 490 2919 Refignacio
515 2862 763 2904 terrarum
788 2857 850 2905 de
876 2857 1094 2907 Neutile.

24 3041 117 3091 129
170 3014 445 3087 Nouerint
494 3037 708 3085 vniuerfi
753 3075 764 3087 .
810 3076 821 3087 .
864 3077 875 3087 .
919 3058 998 3089 me
1037 3040 1273 3092 Jonetam
1321 3045 1383 3092 de
1434 3044 1755 3094 Strathachin
1789 3042 1953 3094 'filiam
1987 3046 2227 3094 Willelmi

171 3128 487 3177 Strathachin
513 3128 767 3193 burgenfis
807 3167 818 3178 .
855 3168 867 3179 .
904 3169 915 3179 .
954 3133 1015 3181 de
1041 3133 1229 3183 Dunde
1268 3173 1279 3184 .
1317 3172 1327 3184 .
1366 3173 1376 3184 .
1414 3137 1664 3202 resignare
1701 3174 1714 3186 .
1754 3175 1764 3185 .
1805 3175 1816 3186 .
1854 3139 1905 3186 in
1935 3155 2109 3186 manus
2135 3175 2145 3185 .
2174 3175 2184 3185 .
2214 3174 2224 3185 .
2302 3174 2304 3176 -

171 3220 362 3269 abbatis
392 3257 402 3268 .
432 3257 443 3269 .
472 3257 482 3268 .
510 3221 571 3268 de
596 3221 934 3272 Abirbrothoc
971 3260 982 3272 .
1023 3261 1033 3272 .
1074 3262 1085 3273 .
1123 3234 1283 3274 terras
1314 3244 1449 3276 meas
1474 3229 1535 3276 de
1568 3229 1614 3277 le
1641 3229 1910 3295 Kyrktoun
1936 3232 1997 3279 de
2024 3231 2227 3280 Neutile

1171 3333 1200 3364 P
