2762 3834
0 1814 112 1911 ,⁵48

621 349 1048 400 REGISTRUM
1083 353 1178 402 DE
1216 355 1769 411 ABERBROTHOC.
2108 372 2221 432 285¹

281 520 290 530 .
332 497 498 530 coram
523 481 895 530 vicecomitibus
918 482 1197 534 iusticiariis
1233 490 1515 538 camerariis
1552 492 1636 540 seu
1671 493 2037 560 quibuscunque
2061 498 2206 546 offici-

171 575 287 624 ariis
325 612 335 622 .
382 612 393 623 .
434 613 444 623 .
486 575 619 639 regis
666 578 718 622 in
761 576 986 639 proximo
1033 577 1210 627 itinere
1255 580 1522 631 iusticiarie
1570 585 1784 634 eiusdem
1821 589 2035 635 tenendo
2076 590 2206 652 apud

170 667 379 731 burgum
415 667 476 714 de
500 666 701 715 Lanark
724 666 807 715 seu
843 667 962 715 alibi
997 685 1055 716 ac
1086 670 1242 717 eciam
1277 670 1327 718 in
1365 673 1473 721 aliis
1509 675 1660 723 curiis
1693 677 1933 726 baronum
1969 686 2018 728 et
2051 679 2204 728 libere

170 757 452 806 tenencium
477 757 848 822 quibuscunque
873 758 1046 807 diebus
1071 767 1120 808 et
1143 761 1265 809 locis
1300 792 1310 802 ·
1348 772 1396 812 et
1419 765 1602 814 ibidem
1640 806 1650 816 .
1696 805 1707 816 .
1749 805 1760 816 .
1803 769 1956 819 libere
1980 778 2203 821 tenentes

170 857 219 898 et
257 849 590 898 inhabitantes
631 849 824 898 nostros
867 888 876 898 .
918 887 928 899 .
974 887 984 898 .
1028 852 1402 917 replegiandum
1444 894 1454 904 .
1499 894 1510 905 .
1555 895 1567 905 .
1609 876 1803 908 necnon
1845 862 2005 910 curias
2041 863 2202 912 nostre

168 941 441 1006 regalitatis
467 948 515 989 et
539 941 745 989 dominii
767 942 829 990 de
854 941 1151 991 Ethcarmor
1189 981 1199 992 .
1237 983 1246 992 .
1284 983 1294 993 .
1331 949 1596 996 tenendum
1641 987 1651 997 .
1689 987 1701 998 .
1739 988 1750 999 .
1792 960 1840 1000 et
1882 989 1893 1001 .
1937 990 1947 1001 .
1989 993 1998 1002 .
2041 955 2204 1004 omnia

128 1064 130 1066 -
167 1033 265 1083 alia
291 1071 301 1081 .
331 1071 341 1081 .
368 1072 378 1081 .
404 1033 687 1082 faciendum
723 1072 732 1082 .
773 1071 783 1081 .
823 1071 833 1081 .
872 1051 967 1098 que
994 1036 1057 1083 ad
1082 1036 1290 1085 officium
1329 1079 1337 1087 .
1376 1077 1386 1087 .
1424 1078 1433 1088 .
1470 1042 1787 1092 dinoscuntur
1811 1047 2058 1109 pertinere
2094 1086 2104 1095 .
2141 1087 2150 1096 .
2192 1088 2200 1096 .

166 1125 226 1173 In
252 1125 389 1173 cuius
414 1125 488 1173 rei
512 1124 843 1173 testimonium
871 1125 1080 1191 sigillum
1105 1145 1359 1178 commune
1393 1133 1594 1196 capituli
1618 1136 1770 1184 nostri
1804 1137 2106 1200 presentibus
2131 1139 2202 1186 est

166 1216 429 1281 appensum
454 1218 586 1281 apud
619 1216 958 1266 Abirbrothoc
983 1235 1073 1283 pro
1100 1237 1196 1267 vno
1222 1238 1350 1268 anno
1377 1229 1425 1270 et
1449 1223 1626 1273 deinde
1650 1243 1740 1290 pro
1764 1226 1928 1276 nostra
1952 1229 2201 1278 voluntate

164 1309 216 1357 in
239 1309 324 1357 suo
348 1310 527 1358 robore
553 1310 803 1358 duraturis
829 1311 1002 1375 quinto
1028 1312 1107 1361 die
1140 1313 1315 1361 mensis
1343 1314 1530 1379 Aprilis
1561 1335 1688 1366 anno
1715 1319 1919 1368 Domini
1950 1321 2201 1370 millesimo

166 1407 329 1451 ccccmo
353 1401 670 1467 nonogefimo
696 1409 888 1467 quarto.

162 1639 463 1711 Commiffio
487 1659 539 1707 in
563 1659 744 1708 itinere
766 1659 1037 1708 iusticiarie
1063 1661 1248 1709 durans
1271 1678 1360 1725 per
1384 1668 1483 1710 tres
1509 1680 1678 1711 annos.

163 1822 440 1894 Uniuerfis
480 1852 648 1909 pateat
688 1883 698 1893 .
744 1883 754 1893 .
800 1883 811 1892 .
857 1862 947 1894 nos
989 1846 1160 1894 Dauid
1195 1883 1205 1894 .
1250 1882 1262 1893 .
1300 1883 1310 1894 .
1345 1847 1569 1895 abbatem
1609 1886 1618 1895 .
1661 1885 1671 1896 .
1711 1885 1723 1896 .
1762 1849 1823 1897 de
1873 1848 2204 1898 Abirbrothoc

216 1975 226 1985 .
267 1974 277 1984 .
316 1937 613 1986 constituiffe
658 1977 667 1987 .
715 1977 723 1987 .
772 1975 783 1986 .
832 1937 1107 2003 Georgium
1133 1938 1361 1986 comitem
1399 1939 1460 1986 de
1487 1938 1713 2005 Huntlye
1750 1969 1760 1980 ·
1798 1920 2100 1989 Willelmum
2128 1959 2204 1990 co-

160 2029 329 2078 mitem
353 2030 415 2078 de
438 2030 591 2079 Erole
617 2059 627 2069 ·
654 2030 962 2080 Willelmum
987 2030 1215 2080 comitem
1242 2031 1302 2078 de
1326 2029 1551 2079 Marchel
1590 2061 1600 2071 ·
1638 2031 1674 2080 J
1677 2032 1920 2080 ohannem
1954 2034 2203 2081 dominum

160 2122 221 2170 de
250 2121 508 2188 Glammys
545 2152 556 2162 ·
591 2123 848 2172 Andream
885 2121 1137 2172 dominum
1184 2123 1324 2187 Gray
1350 2151 1359 2161 ·
1384 2122 1626 2171 Jacobum
1667 2124 1915 2173 dominum
1958 2124 2154 2189 Ogilwy
2192 2154 2200 2164 ·

159 2213 441 2263 Johannem
481 2214 655 2280 Lyone
694 2215 977 2281 magistrum
1024 2215 1282 2279 Glammys
1321 2243 1331 2253 ·
1375 2214 1645 2263 Patricium
1686 2214 1968 2278 magistrum
2014 2215 2152 2279 Gray
2190 2245 2199 2255 ·

159 2305 194 2353 J
197 2306 440 2378 ohannem
467 2306 667 2372 Ogilwy
692 2308 754 2356 de
779 2307 1009 2373 Fyngass<
1040 2337 1050 2347 ·
1089 2307 1343 2355 dominum
1366 2306 1611 2355 ,Iacobum
1638 2305 1834 2371 Ogilwy
1859 2307 1919 2355 de
1951 2306 2198 2355 Defkfurd

159 2398 364 2448 militem
396 2428 407 2438 ·
439 2399 719 2448 Walterum
747 2399 948 2466 Ogilwy
974 2402 1035 2449 de
1060 2399 1230 2464 Cragy
1264 2428 1273 2438 -
1308 2399 1560 2447 dominum
1586 2398 1827 2448 Thomam
1855 2398 2050 2464 Ogilwy
2073 2399 2197 2446 mili-

158 2497 256 2539 tem
295 2520 305 2530 ·
350 2491 694 2540 Alexandrum
721 2491 1084 2558 Cunynghame
1110 2492 1172 2540 de
1196 2492 1411 2541 Polmais
1435 2491 1640 2540 militem
1677 2521 1686 2531 ·
1731 2499 1859 2540 etc..
1903 2529 1913 2540 .
1956 2530 1964 2540 .
2006 2491 2195 2540 nostros

160 2619 170 2630 .
217 2620 227 2630 .
270 2620 281 2631 .
322 2591 670 2647 procuratores
719 2622 730 2632 .
782 2622 793 2632 .
843 2624 853 2633 .
897 2585 961 2634 ad
985 2584 1369 2649 comparendum
1405 2600 1495 2647 pro
1530 2582 1670 2631 nobis
1713 2622 1722 2631 .
1765 2622 1774 2632 .
1819 2619 1832 2631 .
1866 2600 2031 2631 coram
2075 2618 2086 2628 .
2129 2620 2139 2630 .
2183 2620 2192 2630 .

159 2674 439 2723 iusticiariis
486 2715 496 2724 .
545 2715 555 2724 .
605 2715 614 2724 .
662 2676 795 2741 regis
849 2715 858 2725 .
908 2715 917 2725 .
966 2715 975 2724 .
1023 2677 1107 2724 seu
1163 2675 1611 2725 locumtenentibus
1669 2714 1678 2722 .
1735 2711 1745 2722 .
1801 2711 1812 2722 .
1867 2675 1919 2722 in
1969 2674 2192 2739 proximo

155 2765 334 2815 itinere
358 2766 626 2815 iusticiarie
651 2768 882 2816 tenendo'
905 2805 916 2815 .
961 2807 970 2817 .
1014 2804 1025 2815 .
1062 2768 1193 2831 apud
1219 2767 1370 2816 Perth
1408 2767 1488 2814 die
1519 2766 1660 2815 Lune
1685 2765 1874 2815 decimo
1908 2766 2078 2830 quinto
2113 2765 2191 2813 die

156 2856 331 2906 menfis
354 2858 581 2908 instantis
601 2858 795 2923 Aprilis
831 2896 841 2907 .
881 2895 892 2907 .
932 2896 943 2906 .
982 2865 1031 2907 et
1065 2859 1118 2906 in
1145 2859 1371 2907 omnibus
1408 2858 1518 2907 aliis
1552 2857 1811 2907 itineribus
1846 2855 2108 2905 iusticiarie
2143 2863 2191 2904 et

157 2949 424 2998 camerarie
463 2989 472 2998 .
518 2987 530 2998 .
569 2987 581 2999 .
619 2950 750 3016 regis
792 2957 841 2998 et
882 2950 1032 2998 curiis
1067 2950 1412 2999 vicecomitum
1456 2986 1467 2997 .
1508 2989 1517 2998 .
1560 2989 1569 2998 .
1602 2949 1734 2997 infra
1769 2965 1976 3013 regnum
2020 2947 2188 2996 Scocie

155 3040 380 3088 tenendis
404 3058 461 3089 ac
486 3041 642 3090 eciam
667 3041 718 3090 in
743 3041 853 3089 aliis
878 3041 1027 3089 curiis
1058 3041 1299 3089 baronum
1324 3041 1478 3089 libere
1511 3040 1788 3089 tenencium
1813 3042 1892 3088 seu
1923 3040 2185 3103 burgorum

262 3167 273 3178 .
313 3138 362 3180 et
395 3132 579 3180 ibidem
601 3159 620 3182 ·.
657 3170 669 3181 .
708 3171 717 3181 .
749 3132 904 3181 libere
941 3139 1166 3181 tenentes
1200 3132 1391 3181 nostros
1430 3132 1651 3181 homines
1687 3138 1843 3180 terras
1883 3129 2068 3179 nostras
2102 3129 2183 3176 seu
