2762 3834
592 399 688 444 242
1041 386 1461 441 REGISTRUM
1497 384 1592 434 DE
1630 381 2185 432 ABERBROTHOC.

594 526 706 575 siam
735 524 918 575 Christi
954 539 1099 587 quam
1135 523 1205 570 sui
1241 516 1567 584 preciosislimi
1606 514 1854 577 sanguinis
1886 514 2118 562 effufione
2155 514 2365 564 redemit
2400 516 2542 563 nouis
2572 533 2628 564 ac

594 615 795 665 diuersis
839 614 1136 676 insolitisque
1184 607 1515 658 exactionibus
1568 622 1667 653 non
1715 605 1868 652 solum
1914 605 2171 670 laycorum
2211 606 2537 655 verumeciam
2581 616 2630 655 et

593 708 801 756 maxime
840 705 971 769 quod
1011 700 1368 766 importabilius
1409 698 1566 745 fertur
1608 712 1777 744 eorum
1819 695 1905 759 qui
1943 700 2247 760 prote&ores
2285 707 2334 746 et
2369 699 2630 763 columpne

592 798 803 847 eiusdem
830 796 911 843 sua
935 791 1222 858 profeffione
1244 790 1335 838 esse
1361 790 1578 837 fatentur
1602 787 1867 851 anguriare
1902 788 2202 851 pecuniariis
2235 788 2631 853 imposicionibus

591 887 778 936 iniustis
819 883 1157 947 multipliciter
1199 881 1445 943 nimieque
1486 895 1697 942 grauare
1739 895 1797 927 ac
1839 878 2021 928 cotidie
2062 896 2270 930 onerare
2309 881 2631 945 prospicimus

590 975 1037 1042 experimentaliter
1073 972 1407 1038 cognoscimus
1444 978 1492 1019 et
1528 970 1579 1018 in
1615 971 1837 1019 futurum
1871 971 1961 1019 nisi
1992 972 2164 1020 diuina
2198 972 2451 1021 succurrat
2473 973 2631 1037 pietas

588 1069 741 1132 magis
766 1085 823 1116 ac
847 1066 1002 1131 magis
1026 1062 1334 1129 augmentari
1359 1062 1586 1110 timemus
1608 1090 1618 1100 ·
1639 1063 1773 1126 quod
1796 1064 2036 1112 maturius
2053 1064 2374 1128 prouidentes
2398 1072 2447 1113 et
2472 1073 2628 1113 atten-

589 1160 758 1207 dentes
778 1156 1082 1205 venerabiles
1109 1164 1157 1204 et
1182 1152 1393 1218 religiofi
1419 1154 1512 1202 viri
1538 1154 1689 1204 abbas
1710 1164 1760 1205 et
1779 1164 2054 1205 conuentus
2078 1156 2359 1205 monasterii
2380 1158 2443 1205 de
2459 1157 2629 1221 Cupro

591 1248 982 1300 Cisterciensiutn
1020 1248 1207 1296 ordinis
1243 1233 1300 1295 ac
1336 1246 1555 1310 prediffite
1596 1245 1949 1296 Sanfflandree
1984 1247 2188 1296 diocesis
2218 1248 2413 1296 suarum
2438 1249 2629 1297 ecclesi-

589 1358 725 1389 arum
751 1350 800 1389 et
825 1349 1068 1389 terrarum
1101 1338 1535 1387 incomoditatibus
1567 1355 1624 1386 ac
1665 1337 1898 1387 indebitis
1939 1338 2275 1395 exafiionibus
2311 1339 2628 1403 imposterum

587 1448 855 1497 precauere
883 1431 1105 1479 uolentes
1130 1430 1272 1478 nobis
1307 1429 1575 1478 instancius
1611 1446 1720 1477 cum
1759 1428 2035 1478 humilitate
2073 1428 2376 1493 suplicarunt
2400 1430 2630 1494 quatinus

586 1542 674 1589 per
698 1523 850 1572 nostri
875 1522 1078 1587 capituli
1104 1521 1496 1570 declaracionem
1522 1522 1822 1571 autenticam
1847 1523 2214 1571 notificaremus
2240 1523 2272 1571 fi
2299 1538 2514 1587 vnquam
2540 1538 2629 1587 per

586 1634 675 1665 nos
699 1624 783 1665 aut
806 1615 996 1663 nostros
1020 1613 1368 1679 predicessores
1403 1613 1605 1661 racione
1640 1621 1887 1663 terrarum
1922 1615 2200 1663 nostrarum
2223 1616 2416 1680 prefato
2440 1614 2630 1663 monas-

588 1708 712 1755 terio
736 1706 902 1755 nostro
935 1705 1298 1770 pertinencium
1340 1704 1489 1752 alicui
1525 1713 1610 1753 aut
1643 1705 1889 1771 aliquibus
1927 1706 2167 1771 episcopis
2200 1706 2401 1755 racione
2433 1704 2628 1755 subsidii

589 1807 672 1848 aut
696 1799 902 1847 alicuius
936 1797 1317 1863 gratificacionis
1354 1797 1402 1844 in
1440 1797 1535 1844 suis
1570 1798 1972 1862 primordialibus
2005 1798 2406 1863 promociouibus
2440 1798 2628 1862 aliquid

589 1894 808 1940 exactum
834 1898 918 1938 aut
942 1891 1107 1939 datum
1144 1890 1294 1938 fuerit
1329 1899 1413 1938 aut
1438 1890 1471 1937 si
1498 1890 1559 1938 de
1595 1889 1809 1938 ecclefiis
1843 1890 1986 1938 nobis
2019 1890 2383 1955 pertinentibus
2419 1890 2627 1938 tercium

588 1991 672 2030 aut
696 1991 924 2045 quartum
949 1981 1202 2030 denarium
1227 1982 1421 2045 prefata
1455 1980 1656 2028 racione
1683 1998 1898 2045 vnquam
1922 1981 2146 2029 dedimus
2170 1980 2269 2029 siue
2295 1980 2590 2030 contulimus
2616 2009 2624 2019 ·

589 2091 676 2122 nos
716 2074 870 2138 igitur
909 2074 1078 2122 habita
1124 2074 1266 2138 super
1312 2074 1406 2122 hoc
1451 2083 1647 2122 matura
1691 2072 1981 2121 discussione
2028 2072 2255 2137 diligenti
2303 2073 2537 2121 scrutinio
2579 2081 2628 2121 et

588 2166 956 2214 examinacione
997 2165 1305 2214 notificamus
1346 2165 1654 2214 declaramus
1701 2183 1759 2214 ac
1805 2182 1895 2230 per
1939 2165 2190 2230 presentes
2234 2165 2379 2214 fidele
2427 2165 2627 2214 ferimus

588 2257 915 2305 testimonium
949 2274 1037 2304 nos
1076 2257 1229 2305 nichil
1259 2274 1473 2320 vnquam
1515 2257 1715 2306 racione
1752 2264 1996 2305 terrarum
2034 2256 2311 2305 nostrarum
2348 2257 2627 2321 Vbicunque

591 2349 869 2397 fituatarum
895 2348 1073 2397 dedisse
1101 2357 1151 2397 ut
1175 2350 1424 2413 prefertur
1447 2350 1648 2398 racione
1683 2348 1891 2397 alicuius
1918 2347 2115 2396 subsidii
2138 2355 2223 2396 aut
2245 2347 2627 2412 gratificacionis

560 2457 680 2489 ‘nec
714 2457 925 2503 vnquam
965 2457 1054 2488 nos
1089 2440 1140 2488 in
1178 2441 1453 2489 huiusmodi
1495 2458 1585 2505 per
1620 2440 1835 2504 aliquem
1874 2439 1954 2488 vel
1989 2439 2180 2504 aliquos
2215 2439 2466 2505 episcopos
2490 2440 2625 2488 fuisse

591 2539 816 2579 oneratos
840 2531 938 2580 fiue
963 2532 1117 2580 eciam
1155 2533 1362 2581 tercium
1399 2542 1483 2581 aut
1508 2539 1736 2597 quartum
1761 2530 2019 2579 denarium
2053 2531 2254 2579 racione
2290 2530 2496 2579 alicuius
2520 2531 2626 2579 sub·

591 2623 695 2671 sidii
720 2631 803 2671 aut
827 2623 924 2672 tale
949 2624 1068 2687 quid
1090 2624 1322 2687 predictis
1347 2625 1585 2688 episcopis
1616 2623 1797 2672 dedisse
1821 2630 1906 2672 aut
1942 2639 2030 2687 per
2054 2623 2246 2672 eosdem
2270 2623 2412 2671 nobis
2436 2622 2626 2687 imposi-

591 2722 692 2762 tum
731 2713 865 2762 fuisse
900 2741 909 2751 ·
943 2723 992 2762 et
1022 2715 1116 2763 hoc
1155 2716 1379 2763 omnibus
1415 2717 1591 2779 quibus
1625 2715 1831 2764 interest
1862 2722 1947 2764 aut
1979 2713 2206 2763 interesse
2236 2715 2420 2779 poterit
2454 2722 2624 2763 notum

590 2804 795 2852 facimus
817 2821 906 2868 per
928 2804 1176 2868 presentes
1200 2834 1210 2843 ·
1237 2805 1297 2853 In
1330 2808 1467 2855 cuius
1507 2809 1581 2857 rei
1622 2808 1952 2857 testimonium
1992 2807 2202 2873 sigillum
2235 2807 2390 2856 nostri
2421 2807 2625 2872 capituli
