2762 3834
504 398 568 441 50
950 386 1375 440 REGISTRUM
1411 384 1508 433 DE
1545 379 2105 431 ABERBROTHOC.
2138 424 2148 427 „

503 526 740 575 limitibus
789 524 1004 572 eiusdem
1055 560 1066 571 .
1119 558 1131 571 .
1184 557 1196 569 .
1246 536 1303 568 ex
1354 517 1512 565 altera
1555 551 1566 562 .
1618 551 1630 562 .
1685 550 1696 561 .
1744 513 1943 561 tandem
1989 513 2133 562 cursu
2181 515 2419 579 temporis
2465 532 2558 579 per

568 655 579 666 .
631 654 643 666 .
681 615 958 665 Walterum
994 612 1199 661 Paniter
1234 610 1460 657 abbatem
1497 604 1708 670 predicti
1744 603 2032 653 monasterii
2079 641 2090 651 .
2142 642 2153 653 .
2204 642 2215 654 .
2255 605 2396 655 breui
2431 623 2555 670 pure

504 706 948 774 perambulacionis
997 706 1058 752 de
1106 701 1297 766 capella
1344 698 1532 747 domini
1578 696 1712 762 regis
1761 697 1964 745 obtento
2028 734 2038 745 .
2100 735 2110 746 .
2176 735 2187 746 .
2248 715 2307 747 ac
2353 698 2555 747 domino

504 799 792 849 Alexandro
834 798 895 845 de
939 796 1128 843 Forbas
1166 793 1368 841 domino
1408 790 1622 839 eiusdem
1662 788 1938 852 justiciario
1985 789 2073 837 illa
2114 790 2175 838 de
2219 791 2365 839 causa
2404 790 2555 855 speci·

503 891 645 939 aliter
681 889 918 952 aflignato
964 924 975 934 .
1027 923 1038 934 .
1090 923 1101 933 .
1146 886 1340 932 demum
1379 899 1470 947 per
1514 920 1523 930 .
1576 919 1587 929 .
1641 918 1651 928 .
1692 880 1973 930 VValterum
2011 881 2259 948 L'indesay
2296 882 2556 931 vicecomi-

503 992 599 1031 tem
641 982 702 1029 de
731 980 972 1028 'Abirdon
1022 985 1071 1026 et
1117 975 1367 1024 ministros
1412 974 1521 1022 suos
1570 1003 1580 1013 ·
1630 983 1685 1023 ut
1730 991 1821 1039 per
1867 984 2159 1041 preceptum
2210 976 2419 1040 speciale
2466 993 2556 1041 per

503 1113 513 1122 .
555 1112 565 1123 .
605 1110 616 1121 .
654 1072 925 1120 Robertum
963 1071 1139 1118 ducem
1178 1068 1395 1117 Albanie
1433 1076 1553 1115 tunc
1588 1068 1975 1132 gubernatorem
2013 1067 2187 1118 Scocie
2222 1068 2275 1116 in
2312 1069 2556 1118 mandatis

460 1165 669 1214 sbabuit
718 1193 727 1202 ·
778 1164 989 1211 barones
1035 1161 1125 1210 viri
1174 1160 1366 1208 nobiles
1413 1168 1461 1208 et
1508 1177 1742 1224 proceres
1784 1161 2160 1211 vicecomitatus
2202 1162 2417 1212 eiusdem
2462 1163 2556 1212 hac

501 1258 560 1305 de
603 1255 745 1304 causa
794 1255 931 1303 citati
988 1292 998 1303 .
1056 1292 1066 1302 .
1124 1290 1134 1301 .
1187 1254 1267 1301 die
1314 1252 1457 1301 Lune
1501 1270 1614 1301 cum
1663 1254 2046 1304 continuacione
2091 1256 2283 1305 dierum
2326 1255 2555 1305 vicefimo

500 1350 712 1398 secundo
760 1348 840 1396 die
888 1346 1064 1396 mensis
1107 1346 1411 1395 Nouembris
1451 1363 1582 1394 anno
1622 1347 1829 1397 Domini
1880 1349 2135 1398 millesimo
2184 1357 2320 1399 cccc⁰
2361 1350 2554 1399 decimo

497 1442 700 1506 septimo
737 1441 915 1489 eisdem
956 1458 1014 1488 ac
1049 1440 1274 1504 partibus
1310 1437 1548 1504 affignato
1585 1441 1732 1506 supra
1766 1449 1950 1490 terram
1988 1443 2050 1491 de
2088 1459 2187 1507 qua
2213 1443 2362 1508 supra
2387 1460 2554 1493 coram

491 1533 764 1598 justiciario
790 1533 1013 1597 predicto
1037 1532 1362 1598 personaliter
1388 1549 1677 1597 comparere
1702 1551 1761 1582 ac
1799 1570 1811 1582 .
1851 1572 1861 1582 .
1901 1571 1912 1582 .
1947 1534 2107 1584 subire
2139 1536 2260 1600 quid
2286 1537 2407 1584 ordo
2433 1536 2555 1585 iuris

497 1627 774 1691 requireret
813 1664 823 1675 .
864 1664 875 1674 .
915 1664 926 1675 .
964 1625 1063 1675 Die
1084 1643 1202 1675 vero
1221 1633 1484 1691 prenotato
1503 1625 1809 1690 justiciarius
1847 1663 1860 1675 .
1899 1664 1910 1676 .
1951 1664 1961 1675 .
1998 1644 2091 1692 pro
2117 1628 2356 1677 tribunali
2381 1629 2555 1677 sedens

497 1719 803 1784 presentibus
841 1720 1107 1769 baronibus
1150 1757 1162 1769 .
1200 1758 1211 1769 .
1252 1758 1263 1769 .
1306 1737 1365 1770 ac
1407 1718 1574 1768 multis
1613 1719 1722 1767 aliis
1763 1719 2138 1769 vicecomitatus
2177 1758 2188 1770 .
2229 1758 2240 1770 .
2281 1758 2292 1769 .
2329 1721 2555 1786 partibus

496 1814 648 1861 breue
687 1812 822 1860 suum
858 1813 976 1862 fecit
1012 1813 1203 1877 perlegi
1242 1820 1291 1862 et
1328 1850 1340 1862 .
1379 1850 1390 1861 .
1432 1850 1443 1861 .
1480 1812 1766 1861 racionibus
1801 1812 2052 1877 Vtriusque
2090 1813 2247 1878 partis
2285 1821 2334 1862 et
2374 1813 2555 1880 allega-

499 1905 722 1953 cionibus
761 1942 770 1952 .
811 1941 822 1952 .
863 1944 874 1954 .
913 1905 1230 1956 consideratis
1267 1924 1358 1972 per
1395 1906 1487 1954 hos
1525 1905 1859 1954 ambulatores
1897 1943 1908 1954 .
1948 1943 1960 1954 .
2000 1942 2011 1954 .
2049 1923 2231 1972 magno
2272 1907 2554 1959 iuramento

496 1997 860 2046 interueniente
905 2027 915 2037 ·
955 1999 1188 2049 videlicet
1225 2029 1235 2039 ·
1277 1999 1553 2048 Dominum
1593 1998 1873 2047 Henricum
1912 1999 1974 2048 de
2012 1999 2255 2048 Prestoun
2298 2000 2552 2048 dominum

498 2090 557 2136 de
599 2089 926 2156 Fermartyne
965 2119 975 2129 ·
1011 2091 1353 2141 Alexandrum
1392 2093 1454 2141 de
1490 2091 1689 2157 Irwyne
1725 2092 1981 2140 dominum
2006 2090 2210 2141 Foreste
2249 2093 2310 2141 (16
2349 2091 2513 2141 Drum
2544 2120 2554 2130 ·

499 2181 742 2231 Thomam
767 2183 1020 2249 Brysbane
1047 2185 1300 2234 dominum
1325 2186 1387 2234 (16
1411 2184 1643 2234 Latheris
1666 2210 1678 2224 ·
1702 2183 2005 2233 Willelmum
2032 2185 2094 2234 de
2120 2184 2372 2234 Meldrum
2399 2185 2552 2234 domi-

498 2291 615 2322 num
653 2275 869 2324 eiusdem
905 2303 916 2314 ·
954 2277 1237 2325 Johannem
1275 2279 1337 2327 de
1376 2277 1639 2344 Ogystoun
1675 2277 1931 2326 dominum
1970 2278 2186 2327 eiusdem
2227 2308 2238 2318 ·
2277 2278 2551 2328 Robertum

500 2366 764 2416 Matilland
811 2368 1063 2417 dominum
1113 2370 1173 2418 de
1226 2369 1453 2420 Schewes
1501 2399 1512 2410 ·
1561 2369 1734 2419 Dauid
1780 2371 1842 2418 de
1882 2370 2143 2436 Wyntoun
2187 2371 2442 2419 dominum
2491 2372 2552 2420 (16

503 2457 708 2508 Handot
745 2488 757 2499 ·
799 2459 1056 2509 Andream
1083 2462 1144 2509 (16
1171 2461 1380 2527 Turyne
1411 2462 1665 2511 dominum
1690 2462 1752 2511 de
1776 2462 1818 2511 F
1821 2480 1986 2511 owern
2030 2492 2040 2502 ·
2076 2462 2382 2512 Willelmum
2412 2463 2552 2512 Rede

500 2550 748 2597 dominum
776 2552 836 2599 de
862 2551 1149 2617 Ranystoun
1175 2581 1198 2599 .·
1236 2554 1524 2620 Philippum
1549 2556 1611 2604 de
1639 2555 1892 2605 Craufurd
1926 2556 2180 2605 dominum
2207 2557 2268 2605 de
2293 2555 2514 2622 Fethray
2540 2586 2550 2596 ·

503 2639 746 2688 Thomam
784 2642 843 2689 de
884 2643 1092 2709 Gardyn
1129 2646 1382 2695 dominum
1418 2649 1479 2696 (16
1516 2647 1785 2697 Badwhase
1821 2676 1832 2686 ·
1869 2648 2174 2713 Phillippum
2208 2650 2269 2698 de
2302 2648 2551 2698 Dunbrek

501 2731 754 2779 dominum
790 2732 1004 2781 eiusdem
1046 2764 1056 2774 ·
1098 2735 1381 2786 Johannem
1418 2740 1479 2787 (16
1515 2740 1885 2806 Dalgarnowch
1923 2741 2177 2790 dominum
2214 2742 2276 2790 de
2308 2741 2499 2807 Fyntrc
2540 2771 2550 2780 ·

501 2823 844 2871 Alexandrum
864 2824 1038 2875 Freser
1058 2828 1118 2875 de
1137 2815 1330 2877 Pertew
1355 2859 1366 2869 ·
1393 2831 1739 2881 Alexandrum
1758 2833 1820 2882 de
1840 2833 2181 2899 Abircrumby
2197 2834 2259 2883 de
2281 2833 2518 2900 Cubardy
2539 2862 2549 2872 ·

499 2914 782 2963 ,Iohannem
809 2915 940 2965 Biset
982 2946 992 2956 ·
1032 2918 1337 2969 Willelmum
1363 2922 1553 2972 Burnet
1594 2954 1604 2965 -
1649 2933 1698 2974 et
1728 2925 2028 2975 Willelmum
2066 2927 2128 2974 de
2168 2924 2354 2991 spensa
2394 2954 2404 2964 ·
2449 2926 2550 2985 Qui

499 3006 696 3070 quidem
734 3007 1063 3057 ambulatores
1097 3012 1318 3074 predicto
1353 3014 1433 3062 die
1472 3016 1604 3079 quafi
1638 3017 1701 3066 ab
1730 3017 1856 3066 hora
1880 3018 2135 3067 causarum
2160 3019 2407 3068 marchias
2431 3020 2549 3068 vtri·

498 3097 649 3161 usque
684 3098 839 3161 partis
873 3099 1236 3150 considerantes
1284 3142 1293 3151 .
1344 3143 1352 3153 .
1402 3144 1411 3153 .
1461 3124 1517 3155 ac
1555 3108 1607 3156 in
1642 3109 1857 3158 'materia
1884 3111 2036 3174 usque
2075 3111 2138 3159 ad
2176 3111 2286 3159 solis
2323 3111 2549 3160 occasum

497 3189 778 3239 laborantes
825 3229 835 3239 .
884 3230 894 3240 .
944 3229 955 3240 .
1004 3192 1333 3244 decreuerunt
1381 3236 1390 3245 .
1439 3236 1448 3246 .
1497 3237 1507 3248 .
1558 3202 1817 3250 materiam
1860 3242 1869 3251 .
1908 3242 1917 3251 .
1956 3242 1965 3251 .
2010 3203 2290 3252 continuari
2321 3205 2548 3269 usquein
