2762 3834
12 1145 77 1188 33

18 3005 84 3047 34

586 361 1018 416 REGISTRUM
1051 363 1149 414 DE
1185 362 1750 415 ABERBROTHOC.
2138 370 2199 414 31

132 499 194 548 In
230 498 371 548 cuius
406 498 480 548 rei
517 499 850 549 testimonium
885 499 976 548 has
1010 499 1182 549 literas
1218 498 1360 548 uobis
1398 497 1728 548 ostendendas
1771 504 1820 547 et
1862 514 1977 547 cum
2019 497 2200 547 eisdem

130 592 373 658 religiosis
397 593 708 644 remansuras
737 592 852 658 ipfis
886 593 996 642 fieri
1030 592 1237 642 fecimus
1272 598 1501 658 patentes
1536 592 1672 658 apud
1707 590 1919 641 Monros
1953 588 2096 640 xxiii⁰
2120 592 2200 640 die

133 685 366 736 Octobris
391 702 523 734 anno
547 686 691 752 regni
715 685 871 735 nostri
896 676 1290 752 quadragesimo·

133 936 308 1011 Carta
331 959 479 1008 officii
502 959 551 1008 le
574 959 825 1024 dempstar
848 959 1141 1010 inueniendi
1161 960 1213 1009 in
1239 959 1391 1009 curiis
1414 959 1624 1010 abbatis

132 1122 311 1195 Anno
358 1144 530 1210 gracie
579 1142 837 1194 millefimo
893 1143 1237 1193 trecentefimo
1283 1144 1636 1209 septuagesimo
1681 1145 1881 1210 presens
1921 1145 2197 1195 conuencio

131 1236 262 1286 faeta
302 1237 395 1286 fuit
434 1237 568 1287 inter
606 1274 618 1285 .
657 1274 669 1285 .
707 1272 719 1285 .
755 1235 1044 1285 Johannem
1081 1272 1094 1286 .
1132 1273 1144 1285 .
1183 1273 1196 1285 .
1230 1237 1460 1286 abbatem
1508 1237 1570 1287 de
1611 1237 1953 1288 Abirbrothoc
1995 1246 2045 1288 et
2081 1276 2093 1287 .
2132 1276 2145 1287 .
2184 1276 2195 1287 .

132 1338 434 1379 conuentum
471 1346 533 1378 ex
566 1337 711 1394 parte
747 1346 847 1378 vna
890 1336 940 1378 et
980 1329 1242 1378 Andream
1274 1328 1544 1394 Dempstar
1585 1330 1840 1380 dominum
1883 1332 1946 1380 (16
1987 1331 2199 1382 Kerald·

132 1422 274 1471 stoun
313 1422 721 1470 liberetenentem
745 1429 796 1470 et
819 1420 1071 1470 hominem
1116 1455 1130 1469 .
1172 1457 1184 1469 .
1229 1458 1241 1470 .
1285 1421 1478 1470 abbatis
1526 1457 1538 1469 .
1588 1454 1615 1470 ,κ
1652 1459 1664 1470 .
1712 1429 1846 1471 terre
1870 1423 1932 1472 de
1957 1422 2198 1489 Kennyn·

130 1514 346 1563 mukard
382 1514 434 1562 in
481 1513 835 1580 Kyngoldrum
874 1530 937 1562 ex
978 1512 1138 1562 altera
1178 1511 1414 1561 videlicet
1458 1539 1470 1551 ·
1514 1511 1664 1570 Quod
1706 1513 1840 1563 idem
1879 1514 2110 1565 Andreas
2149 1525 2199 1565 et

130 1607 340 1656 heredes
379 1606 450 1656 sui
487 1614 726 1671 tanquam
760 1606 989 1656 homines
1027 1641 1038 1654 .
1078 1642 1090 1654 .
1128 1641 1140 1653 .
1178 1603 1370 1653 abbatis
1407 1620 1466 1653 ac
1502 1604 1824 1654 succefl'orum
1862 1643 1874 1655 .
1912 1643 1926 1654 .
1965 1643 1978 1655 .
2014 1607 2199 1657 facient

132 1699 247 1764 ipfis
272 1699 513 1748 deseruiri
538 1699 601 1748 de
627 1698 787 1748 officio
811 1699 991 1748 iudicis
1015 1698 1068 1747 in
1095 1696 1248 1753 curiis
1271 1711 1444 1744 eorum
1467 1712 1559 1761 per
1577 1714 1730 1746 vnum
1746 1697 1999 1747 hominem
2023 1714 2200 1748 eorun-

133 1792 246 1841 dem
270 1790 564 1841 refidentern
590 1791 643 1840 in
666 1791 831 1841 schira
853 1792 916 1840 de
941 1788 1285 1840 Abirbrothoc
1308 1788 1395 1853 qui
1417 1787 1601 1838 iurabit
1625 1789 1888 1855 specialem
1910 1791 2198 1841 fidelitatem

134 1884 199 1933 ad
236 1884 420 1933 diotum
458 1883 672 1932 officium
707 1883 988 1933 faciendum
1029 1909 1044 1922 ·
1085 1881 1196 1947 Ipse
1231 1881 1391 1930 eciam
1412 1880 1644 1931 Andreas
1669 1890 1719 1932 et
1741 1883 1951 1933 heredes
1974 1884 2046 1933 sui
2085 1922 2096 1933 .
2136 1924 2146 1933 .
2187 1923 2199 1933 .

132 1977 424 2042 prestabant
444 1976 778 2026 iuramentum
800 1976 1057 2026 fidelitatis
1079 1975 1226 2025 dietis
1250 1973 1419 2023 abbati
1454 2010 1468 2022 .
1506 2010 1519 2023 .
1556 2011 1570 2023 .
1608 1991 1667 2023 ac
1691 1975 2043 2026 succefl'oribus
2081 2014 2094 2027 .
2134 2015 2145 2025 .
2186 2015 2197 2026 .

134 2077 185 2118 et
225 2068 472 2134 recipient
508 2068 710 2134 fingulis
748 2068 893 2118 annis
927 2067 1108 2134 viginti
1142 2067 1323 2117 solidos
1359 2066 1709 2133 sterlingorum
1751 2069 1814 2118 (16
1850 2069 2063 2120 exitibus
2099 2071 2199 2120 dic-

136 2169 298 2211 tarum
335 2161 587 2210 curiarum
626 2162 691 2210 ad
728 2161 967 2211 terminos
992 2160 1183 2210 vsuales
1219 2176 1313 2226 pro
1337 2159 1498 2208 officio
1523 2161 1772 2211 antedicto
1814 2190 1825 2201 ·
1869 2161 1930 2211 In
1955 2163 2095 2212 cuius
2126 2164 2198 2213 rei

135 2252 468 2302 testimonium
504 2252 719 2318 figillum
757 2289 769 2301 .
810 2289 822 2300 .
860 2289 873 2301 .
910 2251 1103 2311 abbatis
1138 2259 1188 2301 et
1221 2259 1497 2302 conuentus
1530 2270 1590 2302 ac
1622 2252 1834 2318 sigillum
1858 2254 2064 2303 Andree
2089 2271 2198 2320 pre-

135 2344 254 2395 dieti
287 2345 512 2411 partibus
546 2345 693 2394 huius
728 2344 994 2394 indenture
1028 2343 1149 2393 hinc
1182 2344 1301 2394 inde
1339 2345 1711 2396 remanentibus
1734 2346 2023 2396 altrinsecus
2048 2364 2196 2413 appo·

135 2445 338 2488 nuntur.

141 2703 481 2775 Abirkerdor
522 2753 533 2764 ·
579 2723 848 2774 Sentencia
879 2732 1057 2774 contra
1086 2724 1330 2775 vicarium
1368 2727 1586 2777 eiusdem
1625 2727 1829 2778 ecclesie
1864 2727 2009 2793 super
2034 2745 2198 2777 annua

137 2813 370 2880 penfione
394 2822 594 2864 centurn
618 2815 884 2864 solidorum
910 2816 1276 2882 sterlingorum.

138 2974 213 3047 In
257 2996 458 3044 nomine
506 2996 715 3045 Domini
758 3014 903 3046 amen
950 3028 961 3039 ·
1012 2996 1141 3047 Cum
1193 3014 1283 3046 nos
1323 2998 1545 3047 officialis
1584 2999 1722 3048 curie
1765 2997 2093 3048 Morauienfis
2135 3001 2198 3047 ad

138 3086 431 3136 instanciam
470 3086 694 3151 magistri
730 3087 974 3138 Willelmi
1015 3090 1078 3138 (16
1121 3089 1298 3156 Spyny
1338 3091 1680 3156 procuratoris
1727 3127 1741 3140 .
1792 3127 1805 3139 .
1855 3127 1867 3140 .
1916 3090 2106 3139 abbatis
2147 3098 2196 3137 et

137 3188 413 3229 conuentus
453 3180 738 3229 monasterii
779 3181 840 3230 de
878 3181 1218 3231 Abirbrothoc
1268 3218 1280 3230 .
1331 3218 1343 3230 .
1394 3218 1406 3230 .
1455 3182 1601 3231 citari
1640 3181 1905 3231 fecerimus
1939 3181 2192 3230 dominum
