2742 3848
49 862 144 926 644

44 1882 134 1933 645

657 355 1086 408 REGISTRUM
1121 354 1219 404 DE
1256 352 1820 404 ABERBROTHOC.
2163 356 2261 404 463

199 491 559 542 executoriales
605 491 786 541 Jacobi
832 490 1190 541 Sanchiandree
1235 489 1452 555 episcopi
1500 489 1708 554 desuper
1756 494 1990 537 executos
2042 487 2159 554 [etc.
2209 498 2261 538 ut

197 586 343 650 supra
367 584 465 634 No.
494 584 614 650 546]
655 613 665 623 ·
703 588 768 632 28
793 583 919 633 Maii
947 582 1089 636 1527.

197 838 352 910 Idem
377 859 560 908 assedat
595 876 686 924 pro
719 858 1051 907 nouendecim
1087 857 1230 907 annis
1268 856 1580 906 Allexandro
1607 857 1761 906 Lame
1792 857 1844 907 in
1878 857 2041 924 Leyth
2081 886 2091 896 ·
2127 857 2263 907 Mar-

197 960 368 1018 garete
394 952 590 1019 Erskyn
616 952 720 1001 eius
742 951 912 1018 sponse
939 979 949 989 ·
976 963 1024 1000 et
1047 951 1253 999 Andree
1278 950 1432 999 Lame
1459 968 1630 999 eorum
1654 950 1757 999 filio
1782 978 1793 988 ·
1818 952 1915 1000 suis
1941 950 2192 1017 affignatis
2217 961 2265 1001 et

198 1046 569 1095 subtenentibus
600 1063 701 1094 non
737 1045 941 1094 maioris
978 1044 1131 1093 status
1174 1043 1535 1093 dimidietatem
1577 1051 1827 1093 terrarum
1863 1045 1925 1093 de
1960 1043 2265 1094 Sowthterre

197 1156 287 1203 per
324 1138 584 1187 Andream
620 1138 764 1205 Lync
800 1138 900 1186 iam
941 1143 1234 1202 occupatam
1274 1136 1407 1185 infra
1442 1136 1717 1184 dominium
1760 1143 1810 1185 et
1850 1136 2163 1202 regalitatem
2206 1137 2267 1185 dc

198 1231 461 1298 Arbroyth
488 1249 600 1280 cum
625 1231 867 1297 potestate
900 1231 1217 1280 subtenentes
1242 1229 1534 1294 imponendi
1558 1236 1607 1278 et
1632 1229 1927 1278 remouendi
1964 1260 1974 1270 ·
2015 1228 2267 1279 Soluendo

199 1333 299 1374 tres
320 1325 514 1374 celdras
534 1342 805 1374 auenarum
825 1325 1053 1373 mensure
1073 1323 1170 1372 fori
1191 1322 1437 1373 currentis
1457 1323 1522 1371 ad‘
1541 1322 1778 1371 terminos
1799 1323 2030 1372 vi&ualia
2046 1322 2269 1371 soluendi

201 1435 312 1466 cum
338 1418 496 1467 tribus
531 1418 672 1466 libris
709 1418 789 1466 sex
824 1417 991 1466 solidis
1027 1425 1076 1466 et
1113 1418 1220 1465 octo
1258 1415 1475 1464 denariis
1510 1424 1708 1464 monete
1738 1414 1912 1465 Scocie
1939 1416 2003 1464 ad
2031 1416 2269 1465 terminos

202 1511 460 1558 consuetos
484 1517 713 1576 rynmart
749 1509 941 1558 custum
967 1510 1160 1574 veddyr
1186 1516 1235 1558 et
1259 1508 1369 1557 aliis
1393 1508 1763 1558 husbandorum
1789 1510 2024 1558 oneribus
2050 1526 2163 1558 cum
2188 1509 2269 1558 sex

202 1602 474 1667 caponibus
500 1610 549 1651 et
576 1602 782 1651 totidem
807 1602 956 1666 pullis
982 1601 1165 1650 adultis
1203 1629 1212 1640 ·
1251 1606 1281 1649 5
1305 1601 1340 1650 J
1345 1601 1450 1650 unii
1479 1602 1624 1655 1527.

200 1858 353 1930 Idem
391 1878 574 1928 affedat
611 1896 701 1945 pro
737 1880 1069 1928 nouendecim
1104 1879 1249 1928 annis
1276 1897 1304 1928 a
1328 1880 1451 1929 festo
1478 1880 1830 1930 Pentechostes
1861 1882 1987 1936 1527
2016 1881 2271 1930 Willelmo

201 1972 439 2023 Durwart
464 1973 514 2021 in
542 1973 800 2022 Brontone
827 1981 876 2022 et
902 1973 1117 2022 Katrine
1143 1972 1411 2022 Mortimar
1449 1974 1554 2022 eius
1591 1974 1761 2039 sponse
1798 1975 2113 2024 Allexandro
2139 1974 2272 2024 Dur-

204 2075 326 2116 wart
351 2074 400 2115 et
424 2066 459 2115 J
463 2066 618 2115 acobo
641 2066 881 2116 Durwart
906 2074 1008 2115 tres
1034 2066 1312 2131 quarterias
1338 2075 1587 2116 terrarum
1605 2067 1721 2117 ville
1747 2069 1809 2117 de
1832 2067 2134 2118 Browntone
2161 2086 2272 2117 cum

202 2158 409 2207 decimis
461 2158 746 2224 garbalibus
799 2176 922 2224 quas
968 2160 1153 2223 prefati
1202 2159 1487 2209 VVillelmus
1535 2168 1585 2210 et
1633 2160 1944 2210 Allexander
1991 2161 2097 2210 eius
2142 2161 2272 2210 filius

203 2259 449 2316 occupant
474 2281 484 2291 ·
516 2250 767 2300 Soluendo
791 2269 937 2301 vnam
965 2252 1186 2301 celdram
1211 2260 1312 2301 tres
1336 2253 1493 2302 bollas
1519 2260 1568 2302 et
1594 2261 1694 2302 tres
1716 2253 1927 2302 firlottas
1948 2271 2059 2302 cum
2080 2254 2272 2302 duobus

202 2345 367 2409 peccis
404 2345 640 2393 frumenti
681 2374 691 2384 ·
732 2346 855 2394 duas
891 2345 1084 2394 celdras
1122 2346 1294 2395 decem
1330 2345 1488 2394 bollas
1526 2353 1575 2394 et
1611 2353 1712 2394 tres
1750 2345 1960 2394 firlottas
1997 2345 2136 2393 ordei
2173 2374 2183 2383 ·
2223 2354 2271 2394 et

204 2437 467 2486 duodecim
491 2437 648 2486 bollas
684 2438 845 2487 farine
877 2439 1140 2489 auenatice
1177 2467 1189 2477 ·
1228 2456 1441 2488 vnacum
1478 2439 1636 2487 tribus
1671 2438 1817 2487 bollis
1853 2439 1902 2503 ly
1932 2442 2115 2505 czgstum
2151 2456 2270 2487 corn

204 2537 252 2579 et
288 2547 469 2578 nouem
508 2531 782 2594 caponibus
816 2540 1046 2597 rynmart
1071 2540 1120 2581 et
1147 2531 1351 2597 weddyr
1377 2539 1427 2580 et
1450 2531 1818 2580 husbandorum
1847 2531 1955 2580 aliis
1988 2531 2222 2580 oneribus
2260 2561 2269 2569 ·

205 2626 269 2670 24
294 2621 328 2670 J
333 2622 438 2671 unii
468 2623 610 2677 1527.

3 2952 6 2959 Ι
50 2900 53 2903 ’
86 2895 160 2944 ’46
208 2874 338 2947 The
376 2898 525 2948 abbot
560 2899 792 2963 appoints
822 2899 1036 2965 Gylbert
1071 2899 1297 2949 Menzeis
1322 2900 1538 2965 provost‚
1567 2901 1667 2949 and
1691 2900 1912 2966 Wilyem
1937 2900 2154 2949 Rolland
2179 2918 2272 2949 one

211 2988 265 3036 of
298 2989 382 3038 the
420 2989 593 3039 bailies
636 2991 691 3039 of
721 2992 966 3051 Abirden,
1005 2993 1136 3041 their
1176 2993 1311 3041 heirs
1348 2993 1448 3041 and
1483 2992 1735 3057 affigneeS,
1774 2993 1851 3041 his
1891 2993 2063 3041 bailies
2100 2994 2155 3041 of
2190 2994 2272 3043 thc

210 3081 400 3146 barony
432 3083 487 3130 of
519 3082 681 3132 Torre
716 3084 768 3132 in
806 3085 889 3134 the
926 3085 1212 3134 sheriffdom
1247 3085 1303 3133 of
1332 3085 1647 3151 Kyncardyn
1683 3085 1761 3133 for
1795 3085 2029 3134 nineteen
2060 3103 2274 3150 years-

213 3172 329 3222 with
371 3191 538 3239 power
576 3184 627 3225 to
666 3178 872 3241 appoint
912 3178 1206 3236 substituteS,
1247 3187 1298 3228 to
1342 3179 1462 3228 hold
1507 3186 1688 3237 courts,
1734 3187 1785 3228 to
1826 3187 1974 3244 grant
2016 3179 2180 3237 leases‚
2223 3188 2271 3227 to
