2762 3834
576 381 1008 434 REGlSTRUM
1042 383 1140 433 DE
1176 382 1743 438 ABERBROTHOC.
2134 397 2193 439 15

123 514 358 581 pensione
378 517 486 565 οᾶο
504 533 786 566 marcarum
806 517 1158 584 sterlingorum
1177 519 1359 570 eisdem
1376 521 1543 571 abbati
1560 529 1610 571 et
1626 522 1897 572 conuentui
1914 522 2192 573 debitarum

123 608 327 675 singulis
351 610 495 659 annis
519 626 610 675 per
633 610 875 660 vicarium
905 611 968 660 de
994 611 1219 662 Tarwais
1255 613 1341 678 qui
1376 630 1468 679 pro
1503 621 1728 680 tempore
1764 614 1915 664 fuerit
1948 623 2098 680 prout
2134 633 2193 664 ex

122 702 389 751 autenticis
425 702 766 752 instrumentis
804 711 906 753 tam
945 703 1073 753 sedis
1113 704 1381 770 apostolice
1420 723 1570 771 quam
1596 707 1939 773 delegatorum
1976 707 2192 757 eiusdem

120 794 318 858 plenius
374 795 426 844 in
474 795 669 860 scriptis
717 805 926 861 apparet
972 797 1104 846 dieta
1150 799 1490 848 controuersia
1532 808 1633 849 tam
1681 818 1743 850 ex
1791 800 2026 850 consensu
2073 800 2191 849 dicti

120 887 311 936 domini
347 888 539 937 abbatis
575 889 776 938 nomine
802 889 887 938 suo
923 896 973 938 et
1010 898 1285 940 conuentus
1309 890 1383 940 sui
1407 909 1557 956 quam
1580 893 1680 942 mei
1710 893 1763 942 in
1787 893 2037 958 presentia
2073 931 2085 942 .
2125 932 2135 942 .
2177 932 2187 942 .

121 981 310 1029 domini
348 980 630 1030 Alexandri
680 1019 692 1031 .
744 1019 755 1031 .
807 1019 819 1031 .
861 981 1218 1032 Abirdonensis
1260 983 1475 1050 episcopi
1525 1023 1536 1033 .
1587 1023 1599 1034 .
1651 1023 1662 1034 .
1710 985 1764 1034 in
1801 984 2007 1035 eeclesia
2043 985 2188 1034 Beati

122 1073 377 1138 Nyeholai
401 1074 463 1123 de
486 1074 732 1140 Abyrden
757 1074 838 1124 die
864 1074 1082 1124 Veneris
1108 1075 1342 1125 videlicet
1366 1076 1539 1126 vltimo
1565 1077 1646 1126 die
1681 1076 1858 1126 mensis
1894 1076 2021 1126 Maii
2057 1095 2187 1126 anno

119 1166 280 1230 gratie
328 1165 587 1215 millesimo
635 1166 980 1216 trecentesimo
1029 1168 1405 1234 quadragesimo
1452 1171 1668 1219 secundo
1710 1170 1763 1219 in
1803 1170 1938 1219 hunc
1985 1171 2187 1219 modum

119 1259 311 1324 quieuit
338 1259 573 1308 videlicet
599 1288 609 1299 ·
638 1258 791 1318 Quod
814 1277 908 1325 ego
930 1259 965 1309 J
969 1259 1190 1309 ohannes
1225 1298 1236 1309 .
1275 1302 1286 1311 .
1328 1299 1339 1310 .
1366 1263 1540 1327 sponte
1565 1262 1805 1313 confessus
1828 1264 1900 1312 fui
1924 1280 2003 1312 me
2029 1267 2188 1313 teneri

118 1351 322 1415 singulis
360 1351 505 1400 annis
532 1370 562 1400 a
584 1359 811 1417 tempore
850 1352 1086 1401 introitus
1110 1353 1209 1401 mei
1234 1352 1285 1401 in
1312 1353 1493 1402 dietam
1532 1354 1767 1403 vicariam
1808 1356 1975 1404 abbati
1999 1363 2049 1405 et
2074 1373 2186 1405 eon—

119 1445 292 1493 uentui
318 1444 499 1509 prefati
525 1444 813 1494 monasterii
837 1445 891 1493 in
916 1445 1049 1494 dista
1073 1462 1240 1493 annua
1270 1444 1503 1510 pensione
1540 1449 1647 1494 osto
1684 1465 1964 1498 marcarum
1998 1449 2187 1498 sterlin-

116 1553 293 1601 gorum
322 1536 384 1584 de
411 1536 607 1585 decima
629 1536 744 1585 lane
771 1544 820 1586 et
845 1553 1089 1602 agnorum
1114 1536 1243 1586 diae
1264 1537 1449 1587 vicarie
1475 1537 1822 1588 soluendarum
1848 1541 2188 1605 cuiusquidem

116 1628 365 1694 pensionis
401 1629 704 1679 solucionem
741 1628 1030 1678 distuleram
1066 1646 1156 1694 per
1198 1629 1455 1679 biennium
1481 1632 1611 1680 vnde
1647 1633 1853 1681 tenebar
1889 1633 1941 1681 in
1977 1634 2188 1683 sedecim

117 1724 299 1774 marcis
324 1724 386 1773 de
415 1724 594 1789 quibus
620 1742 650 1772 a
673 1724 804 1772 dieto
830 1723 1032 1772 domino
1059 1723 1236 1772 abbate
1261 1723 1475 1789 gratiam
1499 1724 1650 1773 michi
1673 1725 1782 1774 fieri
1807 1725 2190 1775 misericorditer

117 1816 363 1883 postulaui
408 1847 418 1857 ·
462 1818 548 1883 qui
589 1817 653 1867 ad
692 1816 981 1866 instantiam
1021 1816 1212 1865 domini
1251 1816 1470 1883 episcopi
1506 1818 1758 1883 prenotati
1791 1818 1964 1867 decem
1999 1835 2190 1868 marcas

120 1911 271 1961 michi
295 1910 482 1960 remisit
506 1938 516 1948 ·
542 1911 614 1960 ita
638 1919 805 1959 tamen
826 1910 960 1975 quod
981 1909 1113 1958 infra
1133 1912 1242 1958 octo
1262 1910 1370 1959 dies
1394 1928 1424 1959 a
1448 1910 1565 1960 data
1588 1911 1890 1976 presentium
1913 1911 2192 1961 litterarum

119 2005 201 2054 sex
225 2021 420 2054 marcas
444 2003 815 2071 sterlyngorum
839 2020 936 2068 que
959 2001 1218 2067 supersunt
1241 2002 1466 2068 plenarie
1492 2002 1580 2052 fibi
1604 2003 1883 2069 persoluam
1906 2032 1917 2043 ·
1945 2003 2012 2054 Et
2036 2006 2191 2053 eciam

119 2100 171 2148 in
208 2099 458 2165 presentia
507 2137 519 2147 .
571 2136 582 2147 .
636 2136 647 2147 .
696 2097 886 2147 domini
927 2095 1145 2162 episcopi
1176 2096 1339 2161 primo
1363 2095 1533 2161 scripti
1558 2103 1607 2145 et
1629 2096 1848 2162 plurium
1872 2096 2191 2161 personarum

118 2193 351 2260 grauium
375 2193 560 2242 ibidem
587 2191 904 2241 existentium
925 2191 1061 2240 bona
1076 2189 1175 2238 fide
1203 2226 1214 2237 .
1243 2226 1255 2237 .
1285 2226 1296 2237 .
1323 2188 1542 2255 obligaui
1565 2206 1644 2238 me
1680 2226 1691 2238 .
1727 2227 1738 2239 .
1775 2227 1785 2238 .
1819 2190 1882 2238 ad
1904 2189 2191 2238 soluendum

120 2288 182 2335 de
209 2295 376 2336 cetero
400 2285 604 2352 singulis
629 2285 772 2335 annis
796 2302 889 2350 pro
913 2302 1026 2334 meo
1058 2289 1302 2349 perpetuo
1339 2281 1506 2331 abbati
1532 2288 1580 2330 et
1606 2282 1875 2331 conuentui
1907 2282 2191 2331 monasterii

120 2378 389 2444 supradiffi
418 2377 704 2444 pensionem
740 2377 1017 2443 prediaam
1053 2379 1162 2424 οᾶο
1198 2391 1480 2424 marcarum
1516 2374 1880 2440 sterlyngorum
1905 2375 1966 2423 de
1999 2375 2191 2424 decima

120 2474 235 2522 lane
274 2480 324 2521 et
362 2489 607 2538 agnorum
650 2471 834 2521 vicarie
871 2470 1151 2536 supradst'ce
1191 2495 1202 2506 ·
1243 2467 1306 2517 In
1343 2466 1456 2517 casu
1481 2484 1599 2517 vero
1636 2485 1734 2532 quo
1757 2467 1909 2516 michi
1931 2484 2087 2532 graue
2112 2468 2191 2516 vel

122 2565 383 2615 onerosum
409 2565 638 2614 videatur
662 2565 716 2613 in
741 2564 965 2613 futurum
1002 2563 1183 2612 die-,am
1218 2559 1503 2626 pensionem
1542 2598 1553 2608 .
1601 2598 1611 2608 .
1658 2598 1668 2608 .
1715 2559 2037 2626 [persoluere]
2079 2598 2090 2609 .
2131 2598 2140 2608 .
2183 2598 2191 2607 .

123 2659 274 2708 abbas
295 2665 344 2707 et
369 2666 646 2707 conuentus
666 2674 838 2706 omnes
852 2657 1045 2707 frustus
1065 2663 1114 2704 et
1138 2661 1412 2720 prouentus
1431 2653 1560 2702 diae
1580 2652 1766 2702 vicarie
1787 2670 1895 2701 mee
1915 2652 2190 2718 percipient

124 2760 174 2800 et
208 2750 363 2800 michi
400 2750 578 2815 viginti
619 2758 835 2815 quatuor
870 2766 1065 2798 marcas
1101 2748 1360 2797 annuatim
1399 2746 1681 2819 persoluent
1719 2746 1780 2795 de
1815 2746 1990 2811 quibus
2027 2747 2190 2794 omnia

124 2861 280 2892 onera
303 2843 561 2892 ordinaria
584 2851 633 2891 et
659 2841 1060 2892 extraordinaria
1084 2841 1149 2890 ad
1172 2841 1354 2890 dietam
1380 2840 1617 2889 vicariam
1646 2838 1914 2904 speffitantia
1949 2838 2188 2887 sustinebo

125 2947 175 2988 et
198 2955 290 3004 pro
323 2938 411 2987 illo
436 2946 660 3003 tempore
682 2956 712 2987 a
735 2938 987 2988 solucione
1027 2937 1156 2987 disse
1194 2933 1442 3001 pensionis
1479 2933 1606 2982 liber
1642 2949 1728 2981 ero
1767 2961 1777 2971 ·
1821 2930 2035 2989 Quando
2072 2947 2186 2978 vero

124 3031 277 3081 michi
300 3031 547 3097 placuerit
570 3031 757 3080 fru&us
782 3039 832 3080 et
854 3038 1130 3097 prouentus
1155 3028 1285 3078 dicte
1311 3026 1497 3075 vicarie
1522 3025 1574 3073 in
1599 3041 1774 3072 manus
1792 3040 1925 3071 meas
1943 3021 2184 3070 resumere

126 3125 455 3191 supradi&am
495 3123 782 3190 pensionem
819 3123 921 3174 fine
961 3138 1258 3189 quacunque
1297 3118 1636 3169 diminucione
1675 3116 1756 3165 vel
1797 3114 2183 3164 contradictione

125 3219 383 3268 annuatim
423 3228 476 3268 vt
513 3218 820 3284 premittitur
853 3216 1133 3283 persoluam
1176 3245 1186 3254 ·
1234 3213 1288 3265 Si
1333 3231 1450 3263 vero
1493 3230 1570 3261 me
1613 3211 1870 3275 contingat
1910 3209 2093 3257 frusstus
2135 3214 2182 3253 et
