2586 3834
20 1034 113 1083 526

605 353 1031 410 REGISTRUM
1065 358 1163 407 DE
1199 357 1757 412 ABERBROTHOC.
2105 373 2201 416 413

160 493 430 558 capitulum
465 510 604 541 xx1111
644 493 725 541 die
762 491 937 540 meniis
972 491 1231 540 Februarii
1271 508 1402 540 anno
1438 492 1643 542 Domini
1679 494 1931 544 millefimo
1969 498 2202 562 quingen⁰

165 586 433 636 vndecimo.
2083 598 2085 601 v

162 839 472 910 Innerkelor
497 857 754 923 affignatio
779 858 840 905 de
864 873 1044 905 nouem
1068 857 1249 905 marcis
1274 857 1334 905 de
1360 857 1547 906 vicaria
1569 858 1804 907 leuandis.

165 1018 442 1092 Uniuerfis
483 1077 493 1087 .
535 1077 546 1088 .
583 1076 594 1088 .
635 1039 788 1104 Hugo
817 1038 975 1103 Spens
998 1037 1132 1085 sacre
1156 1036 1406 1101 theologie
1429 1038 1663 1101 profefl‘or
1686 1040 1995 1088 decretorum
2032 1042 2201 1103 doctor

162 1131 434 1197 prepositus
474 1130 676 1180 ecclefie
715 1130 976 1196 collegiate
1018 1128 1183 1178 Sanffi
1225 1127 1497 1177 Saluatoris
1542 1127 1673 1177 infra
1719 1131 1971 1179 ciuitatem
2018 1132 2201 1182 Sanffi-

163 1225 347 1273 andree
373 1242 431 1273 ac
456 1223 677 1272 officialis
705 1222 1058 1275 Sanffiandree
1083 1219 1372 1286 principalis
1396 1220 1596 1269 salutem
1640 1259 1649 1268 .
1692 1260 1701 1269 .
1743 1261 1751 1269 .
1792 1222 2047 1272 Noueritis
2072 1225 2204 1288 quod

163 1334 253 1365 nos
277 1317 342 1365 ad
364 1315 651 1364 instanciam
691 1353 702 1363 .
744 1353 754 1362 .
798 1353 807 1363 .
845 1313 1065 1379 magistri
1088 1311 1300 1361 Joannis
1323 1310 1479 1375 Spens
1502 1314 1837 1376 procuratoris
1967 1352 1978 1362 .
2015 1316 2202 1364 domini

164 1409 199 1457 J
202 1408 409 1458 ohannis
456 1407 714 1456 Dauidson
762 1406 1023 1480 capellani¹
1053 1406 1114 1453 de
1164 1403 1444 1462 Quhitfeild
1492 1403 1728 1467 capelle.
1769 1445 1778 1453 .
1819 1445 1827 1453 .
1868 1423 2034 1471 omnes
2080 1445 2090 1454 .
2115 1411 2144 1455 ’.
2191 1445 2201 1455 .

165 1517 286 1564 quos
322 1499 690 1564 infrascriptum
714 1498 875 1564 tangit
899 1497 1153 1562 negotium
1183 1534 1203 1550 ,.
1249 1534 1258 1544 .
1305 1534 1316 1543 .
1357 1497 1421 1545 ad
1445 1476 1828 1561 comparendum
1865 1517 2028 1548 coram
2063 1501 2204 1550 nobis

103 1626 106 1628 v
164 1591 310 1639 certis
331 1591 412 1639 die
435 1599 484 1639 et
506 1591 617 1640 loco
642 1589 888 1655 affignatis
914 1590 975 1638 ad
999 1588 1267 1637 videndum
1304 1595 1353 1636 et
1389 1588 1688 1641 audiendum
1723 1591 1967 1653 quandam
2003 1592 2203 1639 mortifi-

165 1684 407 1732 cationem
459 1721 469 1730 .
516 1720 526 1731 .
574 1720 584 1730 .
632 1681 812 1730 Jacobi
851 1681 1014 1746 quarti
1053 1679 1312 1730 Scotorum
1353 1680 1485 1745 regis
1529 1681 1633 1729 eius
1678 1680 1831 1746 figillo
1866 1686 2045 1747 magno
2087 1722 2096 1731 .
2138 1722 2147 1731 .
2194 1721 2203 1731 .

165 1776 446 1823 roboratam
486 1812 496 1822 .
537 1812 547 1822 .
588 1811 600 1821 .
637 1775 782 1838 super
807 1774 1020 1838 quadam
1055 1810 1065 1821 .
1103 1810 1112 1821 .
1151 1810 1161 1820 .
1197 1779 1335 1821 carta
1370 1810 1380 1819 .
1422 1810 1431 1820 .
1472 1810 1482 1820 .
1521 1773 1745 1822 confecta
1766 1790 1898 1837 per.
1937 1811 1945 1821 .
1981 1812 1991 1822 .
2025 1774 2205 1824 dissmm

167 1867 420 1915 dominum
444 1866 693 1914 Joannem
718 1865 973 1914 Dauidson
1010 1866 1072 1913 de
1108 1880 1287 1912 nouem
1324 1864 1502 1912 marcis
1539 1865 1690 1913 annui
1725 1866 1946 1913 redditus
1987 1903 1997 1912 .
2043 1902 2053 1912 .
2100 1905 2109 1913 .
2154 1867 2204 1914 in

165 1958 414 2022 publicam
438 1957 730 2021 transumpti
754 1957 961 2005 formam
987 1956 1147 2021 redigi
1194 1994 1203 2003 .
1247 1993 1258 2004 .
1303 1992 1314 2003 .
1357 1972 1446 2020 per
1481 1955 1672 2005 litteras
1696 1956 1885 2005 nostras
1908 1965 2130 2024 patentes
2155 1954 2205 2005 in

167 2050 323 2099 valuis
348 2048 549 2099 ecclefie
573 2049 952 2114 metropolitane
982 2048 1334 2097 Sanfftiandree
1360 2048 1526 2096 affixas
1550 2048 1789 2113 legittime
1807 2048 1959 2097 citare
1978 2049 2179 2097 fecimus
2195 2076 2205 2086 ·

170 2141 282 2198 Quo
307 2158 426 2190 vero
451 2142 531 2189 die
556 2140 852 2190 adueniente
879 2141 1155 2205 comparuit
1188 2140 1409 2204 prefatus
1438 2139 1670 2204 magister
1694 2140 1729 2188 J
1732 2140 1949 2188 ohannes
1977 2140 2132 2204 Spens
2156 2148 2205 2188 et

222 2270 231 2280 .
272 2270 282 2280 .
321 2249 486 2281 coram
510 2233 652 2280 nobis
693 2270 703 2280 .
749 2270 759 2279 .
800 2269 811 2280 .
855 2233 1045 2281 litteras
1071 2232 1322 2280 citatorias
1365 2270 1375 2279 .
1414 2270 1423 2279 .
1469 2269 1479 2280 .
1523 2232 1756 2296 produxit
1781 2232 1955 2295 quibus
1979 2232 2203 2295 perleffls

169 2325 446 2388 vocatisque
481 2323 708 2374 interesse
743 2324 1039 2373 habentibus
1078 2362 1087 2372 .
1122 2361 1131 2371 .
1168 2364 1177 2373 .
1217 2334 1266 2375 et
1290 2343 1391 2373 non
1421 2326 1773 2389 apparentibus
1809 2362 1818 2371 .
1854 2363 1863 2372 .
1898 2364 1907 2372 .
1943 2326 2203 2374 mortifica-

169 2416 353 2464 tionem
393 2416 581 2480 regiam
617 2454 626 2463 .
665 2455 674 2463 .
713 2455 722 2464 .
758 2433 848 2479 per
887 2433 975 2463 nos
1013 2416 1180 2464 sanam
1219 2425 1267 2464 et
1307 2417 1551 2480 integram
1591 2454 1600 2463 .
1640 2453 1651 2463 .
1692 2452 1702 2462 .
1744 2423 2042 2480 compertam
2085 2453 2095 2462 .
2137 2454 2147 2463 .
2191 2454 2201 2462 .

170 2523 259 2554 nos
298 2544 308 2554 .
349 2544 359 2554 .
402 2544 412 2554 .
448 2505 700 2554 tranffumi
736 2544 744 2553 .
784 2543 794 2553 .
833 2543 857 2566 ,η
879 2523 969 2570 per
990 2507 1238 2555 notarium
1262 2507 1509 2571 publicum
1533 2507 1850 2570 subscriptum
1872 2507 2204 2555 ordinauimus

171 2634 182 2644 .
224 2635 234 2644 .
272 2636 284 2646 .
326 2597 558 2661 Sequitur
582 2605 725 2646 tenor
765 2635 775 2644 .
812 2634 822 2644 .
858 2635 868 2644 .
908 2606 1043 2646 carte
1081 2635 1091 2645 .
1135 2636 1144 2645 .
1186 2636 1196 2646 .
1237 2598 1455 2647 Jacobus
1498 2635 1509 2645 .
1551 2635 1560 2645 .
1602 2638 1610 2646 .
1653 2615 1740 2646 rex
1769 2597 2025 2646 Scotorum
2051 2599 2202 2645 omni-

170 2689 258 2736 bus
299 2727 308 2736 .
353 2727 362 2736 .
408 2728 416 2736 .
459 2689 660 2737 salutem
706 2718 716 2726 ·
764 2687 941 2737 Sciatis
982 2705 1071 2736 nos
1115 2726 1126 2737 .
1172 2727 1180 2736 .
1227 2728 1237 2738 .
1282 2697 1467 2739 cartam
1515 2689 1816 2738 fundationis
1860 2728 1869 2737 .
1914 2708 1926 2737 ¹.
1970 2727 1981 2737 .
2028 2690 2201 2738 fastam

171 2797 258 2843 per
307 2818 317 2828 .
368 2820 377 2829 .
430 2818 440 2829 .
490 2781 744 2829 dominum
768 2780 1050 2830 Johannem
1075 2781 1331 2830 Dauidson
1358 2781 1664 2846 capellanum
1710 2818 1719 2828 .
1767 2817 1777 2828 .
1822 2818 1832 2828 .
1875 2781 1939 2828 ad
1974 2781 2202 2829 sustenta-

173 2871 356 2920 tionem
393 2873 536 2920 vnius
573 2872 817 2936 capellani
853 2873 1024 2921 diuina
1064 2910 1073 2919 .
1119 2909 1129 2919 .
1176 2910 1186 2920 .
1232 2873 1529 2921 celebraturi
1573 2910 1583 2919 .
1630 2909 1640 2919 .
1687 2908 1697 2919 .
1740 2872 1802 2919 ad
1844 2871 1997 2919 altare
2039 2870 2201 2919 sanai

173 2962 207 3011 J
211 2963 416 3012 ohannis
450 2964 659 3029 baptiste
707 2964 931 3014 fituatum
967 2964 1099 3011 infra
1133 2963 1386 3012 ecclesiam
1420 2963 1779 3028 parrochialem
1815 2963 1875 3010 de
1911 2962 2201 3010 Inerkeldor

235 3089 245 3098 .
297 3091 307 3101 .
355 3054 645 3104 intellexisse
687 3055 773 3103 sub
819 3055 913 3102 hac
959 3054 1118 3101 forma
1161 3081 1170 3090 ·
1217 3054 1461 3103 Omnibus
1510 3091 1520 3101 .
1564 3091 1574 3101 .
1618 3091 1628 3101 .
1676 3054 1900 3101 dominus
1945 3053 2198 3100 Johannes

175 3143 427 3201 Dpauidson
465 3146 745 3209 capellanus
774 3145 977 3193 salutem
1015 3180 1026 3191 .
1067 3180 1077 3191 .
1116 3180 1126 3190 .
1166 3143 1217 3191 N
1219 3143 1420 3191 oueritis
1444 3160 1522 3191 me
1546 3144 1598 3191 in
1623 3143 1816 3191 laudem
1843 3143 1935 3190 Dei
1964 3141 2196 3204 Omnipo-
