2742 3848
430 875 524 929 787

577 356 675 410 516
1030 353 1458 410 REGISTRUM
1492 352 1590 406 DE
1626 351 2187 407 ABERBROTHOO.

576 499 775 542 monete
814 492 987 543 Scocie
1024 493 1086 541 ad
1123 491 1243 540 festa
1278 490 1591 539 quentionis
1626 488 1803 538 Samste
1832 488 2011 540 Crucis
2048 498 2097 539 et
2133 491 2197 539 ad
2233 490 2433 540 vincula
2470 491 2636 541 Sancti

577 584 717 635 Petri
742 613 753 625 ·
778 591 810 640 9
833 583 1129 634 Decembris
1158 586 1303 631 1533.

579 853 731 924 Idem
768 870 1029 920 confirmat
1065 875 1253 917 cartam
1288 867 1506 916 tenentis
1542 867 1614 915 sui
1653 867 1874 935 Georgei
1914 863 2128 936 Ramsay
2154 871 2216 919 de
2248 869 2421 937 Clatty
2446 887 2545 935 qua
2580 888 2639 920 ex

578 964 789 1014 licencia
824 962 1006 1012 Jacobi
1044 960 1455 1010 commendatarii
1489 961 1550 1009 de
1582 959 1904 1009 Dunfermlin
1943 969 1992 1010 et
2024 962 2303 1011 Abirbroth
2340 963 2511 1012 vendit
2548 980 2640 1028 pro

580 1066 716 1107 certa
750 1058 937 1106 summa
970 1054 1183 1120 pecunie
1218 1052 1444 1103 Johanni
1477 1052 1636 1120 Inglis
1671 1054 1949 1103 mariscallo
1985 1055 2118 1121 regis
2154 1062 2204 1104 et
2238 1055 2422 1105 Jonete
2458 1055 2641 1104 Drum-

578 1150 730 1199 mond
770 1149 939 1214 sponse
981 1149 1063 1196 sue
1106 1154 1265 1196 terras
1306 1147 1416 1195 suas
1457 1147 1520 1195 de
1560 1146 1607 1195 le
1649 1146 1887 1212 Kyrkton
1929 1147 1992 1196 de
2031 1146 2242 1198 Neutild
2283 1165 2397 1197 cum
2439 1149 2642 1198 decimis

582 1243 869 1309 garbalibus
893 1242 1027 1290 infra
1053 1240 1368 1306 regalitatem
1405 1239 1467 1288 de
1505 1238 1784 1288 Abirbroth
1821 1247 1870 1289 et
1894 1239 2295 1290 vicecomitatum
2330 1241 2392 1290 de
2427 1239 2641 1290 Forfar·

577 1354 774 1387 necnon
800 1344 958 1386 terras
984 1335 1045 1383 de
1073 1334 1286 1383 Latham
1311 1333 1444 1382 infra
1474 1333 1684 1382 eandem
1719 1332 2032 1397 regalitatem
2069 1341 2118 1382 et
2157 1333 2557 1383 vicecomitatum
2591 1334 2642 1382 in

580 1430 892 1480 securitatem
926 1436 1173 1476 terrarum
1199 1427 1260 1474 de
1286 1426 1524 1499 Kyrkton
1550 1433 1599 1475 et
1624 1426 1930 1475 decimarum
1967 1454 1977 1464 ·
2016 1426 2285 1476 Tenendas
2321 1428 2557 1492 predidffis
2594 1437 2642 1477 et

576 1524 841 1573 heredibus
866 1522 999 1571 inter
1022 1521 1151 1586 ipsos
1176 1520 1419 1592 legittime
1443 1518 1722 1584 procreatis
1758 1548 1769 1557 ·
1807 1519 1985 1583 quibus
2011 1519 2354 1569 deficientibus
2378 1520 2643 1570 heredibus

575 1611 609 1666 J
613 1615 824 1665 ohannis
860 1614 1019 1679 Inglis
1056 1613 1428 1678 quibuscunque
1454 1630 1484 1661 a
1506 1612 1730 1676 predffito
1756 1620 1805 1661 et
1828 1612 2095 1662 heredibus
2120 1613 2182 1662 de
2212 1613 2389 1662 abbate
2414 1614 2463 1662 in
2490 1615 2645 1663 varda

577 1718 626 1758 et
672 1708 862 1758 releuio
908 1737 918 1747 ·
964 1707 1243 1756 Reddendo
1286 1705 1450 1754 abbati
1495 1722 1644 1754 vnam
1683 1706 1980 1770 presentiam
2021 1706 2330 1771 personalem
2368 1707 2421 1756 in
2458 1707 2643 1772 placito

576 1797 779 1867 capitali
805 1800 1021 1850 tenendo
1047 1799 1177 1863 apud
1205 1798 1542 1849 Carnconnan
1565 1798 1851 1848 immediate
1869 1799 1978 1865 post
1996 1799 2173 1849 festum
2194 1800 2361 1849 San&i
2381 1799 2643 1850 Michaelis

576 1893 866 1959 archangeli
914 1919 924 1932 ·
974 1900 1023 1941 et
1066 1892 1099 1940 fi
1142 1891 1402 1957 contingat
1442 1899 1601 1940 terras
1643 1892 1695 1940 in
1735 1892 1962 1942 manibus
2010 1893 2203 1943 abbatis
2248 1893 2444 1943 ratione
2491 1895 2642 1943 varde

523 1978 528 1982 ’
578 1987 815 2036 deuenire
834 1986 869 2036 J
873 1985 1093 2035 ohannes
1112 1992 1162 2034 et
1180 1984 1216 2033 J
1218 1991 1367 2033 oneta
1384 1984 1552 2049 garbis
1572 1986 1895 2035 decimalibus
1914 1987 2134 2052 gaudere
2157 1986 2356 2036 valeant
2373 1987 2642 2036 secundum

432 2827 528 2882 '788

579 2088 767 2129 cartam
803 2096 894 2144 per
930 2078 1157 2127 abbatem
1189 2075 1612 2142 predecessoribus
1651 2079 1871 2144 Georgei
1904 2080 2117 2146 Ramsay
2144 2080 2321 2129 fafitam
2362 2108 2371 2118 =
2412 2080 2642 2130 Testibus
2715 2123 2718 2126 .

578 2172 812 2221 Johanne
848 2171 1007 2237 Inglis
1046 2178 1210 2219 tutore
1247 2170 1309 2218 de
1344 2167 1538 2219 Taruat
1582 2201 1592 2211 ·
1633 2170 1868 2221 Johanne
1907 2172 2107 2222 Maluill
2148 2180 2329 2238 nepote
2369 2181 2418 2222 et
2458 2173 2643 2224 herede

579 2272 851 2331 apparente
886 2263 1136 2313 Johannis
1173 2262 1371 2311 Maluill
1409 2263 1471 2311 de
1511 2261 1712 2314 Carnbe
1754 2292 1764 2303 ·
1807 2265 2060 2315 Willelmo
2097 2266 2331 2316 Auchlek
2374 2295 2384 2306 ·
2422 2267 2643 2318 Roberto

579 2359 736 2424 Inglis
760 2386 771 2397 ·
799 2358 1092 2407 Alexandro
1117 2356 1274 2422 Inglis
1301 2386 1311 2397 ·
1337 2355 1510 2405 Dauid
1531 2355 1686 2407 Clerk
1712 2386 1722 2396 ·
1748 2357 2042 2407 Alexandro
2066 2358 2316 2407 Jhonston
2341 2387 2351 2398 ·
2377 2368 2426 2408 et
2450 2359 2485 2408 J
2489 2359 2642 2409 acobo

578 2451 736 2517 Inglis
777 2478 788 2489 ·
831 2468 942 2500 cum
976 2450 1181 2499 diuersis
1219 2450 1328 2499 aliis
1369 2476 1380 2487 ·
1422 2449 1577 2500 Carta
1607 2451 1724 2499 data
1755 2451 1891 2516 apud
1927 2450 2119 2500 Teruat
2151 2451 2321 2501 Vestir
2352 2456 2416 2500 25
2451 2452 2642 2517 Aprilis

583 2549 711 2594 1524
746 2569 756 2583 ·
796 2544 1130 2595 Confirmacio
1156 2545 1272 2592 data
1300 2547 1362 2591 13
1388 2543 1685 2592 Decembris
1713 2547 1858 2592 1533.

580 2801 734 2874 Idem
759 2836 850 2884 pro
875 2820 1062 2869 summa
1084 2819 1295 2884 pecunie
1322 2828 1371 2869 et
1396 2819 1505 2869 aliis
1523 2819 1744 2870 seruiciis
1769 2822 1952 2872 afl'edat
1975 2838 2065 2887 pro
2090 2823 2420 2872 nouendecim
2447 2823 2590 2872 annis
2615 2838 2644 2872 a

582 2914 704 2963 festo
733 2911 900 2963 sanai
929 2911 1067 2961 Petri
1103 2912 1374 2961 aduincula
1411 2916 1541 2960 1534
1577 2912 1799 2962 Johanni
1837 2914 2029 2964 Betone
2065 2915 2128 2965 de
2167 2915 2350 2966 Creich
2388 2925 2436 2965 et
2472 2915 2641 2965 Dauid

582 3005 773 3054 Betone
799 3004 903 3053 e'ius
926 3003 1029 3051 filio
1054 3003 1388 3068 primogenito
1414 3012 1463 3053 et
1487 3004 1663 3054 heredi
1700 2988 1963 3071 apparenti
1989 3016 2039 3058 et
2064 3025 2233 3058 eorum
2260 3007 2508 3074 affignatis
2545 3026 2641 3057 non

580 3097 782 3147 maioris
807 3097 959 3145 status
985 3096 1202 3146 decimas
1226 3096 1454 3161 garbales
1480 3098 1683 3147 ecclefie
1707 3101 2009 3164 parochialis
2028 3102 2090 3150 de
2109 3101 2330 3167 Dunbog
2355 3129 2365 3139 ·
2393 3100 2642 3151 Soluendo

582 3198 780 3239 eentum
805 3189 958 3237 libras
981 3195 1179 3237 monete
1205 3187 1378 3237 Scocie
1403 3190 1466 3237 ad
1492 3190 1612 3239 festa
1646 3191 1959 3242 quentionis
1985 3193 2162 3243 San&e
2190 3194 2367 3244 Crucis
2393 3202 2441 3243 et
2475 3193 2640 3243 Sanffl

582 3283 719 3332 Petri
746 3282 1014 3331 aduincula
1054 3310 1062 3319 ·
1103 3286 1163 3329 14
1189 3281 1483 3331 Decembris
1513 3287 1657 3334 1533.
