2742 3848
410 1415 505 1469 736

417 2066 510 2118 737

428 2710 523 2759 738

546 357 645 412 496
996 352 1423 404 REGISTRUM
1460 351 1554 400 DE
1591 348 2153 399 ABERBROTHOC.

549 490 874 556 occupatione
912 489 1045 537 illius
1085 486 1329 552 particule
1371 494 1503 534 terre
1544 484 1752 532 iacentis
1792 484 1924 532 inter
1972 500 2150 547 aquam
2191 484 2251 532 de
2295 483 2513 533 Brothac
2556 496 2604 533 et

551 582 762 633 croftum
787 582 1061 647 predi&um
1087 578 1239 626 solitis
1265 586 1314 626 et
1339 575 1583 625 consuetis
1608 604 1618 614 ·
1648 574 1900 625 Soluendo
1925 592 2017 640 pro
2040 575 2327 624 molendino
2348 577 2605 626 tresdecim

550 674 702 724 libras
736 674 818 722 sex
853 672 1030 721 solidos
1067 678 1116 718 et
1152 673 1260 717 οδὶο
1297 668 1528 716 denarios
1563 676 1762 716 monete
1802 666 1975 717 Scocie
2013 668 2273 717 cellerario
2310 678 2359 718 et
2395 678 2607 733 quatuor

551 767 704 815 libras
754 764 967 813 eiusdem
1014 769 1212 809 monete
1258 761 1503 808 monacho
1551 759 1776 808 ministro
1825 761 2195 810 communitatis
2251 763 2315 810 ad
2370 763 2609 811 terminos

553 858 742 906 usuales
768 886 777 896 ·
805 864 854 904 et
877 871 968 919 pro
995 854 1152 902 crofto
1179 852 1436 901 cellerarie
1475 851 1735 901 cellerario
1760 853 1941 917 viginti
1965 853 2145 901 solidos
2171 853 2386 902 eiusdem
2412 863 2608 903 monete

554 951 617 999 ad
643 949 834 998 eosdem
861 947 1099 996 terminos
1137 962 1247 993 cum
1284 944 1455 1008 precio
1481 944 1627 993 vnius
1661 946 1801 1010 porci
1831 946 2064 995 videlicet
2089 946 2170 995 sex
2195 947 2375 996 solidos
2417 957 2466 996 et
2503 951 2610 996 οᾶο

554 1041 781 1090 denarios
808 1056 928 1104 erga
952 1038 1125 1086 festum
1151 1036 1338 1086 Pasche
1371 1065 1382 1076 ·
1417 1053 1530 1085 cum
1552 1038 1766 1087 licencIa
1790 1038 2007 1088 habendi
2032 1041 2288 1089 annuatim
2314 1040 2366 1088 in
2391 1041 2441 1106 ly
2467 1041 2609 1089 Firth

555 1134 648 1182 suis
674 1130 892 1196 expensis
915 1130 1093 1196 viginti
1118 1137 1330 1194 quatuor
1354 1129 1655 1194 plaustratus
1679 1130 1935 1196 glebarum
1962 1159 1972 1170 ·
1999 1135 2065 1179 20
2089 1132 2304 1197 Augusti
2334 1137 2477 1187 1529.

557 1390 709 1462 Idem
745 1409 995 1474 presentat
1031 1408 1286 1456 dominum
1312 1408 1675 1456 Allexandrum
1702 1407 1910 1457 Stewart
1934 1409 2261 1474 presbiterum
2287 1410 2529 1459 vicarium
2553 1412 2615 1459 de

560 1504 905 1571 Kyncoldrum
964 1501 1312 1551 Brechinenfis
1370 1501 1592 1568 dyocesis
1647 1501 1712 1549 ad
1765 1502 2003 1551 vicariam
2060 1510 2353 1568 perpetuam
2412 1503 2615 1552 ecclesie

557 1596 856 1662 parochialis
898 1596 959 1643 de
1002 1594 1335 1643 Innerkelour
1376 1593 1731 1644 Sanctiandree
1770 1595 1992 1661 dyocesis
2040 1597 2184 1644 causa
2229 1597 2617 1660 permutacionis

561 1708 671 1740 cum
706 1690 913 1739 eandem
940 1705 1116 1736 vacare
1155 1687 1422 1752 contigerit
1457 1704 1548 1752 per
1583 1686 1975 1752 resignacionem
2011 1687 2234 1753 magistri
2268 1688 2440 1738 Dauid
2477 1688 2617 1738 Hali-

560 1785 740 1832 burton
766 1810 777 1820 ·
802 1786 831 1830 2
861 1780 1163 1846 Septembris
1192 1783 1336 1834 1529.

565 2037 724 2109 Idem
773 2058 954 2107 affedat
1000 2075 1091 2122 pro
1138 2058 1470 2107 nouendecim
1518 2057 1661 2107 annis
1707 2058 1816 2122 post
1866 2058 2042 2106 festum
2089 2058 2441 2107 Pentechostes
2492 2062 2621 2113 1529

566 2151 789 2199 Johanni
814 2150 958 2199 Narn
985 2159 1034 2199 et
1059 2150 1346 2216 Margarete
1376 2150 1573 2199 Guthre
1600 2151 1706 2199 eius
1736 2151 1908 2215 sponse
1944 2160 1993 2200 et
2029 2168 2199 2199 eorum
2237 2149 2486 2216 affignatis
2521 2168 2620 2198 non

567 2243 768 2292 maioris
809 2243 992 2308 gradus
1036 2250 1192 2292 terras
1232 2244 1293 2291 de
1334 2243 1557 2291 erhus
1598 2260 1706 2291 cum
1751 2243 1956 2292 decimis
1994 2243 2279 2308 garbalibus
2322 2272 2331 2282 ·
2373 2243 2622 2292 Soluendo

570 2335 748 2400 viginti
773 2335 929 2384 bollas
955 2335 1093 2383 ordei
1120 2342 1170 2383 et
1194 2335 1372 2400 viginti
1396 2352 1575 2384 nouem
1601 2335 1759 2384 bollas
1795 2335 1955 2384 farine
1990 2335 2216 2384 mensure
2254 2335 2346 2383 fori
2378 2336 2623 2384 currentis

572 2445 681 2477 cum
708 2427 818 2476 aliis
844 2428 1077 2477 oneribus
1102 2435 1151 2476 et
1177 2427 1410 2476 custumis
1436 2456 1446 2467 ·
1478 2433 1539 2483 19
1567 2427 1873 2492 Septembris
1902 2431 2047 2481 1529.

574 2681 812 2753 Jacobus
846 2720 933 2752 rex
973 2704 1231 2753 Scotorum
1268 2706 1384 2769 quia
1417 2708 1567 2755 abbas
1592 2714 1641 2755 et
1666 2715 1940 2755 conuentus
1965 2707 2026 2755 de
2051 2706 2313 2772 Arbroyth
2338 2723 2397 2755 ex
2422 2706 2625 2771 antiquo

578 2795 817 2843 infeodati
843 2794 951 2843 sunt
974 2812 1064 2859 per
1084 2795 1255 2844 Dauid
1280 2797 1443 2846 Bruce
1472 2797 1730 2848 Scotorum
1755 2816 1926 2865 regem
1951 2807 2000 2848 et
2025 2799 2147 2848 alios
2181 2817 2324 2864 reges
2349 2800 2410 2847 de
2435 2799 2627 2864 magnis

581 2887 815 2936 custumis
838 2886 969 2934 infra
991 2887 1202 2951 burgum
1227 2896 1425 2952 portum
1451 2898 1500 2938 et
1523 2891 1835 2955 regalitatem
1861 2891 1922 2939 de
1946 2891 2205 2956 Arbroyth
2241 2908 2352 2939 cum
2386 2891 2626 2955 potestate

578 2980 831 3044 propriam
856 2988 1114 3043 coquetam
1137 2980 1354 3029 habendi
1379 2999 1473 3046 que
1497 2983 1699 3032 sufficiet
1724 2984 1865 3032 sicuti
1889 2990 2100 3047 coqueta
2124 2983 2333 3031 aliorum
2358 2984 2626 3047 burgorum

580 3089 692 3120 cum
736 3070 1045 3120 custumariis
1087 3080 1136 3120 et
1177 3073 1220 3120 le
1257 3080 1394 3121 trone
1434 3074 1565 3123 infra
1605 3076 1788 3123 dictum
1830 3076 2044 3140 burgum
2088 3102 2098 3113 ·
2142 3082 2191 3124 et
2230 3075 2347 3138 quia
2385 3075 2625 3139 prefatam

580 3164 849 3212 custumam
886 3164 950 3211 ad
984 3163 1383 3228 redempcionem
1419 3166 1535 3214 dieti
1571 3166 1703 3231 regis
1739 3166 1910 3215 Dauid
1935 3165 2237 3232 assignarunt
2264 3174 2313 3215 et
2341 3166 2393 3214 in
2427 3182 2627 3231 percep-
