2762 3834
610 396 703 440 188
1050 384 1470 439 REGISTRUM
1505 382 1600 432 DE
1636 381 2193 432 ABERBROTHOC.

653 562 662 570 .
700 561 709 570 .
746 521 810 570 ad
850 559 859 568 .
897 559 906 568 .
942 559 951 568 .
988 526 1357 584 procuratorem
1393 516 1453 563 ab
1478 514 1611 561 omni
1648 530 1797 561 onere
1828 513 2103 562 huiusmodi
2138 515 2279 563 cause
2313 516 2634 566 releuandum

606 621 654 661 et
689 652 699 661 .
731 651 740 660 .
778 651 786 660 .
823 612 1134 673 indempnem
1159 607 1425 656 tenendum
1454 644 1462 652 .
1496 644 1505 653 .
1544 644 1552 652 .
1591 603 1815 652 Vlterius
1838 604 2047 653 firmiter
2083 605 2357 670 obligamus
2393 624 2482 655 nos
2505 609 2635 656 bona

604 705 699 753 fide
724 743 733 752 .
770 742 779 750 .
814 742 823 750 .
858 701 1146 749 Alexandro
1178 738 1187 746 .
1214 737 1224 746 .
1255 738 1263 746 .
1296 696 1607 760 quascunque
1631 694 1954 759 pecuniarum
1973 695 2180 745 summas
2196 695 2350 760 ipsum
2369 699 2635 764 contigerit

604 811 692 858 pro
716 792 1059 855 redempcione
1098 798 1146 838 et
1182 795 1537 852 preparatum.
1566 826 1574 834 .
1604 823 1614 834 .
1642 786 1920 835 nostrarum
1956 787 2202 836 bullarum
2242 790 2323 837 seu
2363 807 2454 861 pro
2493 808 2633 839 orna-

602 883 776 932 mentis
820 891 868 930 et
914 880 1315 944 reparacionibus
1354 918 1362 926 .
1405 917 1414 925 .
1458 918 1465 925 .
1510 877 1793 925 monasterii
1841 877 1923 925 seu
1969 895 2059 942 pro
2107 879 2476 944 quibuscunque
2519 921 2527 929 .
2572 922 2579 929 .
2624 922 2632 930 .

601 972 874 1023 necessariis
893 1011 902 1020 .
923 1012 932 1020 .
956 1011 965 1020 .
985 970 1277 1019 monasterio
1295 969 1703 1018 conuenientibus
1723 967 1857 1016 velut
1874 968 2054 1018 habeat
2077 969 2130 1018 in
2146 972 2389 1020 mandatis
2411 973 2473 1021 de
2492 974 2633 1022 nobis

604 1106 611 1113 .
661 1105 668 1112 .
706 1104 714 1112 .
754 1063 1029 1127 persoluere
1070 1101 1079 1109 .
1120 1100 1129 1108 .
1171 1100 1179 1108 .
1217 1069 1266 1109 et
1301 1059 1548 1124 fignanter
1589 1060 1654 1107 ad
1690 1059 1881 1107 eosdem
1918 1061 2156 1109 terminos
2197 1070 2246 1110 et
2280 1063 2479 1127 equales
2516 1065 2634 1113 ficut

603 1155 852 1218 contingat
898 1153 1052 1217 ipsum
1096 1169 1186 1216 pro
1234 1151 1375 1199 nobis
1421 1150 1469 1198 se
1518 1150 1739 1215 obligare
1783 1179 1793 1189 ·
1836 1159 1885 1200 et
1932 1152 2065 1215 quod
2112 1160 2367 1202 teneamus
2423 1155 2631 1203 eundem

602 1246 939 1295 Alexandrum
964 1244 1170 1292 heredes
1191 1242 1299 1290 suos
1326 1250 1612 1290 executores
1637 1249 1687 1290 et
1711 1241 1972 1307 affignatos
1996 1282 2006 1291 .
2033 1282 2041 1291 .
2069 1282 2078 1291 .
2104 1243 2394 1309 indempnes
2418 1246 2479 1294 ab
2499 1247 2634 1294 omni

603 1337 844 1385 solucione
868 1335 1140 1385 huiusmodi
1166 1335 1461 1382 summarum
1486 1341 1535 1381 et
1560 1334 1624 1382 ad
1649 1334 2037 1382 contentandum
2065 1372 2075 1382 .
2110 1372 2121 1383 .
2162 1372 2173 1383 .
2207 1335 2388 1384 eisdem
2420 1338 2634 1402 dampna

602 1428 831 1493 expensas
856 1436 904 1476 et
938 1427 1161 1475 interess'e
1197 1443 1292 1490 que
1325 1434 1374 1474 et
1408 1442 1529 1489 quas
1564 1465 1572 1473 .
1608 1464 1616 1473 .
1646 1465 1655 1473 .
1688 1425 2009 1474 sustinuerint
2033 1455 2044 1465 ·
2072 1427 2157 1475 Ad
2191 1444 2286 1491 que
2323 1429 2488 1477 omnia
2526 1470 2534 1478 .
2577 1469 2584 1477 .
2624 1469 2631 1476 .

602 1520 871 1584 obligamus
896 1536 985 1567 nos
1014 1559 1022 1566 .
1055 1559 1062 1567 .
1103 1558 1111 1566 .
1146 1528 1302 1567 terras
1326 1517 1547 1565 redditus
1573 1525 1622 1565 et
1652 1516 1956 1581 pofl'essiones
1978 1518 2218 1567 financias
2243 1537 2300 1568 ac
2337 1521 2503 1569 omnia
2536 1522 2634 1569 alia

601 1611 837 1660 beneficia
860 1619 909 1659 et
931 1611 1061 1659 bona
1096 1650 1104 1658 .
1145 1650 1153 1658 .
1188 1650 1196 1659 .
1235 1618 1333 1658 tam
1359 1609 1483 1658 citra
1518 1626 1653 1657 mare
1675 1625 1823 1672 quam
1858 1617 1999 1658 extra
2032 1626 2168 1658 mare
2204 1650 2213 1659 .
2250 1650 2258 1658 .
2294 1651 2302 1659 .
2339 1612 2479 1660 nobis
2516 1651 2524 1660 .
2569 1652 2576 1660 .
2623 1650 2632 1659 .

601 1703 908 1767 pertinencia
931 1743 939 1751 .
969 1743 977 1751 .
1006 1740 1016 1750 .
1038 1702 1325 1751 Alexandro
1352 1739 1364 1751 .
1392 1740 1403 1750 .
1430 1739 1441 1750 .
1465 1701 1731 1751 heredibus
1754 1699 1850 1748 suis
1878 1738 1888 1747 .
1917 1738 1927 1748 .
1957 1737 1968 1748 .
1995 1708 2045 1749 et
2069 1699 2315 1766 affignatis
2343 1739 2353 1750 .
2382 1739 2393 1751 .
2419 1741 2429 1750 .
2455 1720 2633 1752 renun-

604 1794 779 1842 ciando
815 1794 1065 1842 diuifionis
1099 1794 1336 1842 beneficio
1369 1803 1418 1843 et
1457 1794 1578 1842 iuris
1615 1792 1881 1857 priuilegio
1933 1830 1944 1840 .
1997 1830 2009 1840 .
2062 1829 2073 1841 .
2112 1794 2265 1857 Apud
2296 1795 2632 1843 Abirbrothoc

602 1885 771 1932 xxviii⁰
791 1885 870 1933 die
894 1884 1065 1933 menfis
1093 1883 1391 1948 Septembris
1416 1902 1545 1933 anno
1570 1884 1774 1933 Domini
1799 1891 1866 1932 m·
1886 1885 2020 1934 lxxx⁰
2043 1886 2107 1934 ii0.

600 2131 915 2217 Refignacio
938 2154 1077 2217 pecie
1103 2162 1234 2202 terre
1259 2155 1310 2202 in
1335 2155 1381 2204 le
1405 2156 1615 2219 Almory
1642 2157 1703 2205 de
1726 2157 2076 2207 Abirbrothoc.

456 2352 550 2395 214
600 2309 911 2380 Venerabili
951 2369 962 2380 .
1002 2370 1012 2380 .
1053 2371 1064 2381 .
1104 2335 1303 2383 domino
1371 2336 1623 2386 Willelmo
1662 2374 1672 2384 .
1712 2375 1723 2386 .
1763 2376 1775 2387 .
1814 2340 1980 2389 abbati
2017 2378 2029 2389 .
2068 2378 2079 2389 .
2119 2379 2130 2389 .
2168 2342 2229 2391 de
2274 2343 2631 2419 *Abirbrothoc

608 2459 617 2468 .
655 2459 665 2469 .
706 2459 716 2469 .
752 2422 1006 2471 Johannes
1045 2424 1302 2490 Chapman
1342 2429 1595 2493 burgensis
1639 2431 1781 2496 burgi
1823 2432 1885 2480 de
1933 2432 2270 2483 Abirbrothoc
2317 2437 2630 2485 reuerencias

658 2548 668 2558 .
709 2549 719 2559 .
758 2521 807 2560 et
830 2513 1040 2562 honores
1064 2542 1074 2551 ·
1099 2515 1356 2567 Noueritis
1380 2537 1457 2567 me
1498 2558 1508 2567 .
1554 2558 1564 2568 .
1612 2558 1622 2568 .
1662 2538 1723 2570 ex
1749 2524 1897 2571 certis
1918 2525 2306 2575 racionabilibus
2330 2527 2484 2576 caufis
2518 2565 2529 2576 .
2569 2565 2579 2575 .
2618 2565 2628 2575 .

608 2603 655 2648 in
702 2602 924 2650 manibus
971 2603 1139 2652 vestris
1177 2642 1188 2652 .
1227 2643 1237 2653 .
1276 2643 1287 2654 .
1320 2608 1576 2672 refignafl'e
1616 2649 1626 2659 .
1667 2650 1678 2660 .
1718 2650 1728 2661 .
1767 2622 1952 2681 terram
1999 2634 2158 2666 meam
2198 2618 2442 2668 iacentem
2488 2620 2540 2667 in
2586 2620 2631 2667 16

608 2692 813 2756 Almery
839 2693 900 2740 de
924 2694 1254 2743 Abirbrothoc
1278 2697 1408 2745 inter
1432 2707 1612 2749 terram
1638 2702 1673 2750 J
1676 2706 1816 2753 acobi
1842 2705 1995 2771 Wyat
2020 2708 2084 2756 ad
2119 2707 2333 2757 austrum
2361 2717 2410 2757 et
2435 2710 2630 2758 domum

608 2783 667 2830 de
691 2782 737 2830 le
758 2783 962 2848 Almery
987 2785 1049 2832 ad
1072 2786 1271 2834 boream
1295 2796 1344 2836 et
1366 2791 1595 2852 gabulam
1620 2792 1789 2844 83ηὸὶί
1825 2797 2086 2847 Michaelis
2114 2800 2175 2848 de
2199 2800 2246 2849 le
2272 2801 2481 2866 Almery
2519 2838 2531 2850 .
2567 2839 2578 2849 .
2617 2838 2628 2849 .

608 2873 669 2920 ad
694 2873 998 2922 occidentem
1022 2883 1071 2923 et
1093 2892 1399 2927 communem
1425 2880 1552 2929 viam
1589 2886 1775 2949 regiam
1812 2905 1911 2952 qua
1947 2890 2048 2938 itur
2087 2892 2151 2940 ad
2187 2879 2534 2942 monasterium
2569 2894 2630 2942 ad
2675 2944 2689 2955 ,

608 2963 894 3012 orientalem
930 2974 1121 3028 partem
1146 2984 1352 3017 vnacum
1390 2988 1486 3020 vna
1520 2973 1664 3022 domo
1700 2978 1764 3025 ad
1800 2981 1948 3028 finem
1985 2982 2341 3033 occidentalem
2377 2986 2472 3034 orti
2507 2985 2631 3033 diae

608 3056 791 3118 capelle
816 3057 877 3104 de
900 3056 946 3105 le
969 3057 1174 3124 Almery
1201 3087 1212 3098 ·
1239 3078 1447 3110 vnacum
1473 3065 1613 3127 pecia
1644 3068 1740 3116 orti
1775 3072 2071 3121 extendente
2104 3091 2133 3122 a
2167 3075 2264 3124 fine
2299 3076 2426 3125 diae
2461 3076 2630 3124 domus

609 3147 755 3211 vsque
779 3148 842 3196 ad
864 3147 1010 3196 finem
1036 3150 1131 3198 orti
1156 3150 1357 3200 Patricii
1385 3152 1587 3219 Hagavs
1613 3158 1675 3206 ad
1700 3159 1914 3210 austrum
1940 3190 1950 3200 ·
1974 3175 2096 3228 quas
2122 3203 2132 3213 .
2159 3202 2170 3212 .
2209 3206 2217 3214 .
2245 3167 2306 3215 (16
2329 3167 2464 3216 vobis
2490 3174 2628 3217 teneo
