2762 3834
410 2005 506 2054 429

558 368 655 412 342
1007 351 1433 407 REGISTRUM
1468 348 1564 398 DE
1601 342 2158 396 ABERBROTHOC.

535 499 541 506 “
563 493 928 545 Transsacionis
956 489 1119 540 Sanffl
1145 487 1337 535 Thome
1361 482 1576 531 martiris
1600 478 1754 526 nostri
1778 476 1977 541 patroni
2012 483 2061 524 et
2097 475 2388 525 Natiuitatis
2427 476 2603 526 Santte

562 587 722 635 Marie
746 584 845 633 Dei
869 580 1124 647 genitricis
1164 617 1174 627 .
1215 616 1224 625 .
1263 616 1273 624 .
1317 574 1396 623 vel
1420 573 1552 621 infra
1575 570 1793 634 quinque
1818 569 1923 618 dies
1970 608 1979 617 .
2027 607 2037 617 .
2079 607 2089 617 .
2139 567 2204 616 Et
2230 568 2264 616 fi
2301 608 2310 616 .
2350 608 2360 617 .
2403 608 2412 616 .
2453 569 2604 617 Alex·

560 678 715 726 ander
739 684 788 723 et
810 674 880 721 sui
906 670 1128 736 affignati
1164 708 1173 717 .
1212 707 1220 716 .
1259 707 1267 715 .
1306 664 1578 714 defecerint
1615 702 1624 710 .
1666 702 1673 710 .
1712 701 1721 710 .
1762 662 1812 709 in
1839 661 2086 710 solucione
2117 699 2126 709 .
2159 700 2168 709 .
2206 699 2216 709 .
2251 662 2315 709 ad
2339 662 2603 710 terminum

560 770 687 816 diem
714 777 763 815 et
786 767 947 813 locum
984 802 993 811 .
1031 801 1040 811 .
1078 801 1087 809 .
1123 759 1294 808 licebit
1311 757 1452 805 nobis
1487 796 1497 805 .
1534 795 1543 804 .
1582 796 1591 804 .
1629 757 1691 804 de
1727 795 1736 804 .
1772 796 1781 804 .
1816 795 1826 804 .
1863 755 2067 804 decimis
2085 754 2368 819 garbalibus
2385 755 2603 819 predifioe

558 857 757 907 ecclesie
800 896 808 904 .
848 896 856 903 .
898 893 907 903 .
951 855 1012 901 ad
1054 892 1063 901 .
1108 891 1117 899 .
1160 890 1169 899 .
1214 849 1444 897 libitum.
1478 887 1487 896 .
1522 887 1530 895 .
1564 847 1823 912 disponere
1865 886 1874 895 .
1918 886 1927 895 .
1971 886 1980 895 .
2024 846 2131 896 Et.
2171 886 2181 895 .
2218 887 2227 895 .
2267 832 2603 895 sustentabunt

663 989 671 997 .
715 948 918 996 chorum
951 984 960 993 .
997 984 1007 993 .
1042 983 1050 992 .
1089 940 1290 991 ecclesie
1328 979 1337 989 .
1376 979 1385 988 .
1424 977 1434 987 .
1473 939 1526 988 in
1551 939 1757 988 edificiis
1781 938 1983 988 teeturiS
2007 938 2241 987 calicibus
2265 938 2404 987 libris
2430 938 2603 987 casulis

557 1041 678 1089 albis
716 1039 824 1087 aliis
862 1035 1139 1085 necessariis
1177 1034 1241 1082 ad
1278 1032 1433 1080 altare
1468 1031 1754 1095 pauimento
1790 1029 2015 1079 fenestris
2053 1037 2102 1078 et
2139 1030 2191 1078 in
2231 1031 2456 1079 omnibus
2495 1031 2603 1079 aliis

557 1130 832 1180 necessariis
865 1128 929 1177 ad
963 1126 1233 1192 predictam
1265 1122 1519 1173 ecclesiam
1544 1122 1746 1170 racione
1780 1121 1989 1170 reaorie
2024 1122 2385 1186 pertinentibus
2421 1151 2431 1160 ·
2469 1122 2534 1172 Et
2569 1123 2604 1170 fi

555 1224 773 1288 predffia
821 1218 1025 1270 ecclesia
1072 1224 1157 1266 aut
1202 1216 1392 1265 decime
1440 1214 1654 1264 eiusdem
1694 1213 2059 1279 sequestrentur
2101 1215 2153 1263 in
2200 1232 2370 1263 eorum
2414 1215 2604 1264 defectu

556 1314 815 1363 insolidum
856 1312 943 1375 ipfi
986 1327 1077 1375 pro
1115 1307 1508 1373 sequestracione
1550 1307 1818 1356 earundem
1854 1306 1951 1354 suis
1986 1305 2208 1371 expenfis
2243 1306 2605 1370 respondebunt

554 1448 562 1455 .
601 1446 609 1454 .
646 1446 654 1453 .
691 1405 841 1469 Apud
877 1443 886 1451 .
924 1443 933 1451 .
972 1442 981 1451 .
1017 1401 1287 1466 capitulum
1307 1398 1537 1448 vicesimo
1557 1399 1763 1464 septimo
1788 1399 1868 1447 die
1892 1398 2068 1447 mensis
2092 1397 2219 1448 Maii
2243 1415 2374 1447 anno
2399 1398 2603 1447 Domini

553 1497 805 1546 millesimo
830 1493 1219 1559 quingentesimo
1244 1493 1473 1542 secundo.

555 1747 858 1818 Drumsseid
882 1786 972 1832 pro
998 1767 1203 1816 dimidia
1223 1774 1366 1831 parte
1391 1766 1633 1815 affedatur
1656 1765 1691 1814 J
1694 1766 1878 1814 ohanni
1904 1766 2028 1831 Ego.

560 1988 570 1998 .
614 1989 623 1998 .
664 1988 673 1998 .
712 1951 886 1999 Pateat
927 1988 937 1998 .
974 1988 985 1998 .
1025 1987 1036 1998 .
1075 1967 1165 1997 nos
1188 1949 1360 1998 Dauid
1383 1949 1608 1997 abbatem
1646 1986 1655 1995 .
1694 1986 1703 1995 .
1743 1986 1751 1995 .
1783 1948 1844 1995 de
1860 1947 2204 1996 rAbirbrothoc
2243 1985 2254 1996 .
2287 1985 2298 1995 .
2335 1986 2346 1997 .
2383 1949 2607 1999 affedafl'e

563 2081 572 2090 .
613 2081 623 2089 .
665 2080 674 2090 .
709 2042 929 2091 Johanni
950 2041 1058 2106 Ego
1078 2049 1126 2090 et
1145 2041 1351 2089 Andree
1367 2040 1477 2105 Ego
1497 2039 1599 2087 filio
1619 2039 1702 2088 suo
1738 2077 1748 2087 .
1785 2076 1796 2087 .
1833 2075 1844 2086 .
1878 2039 2134 2088 dimidiam
2152 2048 2343 2104 partem
2362 2049 2606 2090 terrarum

559 2135 833 2183 nostrarum
854 2134 969 2182 ville
987 2134 1151 2182 nostre
1171 2134 1231 2182 de
1250 2132 1535 2181 Drumsseid
1561 2168 1573 2180 .
1602 2169 1614 2180 .
1643 2168 1654 2180 .
1679 2131 1953 2180 iacencium
1974 2132 2104 2180 infra
2119 2133 2374 2182 baroniam
2390 2134 2606 2184 nostram

559 2229 620 2275 de
647 2226 932 2275 Newlandis
956 2243 1046 2290 pro
1071 2233 1175 2274 toto
1199 2233 1422 2289 tempore
1448 2240 1618 2273 eorum
1645 2223 1744 2271 vite
1784 2260 1795 2272 .
1833 2260 1844 2270 .
1886 2261 1896 2271 .
1935 2225 2147 2273 termino
2181 2243 2350 2274 eorum
2375 2227 2606 2276 introitus

675 2358 684 2366 .
727 2319 995 2383 incipiente
1030 2319 1082 2366 in
1118 2318 1238 2367 festo
1275 2316 1626 2367 Penthecostes
1660 2316 1769 2380 post
1804 2315 1970 2365 datam
1994 2316 2301 2380 presencium
2324 2319 2607 2368 immediate

562 2413 791 2475 sequente
841 2438 850 2447 ·
889 2409 1137 2458 Soluendo
1176 2447 1187 2459 .
1223 2447 1234 2458 .
1271 2448 1282 2458 .
1320 2409 1651 2474 quadraginta
1684 2409 1765 2456 sex
1801 2407 1978 2456 solidos
2009 2417 2059 2458 et
2095 2410 2204 2458 octo
2229 2411 2457 2459 denarios
2495 2450 2505 2458 .
2545 2450 2556 2461 .
2597 2452 2606 2461 .

564 2512 758 2551 monete
796 2541 805 2549 .
845 2541 854 2549 .
894 2539 905 2549 .
943 2500 1115 2551 Scocie
1141 2503 1205 2550 ad
1229 2502 1351 2549 duos
1376 2501 1493 2550 anni
1529 2500 1766 2549 terminos
1803 2536 1813 2546 .
1849 2537 1859 2547 .
1895 2537 1906 2547 .
1943 2517 2054 2548 cum
2091 2509 2315 2566 rynmart
2350 2510 2399 2550 et
2434 2503 2609 2553 wethir

567 2604 614 2642 et
657 2593 879 2641 omnibus
921 2592 1029 2640 aliis
1068 2593 1434 2642 husbandorum
1475 2593 1708 2642 oneribus
1750 2632 1761 2643 .
1798 2631 1809 2641 .
1849 2630 1860 2641 .
1896 2593 1963 2642 Et
2000 2594 2033 2641 fi
2073 2594 2328 2659 contingat
2365 2597 2610 2659 predi&os

570 2723 579 2733 .
618 2724 628 2732 .
666 2722 676 2731 .
716 2685 820 2731 fore
866 2721 875 2729 .
919 2721 928 2731 .
973 2720 983 2730 .
1020 2683 1148 2732 male
1184 2684 1518 2748 persoluentes
1554 2723 1565 2733 .
1601 2723 1611 2733 .
1652 2722 1664 2734 .
1697 2685 1777 2734 vel
1813 2684 2074 2734 iniuriosos
2111 2723 2122 2733 .
2164 2723 2174 2739 2
2214 2723 2224 2733 .
2267 2686 2434 2736 licebit
2470 2690 2610 2737 nobis

572 2814 581 2823 .
622 2814 632 2823 .
672 2812 682 2823 .
723 2775 783 2822 de
825 2812 835 2821 .
875 2811 885 2820 .
923 2813 932 2821 .
969 2774 1173 2822 dimidia
1214 2782 1354 2838 parte
1402 2776 1517 2824 ville
1556 2814 1567 2825 .
1608 2815 1618 2825 .
1657 2815 1669 2826 .
1706 2779 1769 2827 ad
1807 2815 1818 2826 .
1864 2815 1875 2826 .
1921 2815 1932 2826 .
1974 2778 2168 2827 libitum
2206 2816 2218 2827 .
2255 2816 2267 2827 .
2305 2817 2316 2827 .
2353 2779 2611 2844 disponere
2651 2822 2658 2829 .

572 2907 583 2917 .
612 2906 622 2916 .
662 2905 672 2914 .
710 2867 860 2931 Apud
901 2905 910 2914 .
953 2905 962 2913 .
1006 2905 1014 2913 .
1059 2866 1326 2930 capitulum
1352 2867 1578 2918 vicefimo
1603 2870 1757 2920 tercio
1783 2870 1863 2919 die
1886 2868 2061 2919 meniis
2083 2870 2119 2919 J
2123 2871 2224 2919 unii
2250 2888 2380 2919 anno
2403 2871 2610 2921 Domini

570 2958 820 3008 millefimo
844 2956 1232 3021 quingentesimo
1254 2957 1478 3007 secundo.
