2742 3848
847 370 1148 423 CARTAE
1185 369 1656 422 ORIGINALES.
2195 376 2294 432 537

205 578 497 653 Proteccio
523 600 715 649 domini
740 599 874 666 regis
897 607 1145 666 perpetua
1166 599 1230 649 de
1255 599 1415 650 tribus
1439 599 1651 650 clasulis.

144 828 153 838 .
206 766 487 841 Robertus
526 825 537 836 .
577 826 588 837 .
625 825 637 837 .
675 805 765 837 rex
794 786 1081 838 Scottorum
1119 787 1350 837 omnibus
1388 825 1399 836 .
1438 825 1450 836 .
1489 824 1500 836 .
1537 786 1744 836 salutem
1788 817 1798 828 ·
1841 785 2023 837 Sciatis
2054 804 2145 838 nos
2182 827 2193 838 .
2234 829 2243 839 .
2284 828 2295 838 .

208 882 439 932 abbatem
488 888 538 931 et
586 889 892 931 conuentum
940 882 1003 930 de
1052 880 1400 931 Abirbrothoc
1446 886 1610 930 terras
1656 880 1768 929 suas
1814 879 2043 930 homines
2088 881 2199 931 suos
2247 891 2297 932 et

209 976 464 1025 vniuersas
489 975 764 1024 eorundem
788 973 1101 1041 pofl'effiones
1127 992 1187 1024 ac
1212 975 1382 1024 omnia
1404 975 1538 1024 bona
1570 974 1657 1025 sua
1691 974 1899 1025 mobilia
1934 983 1985 1026 et
2020 976 2298 1028 immobilia

209 1078 311 1119 tam
350 1067 681 1118 ecclesiastica
720 1085 870 1133 quam
908 1068 1167 1117 mundana
1203 1068 1291 1117 sub
1328 1069 1474 1118 firma
1510 1085 1637 1134 pace
1677 1075 1728 1117 et
1764 1069 2089 1134 proteccione
2125 1069 2297 1120 nostra

208 1163 411 1230 speciali
435 1162 561 1213 iuste
586 1161 842 1228 suscepisse
883 1191 893 1202 ·
937 1162 1110 1222 Quare
1142 1162 1355 1212 firmiter
1389 1162 1715 1228 prohibemus
1751 1180 1815 1212 ne
1852 1163 1964 1228 quis
2001 1163 2073 1213 eis
2109 1165 2296 1214 malum

263 1295 274 1306 .
318 1296 328 1306 .
371 1257 576 1322 aliquod
616 1256 806 1306 inferre
845 1256 1099 1322 presumat
1139 1293 1152 1306 .
1190 1296 1200 1306 .
1237 1295 1247 1306 .
1292 1254 1632 1306 Conceffimus
1678 1254 1838 1304 eciam
1877 1293 1889 1305 .
1929 1293 1941 1305 .
1982 1295 1994 1306 .
2032 1264 2087 1307 vt
2127 1236 2296 1309 nullus

210 1368 385 1400 namos
410 1350 519 1399 suos
545 1357 631 1399 aut
655 1349 915 1399 hominum
939 1349 1140 1399 suorum
1167 1331 1334 1414 capiat
1372 1386 1383 1398 .
1422 1385 1434 1396 .
1476 1386 1488 1396 .
1524 1347 1615 1398 nisi
1648 1366 1742 1414 pro
1778 1350 2054 1400 eorundem
2089 1352 2297 1417 proprio

210 1444 379 1494 debito
403 1443 656 1510 plegiagio
681 1443 762 1493 vel
797 1442 1057 1493 forisfacto
1092 1442 1242 1492 saluis
1277 1442 1452 1509 burgis
1487 1440 1669 1491 nostris
1706 1469 1717 1480 ·
1758 1441 2061 1493 Mandamus
2096 1444 2299 1511 insuper

262 1576 272 1587 .
317 1576 328 1586 .
370 1537 654 1587 iusticiariis
681 1536 1060 1587 vicecomitibus
1083 1535 1347 1602 prepositis
1372 1543 1620 1586 eteorum
1642 1535 1843 1585 balliuis
1884 1574 1895 1585 .
1938 1574 1950 1586 .
1993 1575 2004 1586 .
2046 1545 2100 1588 vt
2124 1555 2298 1588 omnes

209 1631 323 1681 illos
347 1631 400 1680 in
428 1648 601 1681 eorum
637 1631 804 1680 balliis
841 1630 924 1681 seu
959 1630 1134 1696 burgis
1171 1631 1257 1695 qui
1295 1628 1465 1678 debita
1500 1629 1686 1678 debent
1729 1667 1739 1678 .
1780 1667 1791 1678 .
1834 1667 1845 1679 .
1889 1629 2058 1679 abbati
2094 1638 2145 1680 et
2181 1647 2297 1680 con-

213 1724 388 1775 uentui
413 1724 479 1773 ad
502 1724 679 1774 eadem
729 1761 740 1772 .
788 1762 800 1773 .
852 1761 864 1772 .
914 1723 987 1773 eis
1036 1760 1048 1772 .
1100 1761 1112 1772 .
1165 1761 1176 1772 .
1225 1724 1488 1773 reddenda
1535 1763 1545 1773 .
1590 1762 1600 1773 .
1642 1763 1653 1773 .
1703 1723 2008 1789 compellant
2055 1764 2066 1774 .
2116 1764 2126 1775 .
2176 1765 2185 1775 .
2236 1725 2299 1775 In

212 1819 354 1869 cuius
391 1818 467 1867 rei
506 1816 845 1867 testimonium
882 1816 973 1867 has
1010 1816 1183 1866 literas
1220 1817 1415 1867 nostras
1457 1816 1812 1883 inperpetuum
1851 1817 2119 1868 duraturas
2155 1819 2299 1868 dietis

210 1912 454 1979 religiosis
511 1911 621 1961 fieri
682 1909 890 1960 fecimus
947 1917 1178 1975 patentes
1232 1940 1244 1952 ·
1294 1910 1502 1960 testibus
1560 1909 1823 1961 Willelmo
1885 1910 2244 1962 Sanaiandree
2288 1943 2298 1952 ·

212 2005 465 2056 Nicholao
490 2003 839 2055 Dunblanenfi
865 2033 876 2045 ·
904 2010 955 2054 et
978 2003 1015 2053 J
1017 2003 1216 2054 ohanne
1247 2004 1577 2055 Brechinenfi
1622 2043 1633 2054 .
1680 2044 1691 2055 .
1738 2044 1750 2055 .
1796 2006 2038 2073 episcopis
2063 2034 2075 2046 ·
2101 2007 2302 2058 Thoma

211 2098 468 2164 Ranulphi
494 2097 676 2148 comite
703 2096 937 2146 Morauie
961 2104 1146 2163 nepote
1170 2097 1341 2147 nostro
1378 2128 1389 2138 ·
1427 2098 1624 2149 Malifio
1658 2100 1841 2150 comite
1867 2100 1930 2150 de
1959 2099 2261 2168 Stratheryn
2290 2130 2300 2139 ·

211 2192 441 2243 Waltero
467 2189 732 2241 senescallo
761 2188 940 2240 Scocie
979 2218 990 2230 ·
1030 2189 1067 2239 J
1070 2191 1270 2240 ohanne
1305 2192 1369 2241 de
1406 2190 1672 2242 Meneteht
1709 2221 1720 2232 ·
1761 2192 1959 2243 Jacobo
1995 2194 2200 2243 domino
2237 2195 2299 2244 de

210 2286 409 2354 Duglas
448 2314 459 2326 ·
499 2285 733 2336 Gilberto
758 2284 821 2333 de
848 2283 1002 2350 Haya
1026 2283 1398 2334 constabulario
1421 2284 1591 2334 nostro
1619 2283 1796 2335 Scocie
1835 2313 1846 2325 ·
1886 2294 1937 2335 et
1972 2286 2199 2337 Roberto
2236 2289 2299 2337 de

212 2380 350 2430 Keth
382 2377 678 2429 marescallo
712 2376 883 2426 nostro
914 2375 1091 2427 Scocie
1129 2405 1140 2416 ·
1179 2378 1313 2441 apud
1348 2376 1632 2443 Edynburg
1666 2395 1802 2427 nono
1838 2379 1919 2428 die
1956 2378 2140 2429 Marcii
2165 2397 2298 2429 anno

210 2473 358 2540 regni
382 2472 540 2522 nostri
565 2471 843 2521 vndecimO.
1519 2490 1556 2535 η

213 2733 412 2808 Litera
433 2753 772 2822 proteccionis
797 2753 861 2803 de
886 2751 1047 2803 tribus
1072 2749 1321 2800 clausulis.

153 2987 163 2998 .
215 2920 498 2995 Robertus
541 2981 551 2992 .
593 2981 602 2991 .
641 2980 652 2991 .
696 2957 787 2990 rex
814 2938 1102 2990 Scottorum
1139 2935 1370 2986 omnibus
1416 2973 1427 2985 .
1474 2973 1486 2986 .
1527 2973 1539 2986 .
1585 2937 1794 2987 salutem
1830 2969 1842 2979 ·
1883 2937 2067 2990 Sciatis
2096 2937 2215 3005 [etc.
2243 2947 2298 2987 ut

217 3035 271 3085 in
308 3034 362 3084 N
364 3052 410 3085 0.
437 3033 529 3101 V.]
569 3073 580 3084 .
619 3073 629 3084 .
672 3072 683 3083 .
725 3033 788 3083 In
822 3032 964 3083 cuius
999 3031 1075 3080 rei
1110 3029 1449 3080 testimonium
1484 3030 1576 3081 has
1609 3031 1784 3082 literas
1819 3032 2014 3082 nostras
2054 3039 2298 3099 perpetuo

218 3129 486 3178 duraturas
532 3127 623 3177 fibi
668 3126 780 3177 fieri
823 3125 1034 3176 fecimus
1079 3130 1311 3189 patentes
1358 3123 1494 3190 apud
1542 3123 1888 3176 Abirbrothoc
1936 3125 2168 3175 vicesimo
2215 3124 2298 3174 die

217 3219 437 3288 Augusti
461 3238 594 3271 anno
618 3220 763 3287 regni
788 3217 945 3269 nostri
970 3216 1365 3283 quartodecimo.

1243 3314 1273 3359 3
1299 3325 1331 3357 Y
