2586 3834
390 382 487 428 430
837 374 1263 428 REGISTRUM
1295 374 1393 423 DE
1430 370 1990 422 ABERBROTHOC.

245 602 340 652 562
392 580 712 666 Preceptum
750 601 899 649 safine
935 600 1172 647 difibarum
1211 606 1458 647 terrarum
1492 596 1664 645 Dauid
1699 596 1851 645 Voud
1887 604 1936 646 et
1960 596 2169 647 Valtero
2206 598 2435 664 Lychton

393 694 587 743 balliuis
611 694 663 741 in
686 693 778 741 hac
802 698 942 755 parte
967 690 1204 738 directum
1231 718 1241 729 ·
1268 693 1298 737 2
1328 688 1559 738 octobris
1587 691 1733 737 1520.

247 971 342 1020 563
394 941 872 1015 commendatarius
896 959 1076 1010 affedat
1100 961 1135 1009 J
1138 961 1291 1010 acobo
1319 959 1535 1027 Ogylwy
1560 969 1609 1010 et
1633 960 1873 1011 Mariorie
1897 961 2040 1012 Dure
2065 963 2170 1012 eius
2194 965 2363 1028 sponse
2389 972 2438 1013 et

395 1056 428 1104 J
431 1056 611 1104 ohanni
641 1055 853 1122 Ogylwy
880 1070 1051 1102 eorum
1075 1053 1175 1101 filio
1207 1060 1365 1102 terras
1391 1053 1622 1103 villarum
1646 1056 1708 1104 de
1734 1055 1955 1104 Baufour
1980 1062 2030 1104 et
2054 1056 2289 1121 Kyrkton
2327 1074 2437 1105 cum

394 1149 675 1197 molendino
712 1157 761 1196 et
797 1147 1000 1195 decimis
1023 1146 1309 1210 garbalibus
1334 1146 1386 1194 in
1410 1146 1620 1196 baronia
1643 1147 1704 1195 de
1729 1146 2075 1213 Kyncoldrum
2117 1175 2127 1185 ·
2164 1148 2437 1197 Reddendo

399 1242 508 1306 [etc.
535 1249 589 1289 ut
612 1240 757 1305 supra
782 1239 880 1288 No.
908 1238 1027 1304 491]
1058 1264 1068 1274 ·
1098 1238 1159 1288 16
1185 1237 1489 1288 Nouembris
1517 1243 1659 1289 1520.

247 1512 339 1559 564
393 1494 543 1567 Idem
571 1515 750 1564 assedat
774 1532 864 1580 pro
885 1515 1054 1563 decem
1075 1520 1124 1562 et
1142 1530 1323 1562 nouem
1343 1512 1485 1562 annis
1503 1510 1738 1577 magistro
1757 1511 1976 1562 Ricardo
1997 1512 2161 1562 Grant
2183 1545 2193 1555 ·
2217 1514 2253 1562 J
2256 1514 2439 1563 ohanni

398 1607 541 1657 Seras
567 1637 577 1646 ·
603 1607 911 1655 Allexandro
935 1606 1154 1655 Patillok
1184 1633 1193 1643 ·
1222 1605 1258 1654 J
1261 1604 1446 1654 ohanni
1471 1604 1683 1670 Ramsay
1708 1630 1719 1642 ·
1747 1603 1986 1654 Elezabet
2011 1604 2144 1672 Boys
2174 1635 2184 1645 ·
2216 1606 2439 1656 Niniano

395 1699 522 1747 Liell
558 1729 567 1738 -
607 1698 813 1747 Hectori
848 1698 1001 1747 Bride
1037 1698 1158 1747 alias
1194 1696 1427 1746 Demster
1463 1725 1473 1735 ·
1512 1696 1670 1745 Elene
1705 1696 1805 1744 filie
1841 1695 1922 1745 sue
1958 1714 2049 1762 pro
2087 1699 2171 1746 suo
2203 1698 2439 1763 affignato

397 1791 591 1839 admisse
630 1818 640 1828 ·
681 1791 910 1840 Galfrido
945 1790 1131 1839 Farror
1168 1819 1177 1830 ·
1215 1789 1439 1839 Johanni
1468 1787 1662 1837 Barbor
1697 1816 1708 1826 ·
1751 1787 1971 1854 Georgio
1998 1788 2134 1855 Crag
2171 1819 2181 1829 ·
2222 1790 2440 1841 Roberto
2545 1796 2586 1839 -Σ

398 1882 569 1947 Smyth
596 1909 606 1920 ·
630 1882 882 1931 Willelmo
905 1881 1048 1932 Steill
1072 1911 1082 1921 ·
1104 1882 1217 1930 Ade
1241 1881 1521 1931 Pikkeman
1546 1909 1557 1921 ·
1580 1881 1617 1931 J
1618 1882 1775 1931 acobo
1800 1881 1941 1932 Colle
1965 1910 1976 1921 ·
1999 1881 2036 1931 J
2038 1882 2221 1932 ohanni
2247 1883 2410 1934 Smart
2429 1913 2440 1922 ·
2542 1904 2550 1916 ·

399 1982 447 2022 et
472 1973 718 2022 Nicholao
748 1974 889 2039 Logy
921 2003 931 2013 -
968 1991 1026 2023 ac
1061 1974 1157 2022 suis
1192 1960 1445 2038 affignatis
1475 1992 1566 2039 per
1601 1981 1900 2024 conuentum
1937 1975 2150 2024 admiffis
2185 1984 2342 2025 terras
2378 1979 2439 2027 de

398 2066 551 2130 Kepti
573 2083 683 2114 cum
710 2066 912 2114 decimis
943 2067 1226 2131 garbalibus
1251 2095 1261 2105 -
1286 2066 1357 2115 ita
1381 2067 1516 2130 quod
1537 2066 1770 2132 magister
1790 2067 2036 2116 Ricardus
2055 2068 2318 2133 occupabit
2341 2077 2440 2118 tres

398 2175 536 2206 acras
561 2160 730 2206 o&aue
754 2158 907 2222 partis
932 2176 1079 2223 quam
1099 2159 1237 2223 prius
1260 2159 1535 2223 occupabat
1557 2186 1568 2198 ·
1591 2166 1641 2208 et
1666 2158 1959 2208 Nicholaius
1983 2159 2127 2225 Logy
2148 2168 2197 2208 et
2220 2160 2256 2209 J
2258 2162 2439 2210 acobus

400 2250 545 2315 Colly
587 2251 897 2314 occupabunt
942 2251 1157 2315 reliquas
1202 2252 1324 2300 duas
1370 2268 1511 2299 acras
1556 2251 1689 2300 illius
1734 2251 1889 2315 partis
1936 2277 1948 2290 ·
1989 2251 2026 2300 J
2028 2251 2248 2301 ohannes
2295 2252 2438 2303 Seras

399 2342 657 2406 occupabit
695 2349 905 2406 quatuor
943 2360 1083 2391 acras
1122 2345 1291 2392 o8caue
1328 2341 1485 2407 partis
1520 2358 1668 2406 quam
1703 2343 1841 2407 prius
1877 2350 1926 2391 et
1961 2341 2127 2391 Adam
2161 2343 2438 2394 Pikkeman

400 2450 546 2481 vnam
581 2451 746 2482 acram
773 2433 905 2481 illius
929 2434 1084 2498 partis
1120 2462 1132 2474 ·
1169 2434 1478 2483 Allexander
1501 2432 1740 2481 Pettillok
1776 2434 2038 2498 occupabit
2063 2442 2275 2498 quatuor
2299 2453 2437 2484 acras

402 2526 570 2571 o&aue
593 2524 747 2587 partis
772 2541 918 2587 quam
941 2525 1079 2589 prius
1099 2532 1147 2574 et
1164 2525 1199 2574 J
1203 2525 1422 2574 ohannes
1441 2524 1605 2575 Smart
1624 2526 1885 2590 occupabit
1909 2543 2075 2574 acram
2099 2526 2232 2575 illius
2255 2528 2437 2591 partis·

401 2614 656 2662 ‚Iohannes
702 2614 915 2681 Ramsay
953 2624 1164 2680 quatuor
1205 2635 1346 2667 acras
1387 2618 1560 2666 o8caue
1605 2616 1761 2681 partis
1802 2624 1855 2665 vt
1894 2617 2031 2682 prius
2079 2624 2128 2666 et
2164 2616 2438 2666 Willelmus

407 2704 564 2769 Steyll
594 2722 740 2753 vnam
778 2723 942 2754 acram
976 2708 1108 2756 illius
1142 2710 1297 2774 partis
1337 2737 1348 2750 ·
1385 2708 1642 2758 Elezabet‘
1665 2701 1800 2774 Bo'ys
1840 2716 2052 2773 quatuor
2092 2727 2231 2758 acras
2267 2714 2437 2759 octaue

402 2795 555 2859 partis
597 2811 743 2858 quam
789 2795 924 2858 prius
972 2804 1021 2845 et
1065 2797 1312 2847 Robertus
1353 2798 1530 2866 Smyth
1570 2817 1717 2848 vnam
1760 2817 1925 2849 acram
1967 2800 2099 2849 illius
2143 2802 2298 2865 partis
2340 2830 2351 2841 ·
2391 2813 2439 2851 et

376 2889 381 2893 ’
403 2885 455 2934 N
458 2885 651 2934 inianus
676 2884 820 2949 Lyell
843 2911 854 2922 ·
881 2886 1069 2934 Hector
1092 2887 1322 2937 Demster
1348 2919 1358 2930 ·
1387 2891 1642 2940 Galfridus
1662 2891 1848 2940 Farror
1872 2919 1883 2929 ·
1906 2891 1942 2941 J
1944 2892 2162 2941 ohannes
2186 2892 2438 2942 Barbour·

404 2985 452 3024 et
489 2976 735 3040 Georgius
779 2975 912 3040 Crag
950 2987 1003 3024 vt
1043 2978 1179 3042 prius
1223 2980 1503 3032 habuerunt
1549 3010 1560 3022 ·
1609 2983 1859 3034 Soluendo
1901 2984 2144 3033 monacho
2191 2987 2436 3034 communi

404 3069 572 3116 decem
600 3075 647 3115 et
671 3067 852 3131 septem
886 3085 1077 3117 marcas
1113 3086 1224 3118 cum
1259 3071 1464 3123 dimidia
1487 3082 1682 3125 monete
1710 3075 1884 3125 Scocie
1908 3093 2021 3125 cum
2043 3076 2247 3125 decimis
2274 3077 2365 3125 lini
2390 3085 2438 3126 et

405 3159 604 3224 canapis
625 3158 954 3207 crescencium
973 3159 1024 3208 in
1045 3160 1216 3209 eadem
1232 3168 1366 3212 terra
1389 3193 1400 3204 ·
1427 3166 1629 3230 quisque
1646 3183 1738 3231 pro
1758 3184 2050 3232 vnaquaque
2069 3185 2186 3218 acra
2204 3166 2435 3217 soluendo
