2762 3834
9 1495 99 1539 284

15 2722 16 2726 ,
28 2683 117 2728 285

589 350 1013 402 REGISTRUM
1047 351 1146 400 DE
1182 351 1739 407 ABERBROTHOC.
1921 387 1923 389 ·
2085 355 2181 408 237

135 487 295 536 bollas
328 485 511 534 farrine
547 490 596 532 et
621 483 792 531 decem
829 481 984 530 bollas
1019 483 1146 531 ordii
1184 501 1295 532 cum
1326 485 1554 533 mensura
1586 483 1682 532 fori
1717 482 1961 532 currentis
1986 509 1996 519 ·
2021 490 2070 531 et
2093 501 2183 547 pro

144 577 346 627 decimis
382 613 393 624 .
431 612 442 623 .
478 613 488 624 .
527 574 648 623 duas
688 573 843 622 bollas
891 573 1019 621 ordii
1062 581 1110 622 et
1148 575 1319 625 decem
1364 577 1521 625 bollas
1568 575 1752 624 farrine
1801 591 1911 623 cum
1958 574 2187 622 mensura
2276 621 2283 627 ,

145 669 365 735 predicta
402 667 466 716 ad
503 665 740 715 terminos
777 701 788 712 .
825 703 834 713 .
873 701 884 712 .
915 664 1137 713 soluendi
1176 669 1429 718 consuetos
1454 699 1464 708 ·
1493 686 1601 717 cum
1628 669 1711 716 sex
1736 667 2005 732 caponibus
2035 674 2083 715 et
2106 668 2187 715 sex

143 762 340 828 gallinis
366 768 414 809 et
440 765 665 825 rynmart
700 775 758 806 ac
794 757 1026 806 oneribus
1061 757 1426 808 husbandorum
1455 798 1466 809 .
1506 797 1517 808 .
1552 797 1563 808 .
1605 759 1716 808 Nec
1751 758 1918 807 licebit
1953 757 2186 822 predictis

196 892 207 904 .
253 893 263 904 .
305 853 472 902 villam
508 890 519 901 .
557 889 568 900 .
606 888 617 899 .
659 851 876 900 affedare
922 888 932 899 .
966 887 978 898 .
1018 889 1029 900 .
1079 850 1177 898 fine
1212 850 1378 899 nostra
1411 851 1622 900 licencia
1665 888 1676 899 .
1722 887 1734 899 .
1776 887 1787 899 .
1829 850 2028 899 cotariis
2066 851 2186 898 dun-

145 954 280 996 taxat
304 945 523 1010 exceptis
561 981 571 992 .
618 980 629 992 .
675 981 686 992 .
723 943 878 1008 Apud
900 942 1249 991 monasterium
1286 982 1295 991 .
1333 982 1342 991 .
1380 982 1389 992 .
1426 944 1560 993 xxvii
1584 944 1664 993 die
1689 942 1863 992 menfis
1890 942 2188 992 Nouembris

147 1056 276 1088 anno
299 1037 507 1086 Domini
535 1040 680 1084 1485.

148 1288 432 1359 Affedacio
459 1304 661 1353 dimidie
686 1304 841 1369 partis
867 1304 927 1352 de
952 1303 1205 1352 Lathame.

151 1470 279 1543 Nos
309 1491 480 1552 Dauid
512 1491 660 1539 abbas
705 1527 715 1538 .
762 1528 771 1538 .
814 1529 823 1538 .
868 1491 929 1539 de
969 1489 1308 1540 Abirbrothoc
1351 1528 1360 1538 .
1402 1527 1412 1537 .
1455 1528 1465 1538 .
1509 1491 1775 1539 affedamus
1817 1530 1826 1539 .
1872 1530 1882 1540 .
1924 1530 1934 1540 .
1972 1491 2194 1541 Johanni

154 1583 354 1631 Huntar
383 1582 474 1647 [et]
505 1581 646 1630 vxori
670 1582 752 1630 sue
776 1582 1014 1630 moderne
1039 1609 1049 1620 ·
1075 1581 1111 1629 J
1113 1585 1267 1632 acobo
1297 1583 1519 1631 Adisoun
1555 1592 1604 1632 et
1634 1585 1774 1633 vxori
1810 1585 1891 1633 sue
1924 1586 2158 1633 moderne
2185 1611 2194 1620 ·

157 1684 204 1725 et
247 1676 492 1726 Cristiane
531 1675 732 1724 Huntar
768 1669 880 1724 cum
914 1676 1110 1723 Thoma
1145 1675 1248 1724 filio
1284 1675 1367 1723 suo
1405 1704 1415 1714 ·
1454 1675 1625 1723 Dauid
1663 1675 1805 1741 Logy
1841 1683 1890 1725 et
1926 1676 2196 1724 Elezabeth

156 1768 323 1832 sponse
347 1769 429 1816 sue
454 1795 464 1806 ·
491 1785 602 1816 cum
626 1767 721 1815 suis
748 1767 1115 1816 coadiutoribus
1149 1804 1159 1814 .
1196 1805 1207 1815 .
1246 1806 1254 1816 .
1291 1767 1545 1815 dimidiam
1570 1774 1761 1831 partem
1788 1767 1903 1815 ville
1938 1767 2101 1814 nostre
2137 1767 2197 1814 de

157 1861 395 1909 Lathame
433 1898 445 1927 ·.
481 1898 491 1909 .
533 1898 543 1908 .
580 1877 672 1925 pro
698 1867 801 1910 toto
827 1867 1050 1924 tempore
1084 1860 1181 1908 vite
1214 1860 1482 1908 eorundem
1520 1886 1531 1896 ·
1569 1859 1779 1907 termino
1810 1858 2042 1907 introitus
2084 1897 2092 1906 .
2139 1895 2149 1906 .

158 1953 427 2017 incipiente
463 1952 515 2000 in
552 1951 672 1999 festo
712 1951 1027 2000 Pentecostes
1064 1952 1227 2000 datam
1266 1950 1573 2016 presencium
1616 1950 1897 1998 immediate
1935 1950 2201 2013 sequente·

164 2044 411 2094 Soluendo
447 2084 457 2093 .
491 2082 502 2092 .
540 2083 551 2093 .
580 2044 823 2092 monacho
849 2044 910 2092 de
937 2043 1187 2092 communi
1219 2082 1228 2092 .
1269 2080 1279 2090 .
1319 2080 1328 2091 .
1367 2047 1474 2090 ofito
1509 2043 1660 2091 libras
1701 2079 1712 2091 .
1751 2080 1762 2091 .
1799 2079 1812 2091 .
1844 2051 2042 2091 monete
2085 2080 2094 2090 .
2140 2080 2149 2090 .
2191 2080 2201 2090 .

164 2136 336 2186 Scocie
379 2137 442 2185 ad
483 2136 604 2184 duos
650 2131 768 2183 anni
812 2135 1049 2183 terminos
1093 2173 1101 2182 .
1147 2173 1155 2182 .
1197 2172 1207 2182 .
1251 2151 1362 2182 cum
1399 2133 2034 2186 husbandorumbneribus
2077 2171 2088 2182 .
2133 2171 2144 2181 .
2190 2170 2200 2180 .

164 2229 315 2294 Apud
355 2267 364 2276 .
409 2266 418 2276 .
465 2265 475 2276 .
520 2227 792 2292 capitulum
817 2226 1030 2275 secundo
1055 2226 1135 2275 die
1159 2227 1334 2275 menfis
1356 2226 1648 2275 Decembris
1673 2243 1803 2275 anno
1827 2225 2034 2274 Domini
2061 2229 2201 2274 1485.

167 2478 448 2550 Affedacio
473 2496 739 2563 garbarum
765 2495 1079 2545 decimalium
1104 2507 1236 2544 terre
1262 2495 1583 2545 ecclefiastice
1608 2495 1806 2545 ecclesie
1831 2495 1892 2544 dc
1917 2495 1970 2544 N
1970 2513 2053 2561 yg.

167 2658 444 2732 Uniuerfis
479 2688 646 2746 pateat
686 2719 697 2730 .
741 2719 750 2730 .
794 2719 805 2730 .
843 2699 933 2729 nos
974 2681 1144 2730 Dauid
1184 2719 1195 2730 .
1239 2721 1248 2731 .
1295 2720 1305 2730 .
1349 2683 1574 2730 abbatem
1618 2719 1629 2730 .
1669 2720 1678 2731 .
1719 2719 1730 2731 .
1773 2683 1834 2731 de
1869 2682 2206 2731 Abirbrothoc

296 2809 306 2820 .
361 2790 452 2837 pro
499 2772 849 2837 redempcione
896 2773 1142 2821 bullarum
1189 2775 1466 2822 nostrarum
1513 2773 1735 2822 affedaffe
1788 2812 1797 2822 .
1850 2811 1860 2821 .
1915 2813 1925 2822 .
1978 2774 2205 2839 magistro

168 2863 414 2912 Duncano
442 2863 676 2913 Scheirar
702 2864 941 2912 canonico
966 2864 1311 2913 Aberdonenfi
1337 2874 1386 2913 et
1409 2865 1504 2913 suis
1536 2865 1783 2930 affignatis
1828 2903 1838 2914 .
1886 2905 1895 2914 .
1938 2904 1949 2914 .
1994 2867 2206 2915 decimas

170 2955 391 3018 garbales
437 2963 568 3004 terre
617 2954 940 3003 ecclesiastice
986 2955 1188 3004 ecclefie
1233 2955 1556 3019 parrochialis
1596 2957 1657 3004 de
1697 2956 1817 3022 Nyg
1858 2956 2206 3006 Sanffiandree

172 3045 372 3093 diocefis
408 3084 417 3094 .
452 3083 463 3093 .
501 3085 511 3095 .
549 3046 799 3109 wlgariter
822 3054 1106 3109 nuncupate
1133 3046 1346 3095 Kerkhil
1369 3063 1460 3110 pro
1479 3048 1703 3095 terminis
1724 3049 1948 3097 vndecim
1968 3066 2206 3097 annorum

227 3174 237 3183 .
278 3173 289 3183 .
332 3136 543 3184 termino
566 3136 798 3184 introitus
841 3176 850 3184 .
896 3173 906 3183 .
951 3173 962 3183 .
1005 3136 1273 3200 incipiente
1298 3141 1349 3186 in
1375 3138 1495 3187 festo
1523 3138 1688 3188 Sancti
1713 3138 1850 3188 Pet-ri
1873 3140 2006 3202 quod
2031 3139 2207 3188 dicitur
