2742 3848
415 2099 510 2153 657

545 394 644 446 468
991 390 1418 444 REGISTRUM
1454 389 1550 439 DE
1587 385 2152 437 ABERBROT-HOC.

551 528 816 578 ordinariis
862 528 1026 576 debite
1072 525 1313 575 intimatis
1349 541 1445 588 que
1495 539 1586 587 per-
1621 521 1867 586 prefatum
1897 534 2085 586 {papam
2121 538 2251 570 anno
2286 520 2604 586 pontificatus

553 623 687 673 sexto
723 619 1012 670 confirmata
1052 617 1267 667 existunt
1307 645 1317 656 ·
1360 616 1473 680 ipfis
1511 622 1678 663 tamen
1717 612 2001 678 apostolicis
2038 612 2441 678 exempcionibus
2475 612 2607 660 loco-

552 731 662 763 rum
715 712 923 762 aliarum
976 709 1256 776 dyocefium
1309 707 1537 756 moderni
1596 705 1839 754 ordinarii
1887 714 1937 755 et
1984 706 2234 771 signanter
2281 705 2610 754 Morauienfis

555 813 604 858 et
640 803 1003 853 Dunblanenfis
1047 801 1260 865 episcopi
1306 817 1363 849 ac
1407 798 1678 848 earundem
1718 798 1943 863 parcium
1984 799 2214 848 nonnulli
2255 798 2341 847 alii
2384 815 2485 846 non
2528 798 2606 846 ob-

554 904 831 961 temperant
869 895 951 942 sed
987 894 1173 941 fru&us
1215 892 1533 941 ecclesiarum
1574 890 1860 939 monasterii
1897 890 2205 956 sequestrant
2240 891 2293 939 in
2330 889 2611 938 monasterii

554 986 785 1037 lesionem
832 1016 842 1026 ·
894 986 1124 1050 quodque
1174 984 1401 1049 plerique
1458 984 1634 1033 vicarii
1683 984 1913 1049 perpetui
1961 984 2279 1033 ecclesiarum
2326 982 2614 1031 monasterii

556 1079 846 1127 antizoritate
901 1076 1170 1141 apostolica
1218 1083 1453 1125 tenentur
1502 1075 1733 1124 ecclesias
1780 1093 2016 1141 reparare
2063 1076 2259 1140 aliaque
2308 1092 2462 1124 onera
2509 1075 2613 1122 sub·

555 1179 754 1237 portare
807 1199 817 1209 ·
870 1169 1125 1234 presertim
1178 1169 1393 1218 vicarius
1441 1170 1503 1217 de
1553 1168 1803 1235 Bothelny
1853 1177 2030 1218 contra
2087 1169 2390 1218 sentenciam
2442 1174 2617 1216 contra

557 1264 766 1314 vicarios
825 1263 952 1312 dicte
1011 1261 1214 1311 ecclefie
1275 1262 1529 1311 decretam
1582 1279 1673 1325 per
1732 1263 1982 1326 quondam
2033 1260 2300 1328 Symonem
2356 1262 2418 1310 de
2467 1260 2616 1308 Valle

558 1358 726 1423 vigore
775 1354 1122 1405 commistionis
1170 1354 1258 1403 fibi
1304 1371 1395 1420 per
1441 1354 1723 1421 Evgenium
1772 1372 1951 1420 papam
2001 1355 2228 1420 quintum
2277 1372 2408 1403 anuo
2455 1354 2618 1419 ponti-

554 1452 728 1500 ficatus
763 1451 956 1499 decimo
992 1449 1119 1498 facte
1157 1449 1284 1496 dicte
1325 1448 1528 1498 ecclesie
1567 1465 1722 1496 onera
1759 1447 1922 1497 subire
1956 1447 2148 1497 recusat
2189 1477 2201 1487 ·
2245 1465 2303 1497 ac
2341 1447 2617 1512 supplican-

556 1544 671 1593 dum
712 1560 891 1608 papam
936 1549 989 1591 ut
1028 1541 1172 1607 super
1213 1541 1453 1606 premiffis
1490 1541 1758 1606 prouidere
1799 1540 2035 1604 dignetur
2069 1569 2080 1579 ·
2117 1541 2170 1590 in
2204 1540 2432 1589 omnibus
2464 1538 2617 1588 causis

556 1635 903 1686 monasterium
953 1636 1271 1702 tangentibus
1315 1636 1369 1683 in
1415 1635 1554 1684 curia
1598 1634 1827 1683 Romana
1874 1635 2262 1699 comparendum
2312 1663 2322 1673 ·
2372 1632 2617 1699 apostolos

560 1730 825 1793 petendum
853 1735 871 1769 '·
909 1735 959 1777 et
983 1728 1151 1777 omnia
1174 1728 1272 1776 alia
1296 1728 1579 1777 faciendum
1603 1728 1656 1776 in
1682 1726 1922 1792 premiffis
1946 1726 2216 1777 necessaria
2258 1758 2267 1768 ·
2311 1731 2375 1776 28
2403 1725 2615 1792 Augusti

564 1820 708 1874 1527.

564 2075 716 2149 Idem
753 2098 936 2147 affedat
969 2115 1056 2162 pro
1090 2098 1417 2147 nouendecim
1455 2099 1598 2148 annis
1631 2098 1836 2146 Andree
1875 2097 2126 2148 Cristeson
2161 2097 2427 2147 heredibus
2452 2099 2547 2147 suis
2573 2109 2622 2149 et

566 2189 814 2256 affignatis
839 2193 1062 2238 octauam
1088 2197 1279 2254 partem
1305 2191 1366 2239 de
1393 2190 1564 2257 Kepty
1590 2209 1701 2241 cum
1727 2192 1934 2241 decimis
1957 2192 2243 2258 garbalibus
2280 2210 2401 2257 quas
2436 2193 2620 2242 virtute

567 2282 884 2332 affedacionis
903 2283 1151 2346 quondam
1174 2281 1461 2347 Margarete
1491 2282 1671 2333 Schort
1694 2284 1864 2350 sponse
1888 2284 1971 2334 sue
1997 2285 2261 2350 occupauit
2286 2314 2296 2324 ·
2322 2285 2621 2335 reseruando

567 2375 807 2423 decimam
831 2374 923 2422 lini
947 2382 996 2424 et
1022 2375 1223 2439 canapis
1259 2375 1590 2425 crescencium
1616 2378 1668 2426 in
1691 2378 1823 2427 dicta
1856 2385 1999 2442 parte
2035 2385 2227 2427 tantum
2269 2406 2279 2417 ·
2318 2395 2376 2427 ac
2413 2379 2621 2428 croftam

567 2476 791 2516 vocatam
829 2467 1035 2516 croftam
1073 2468 1259 2516 fabrice
1299 2497 1309 2506 ·
1350 2477 1399 2518 et
1437 2470 1636 2518 domum
1674 2470 1860 2519 fabrice
1898 2488 2008 2519 cum
2035 2478 2144 2519 orto
2169 2471 2233 2519 ad
2257 2472 2465 2519 eandem
2490 2471 2622 2536 spec-

569 2567 705 2607 tante
729 2559 972 2608 iacentem
997 2559 1128 2608 inter
1154 2567 1437 2609 tenementa
1461 2561 1575 2610 Ade
1612 2562 1818 2611 Peirson
1843 2563 1907 2612 ad
1932 2563 2241 2612 occidentem
2267 2572 2317 2612 et
2341 2571 2623 2613 tenementa

571 2659 811 2714 occupata
835 2667 923 2714 per
946 2650 981 2699 J
984 2650 1229 2699 ohannem
1265 2650 1439 2716 Smyth
1466 2654 1529 2701 ad
1555 2655 1797 2704 orientem
1837 2683 1847 2693 ·
1889 2654 2140 2706 Soluendo
2165 2672 2257 2720 pro
2282 2657 2459 2705 octaua
2482 2665 2623 2722 parte
2702 2667 2710 2672 ’

573 2744 634 2792 de
657 2743 704 2790 le
729 2742 897 2807 Kepty
924 2750 973 2791 et
997 2743 1201 2792 decimis
1225 2744 1460 2809 magistro
1485 2747 1852 2797 communitatis
1878 2748 2086 2814 triginta
2109 2756 2210 2798 tres
2237 2748 2416 2796 solidos
2442 2757 2491 2797 et
2516 2751 2622 2797 0820

574 2834 803 2884 denarios
839 2841 1035 2883 monete
1077 2833 1248 2883 Scocie
1289 2842 1338 2884 et
1380 2836 1607 2886 ducendo
1646 2840 1769 2887 duos
1811 2840 2055 2904 plaustros
2095 2840 2351 2905 glebarum
2389 2840 2624 2905 magistro

575 2925 940 2983 communitatis
987 2926 1050 2973 ad
1097 2927 1448 2975 monasterium
1496 2946 1526 2977 a
1572 2948 1711 2979 moro
1764 2934 2051 2983 monasterii
2105 2935 2305 2998 quando
2355 2934 2623 2999 premoniti

574 3017 764 3080 fuerint,
784 3045 795 3055 ·
821 3023 871 3064 et
895 3015 1128 3064 soluendo
1151 3034 1243 3080 pro
1268 3019 1428 3068 crofta
1452 3027 1499 3069 et
1525 3022 1671 3071 domo
1693 3025 1878 3074 fabrice
1903 3043 2013 3074 cum
2041 3033 2150 3075 orto
2171 3026 2412 3076 tredecim
2448 3026 2626 3075 solidos

577 3116 628 3172 et
657 3117 870 3173 quatuor
905 3107 1135 3156 denarios
1174 3117 1369 3159 monete
1409 3113 1628 3176 predi&e
1669 3116 1904 3182 magistro
1945 3118 2134 3168 fabrice
2174 3135 2370 3167 necnon
2409 3119 2624 3167 tenendo

577 3201 775 3264 domum
816 3198 1017 3248 honeste
1057 3198 1108 3247 in
1149 3200 1355 3250 edificiis
1397 3211 1446 3252 et
1487 3208 1892 3269 reparacionibus
1928 3218 2077 3274 prout
2111 3211 2368 3260 inuenitur
2402 3219 2628 3276 tempore
