2586 3834
612 378 1043 430 REGISTRUM
1076 379 1175 428 DE
1211 378 1770 433 ABERBROTHOC.
2118 393 2215 437 435

159 512 353 561 dotibus
379 519 427 561 et
449 512 605 561 tribus
630 512 891 560 iuuenibus
917 541 927 551 ·
955 518 1004 560 et
1028 511 1166 560 dabit
1190 512 1457 577 vnicuique
1483 515 1724 564 sacerdoti
1749 515 1962 564 sedecim
1984 517 2211 568 denarios

158 614 207 654 et
248 604 484 653 retinebit
531 603 619 652 fibi
663 604 786 653 duos
828 603 1007 652 solidos
1050 612 1101 652 et
1145 604 1411 669 vnicuique
1453 605 1691 655 iuuenum
1735 611 1843 656 octo
1891 609 2122 659 denarios
2166 620 2213 660 et

157 697 369 762 pulsanti
408 713 672 762 campanas
716 703 929 761 quatuor
973 696 1204 744 denarios
1248 723 1259 735 ·
1301 704 1349 746 et
1392 714 1483 762 pro
1527 698 1800 748 collacione
1839 700 2052 769 eiusdem
2091 702 2213 750 duos

156 790 336 838 solidos
394 789 614 853 reliques
668 788 1047 853 quatuordecim
1100 788 1331 838 denarios
1379 791 1516 841 dabit
1563 800 1612 842 et
1659 793 1866 842 totidem
1911 795 2212 859 pauperibus

156 882 494 948 indigentibus
531 912 541 922 ·
583 889 633 931 et
662 882 726 931 fic
759 882 873 931 volo
910 890 960 931 et
997 882 1173 930 ordino
1213 883 1471 932 annuatim
1501 883 1851 949 inperpetuum
1889 887 2011 936 ficut
2051 887 2209 936 dictus

158 976 443 1040 capellanus
470 975 682 1024 voluerit
706 974 1004 1040 respondere
1030 991 1197 1024 coram
1221 973 1421 1022 Summo
1447 975 1482 1024 J
1484 976 1627 1025 udice
1662 977 1714 1025 in
1749 978 1830 1026 die
1864 977 2037 1027 iudicii
2079 1008 2090 1019 ·
2130 979 2210 1027 Ac

158 1068 315 1116 eciam
355 1067 469 1116 volo
507 1068 639 1131 quod
677 1066 810 1115 idem
853 1066 1139 1131 capellanus
1179 1066 1396 1115 celebret
1438 1068 1572 1116 omni
1609 1070 1744 1118 sexta
1782 1070 1908 1118 feria
1940 1069 1975 1117 fi
2010 1087 2112 1118 non
2154 1070 2210 1118 fit

156 1159 339 1224 duplex
363 1159 540 1207 festum
574 1166 623 1207 et
659 1158 868 1208 ceffante
897 1158 1124 1224 legitima
1159 1159 1304 1207 causa
1334 1159 1520 1209 miffam
1554 1162 1615 1209 de
1651 1179 1798 1211 cruce
1834 1169 1883 1211 et
1917 1162 2025 1227 post
2061 1180 2209 1211 euan-

155 1251 340 1317 gelium
380 1251 443 1299 ad
479 1251 778 1300 lauatorium
814 1251 894 1299 De
925 1251 1194 1316 profundis
1231 1258 1284 1300 vt
1323 1252 1476 1300 moris
1518 1251 1587 1300 est
1623 1282 1633 1292 -
1677 1261 1726 1302 et
1761 1255 1935 1303 eodem
1967 1254 2046 1303 die
2076 1254 2209 1303 dicat

161 1344 366 1392 Placebo
392 1350 442 1392 et
464 1342 648 1412 Dirige
672 1360 763 1408 pro
789 1343 956 1392 anima
982 1361 1095 1392 mea
1119 1350 1168 1392 et
1192 1344 1451 1394 animabus
1484 1346 1692 1395 aliorum
1718 1353 1770 1395 vt
1797 1347 2071 1411 predictum
2103 1347 2172 1394 est
2196 1376 2206 1387 ·

158 1436 396 1486 Preterea
419 1437 531 1485 volo
558 1444 607 1485 et
632 1436 808 1484 ordino
839 1436 915 1484 ius
951 1443 1243 1501 patronatus
1274 1435 1388 1503 [etc.
1414 1444 1468 1486 ut
1491 1438 1545 1486 in
1569 1438 1669 1487 No.
1696 1443 1793 1487 458
1818 1440 1881 1488 ad
1906 1440 2071 1488 verba
2090 1440 2209 1488 ‘meis

160 1529 406 1593 completis
429 1530 525 1576 vite
550 1527 737 1593 diebus]
773 1528 837 1576 ad
870 1528 1027 1577 filium
1066 1536 1115 1578 et
1153 1529 1387 1579 heredem
1425 1548 1590 1579 meum
1626 1531 1907 1580 Jobannem
1945 1531 2127 1579 Brown
2160 1539 2208 1579 et

155 1622 259 1686 ipso
286 1623 347 1670 de
371 1622 536 1670 medio
560 1620 749 1670 sublato
775 1622 840 1670 ad
861 1622 1188 1687 principalem
1208 1631 1256 1673 et
1274 1623 1627 1689 proximiorem
1644 1623 1766 1672 mihi
1786 1623 2207 1689 consanguinitate

157 1722 206 1762 et
243 1714 538 1779 cognomine
574 1714 795 1762 iunctum
826 1721 911 1763 aut
943 1715 1347 1780 coniungendum
1370 1717 1649 1782 presentem
1673 1717 1724 1765 in
1749 1717 1986 1782 parochia
2013 1716 2128 1782 [etc.
2153 1724 2207 1764 ut

155 1808 210 1855 in
236 1807 411 1856 eodem
435 1807 586 1871 usque
607 1808 671 1856 ad
690 1808 842 1857 verba
865 1808 1148 1872 inseruicio
1167 1806 1431 1875 antedic‘io]
1461 1839 1472 1849 ·
1498 1810 1626 1859 Item
1642 1810 1754 1858 volo
1774 1810 1906 1875 quod
1926 1809 2207 1874 capellanus

157 1899 274 1947 dicei
313 1900 483 1948 altaris
520 1900 606 1964 qui
639 1917 730 1964 pro
759 1907 982 1964 tempore
1019 1900 1172 1950 fuerit
1202 1901 1438 1952 sustentet
1471 1902 1638 1951 omnia
1670 1919 1765 1966 que
1804 1919 1936 1950 nunc
1964 1901 2209 1949 habentur

157 1990 424 2040 necessaria
457 1991 510 2038 in
547 1992 720 2039 eodem
758 1991 905 2040 altari
943 1992 1175 2042 videlicet
1210 2011 1360 2042 vnum
1399 1994 1605 2043 calicem
1647 2001 1935 2059 argenteum
1976 1992 2208 2057 ponderis

158 2083 418 2132 duodecim
453 2077 709 2132 vnciarum
749 2112 760 2123 ·
799 2102 949 2132 vnum
988 2085 1171 2134 missale
1208 2086 1269 2135 de
1303 2103 1605 2151 pergameno
1629 2086 1682 2134 in
1708 2086 1896 2135 calamo
1926 2086 2159 2150 scriptum
2198 2113 2209 2124 ·

156 2177 253 2225 duo
279 2176 571 2225 vestimenta
596 2193 743 2224 vnum
769 2193 858 2239 pro
884 2176 1056 2225 diebus
1081 2177 1267 2226 festiuis
1293 2179 1426 2228 aliud
1452 2195 1542 2242 pro
1574 2178 1828 2226 ferialibus
1859 2205 1870 2216 ·
1905 2177 2000 2225 tria
2024 2155 2207 2226 tobalia

155 2286 267 2317 cum
292 2269 482 2317 duabus
507 2268 632 2316 fialis
659 2298 668 2307 -
697 2275 745 2317 et
770 2276 821 2317 vt
845 2269 983 2333 prius
1017 2269 1201 2318 dictum
1226 2270 1296 2319 est
1319 2271 1432 2319 volo
1465 2278 1519 2319 ut
1552 2269 1785 2318 sustentet
1821 2268 1986 2316 omnia
2012 2268 2103 2315 ista
2128 2267 2206 2316 vel

156 2359 428 2410 confimilia
464 2360 548 2409 seu
589 2360 966 2425 equepollencia
1004 2361 1356 2426 inperpetuum
1390 2389 1401 2400 ·
1438 2361 1675 2409 Preterea
1708 2358 1743 2406 fi
1776 2359 2031 2423 contingat
2072 2359 2203 2422 sepe-

155 2453 336 2502 dictum
363 2453 674 2518 capellanum
703 2454 780 2502 vel
804 2454 908 2502 eius
930 2454 1247 2504 succefforem
1282 2458 1623 2518 quemcunque
1647 2468 1736 2515 per
1762 2450 2087 2499 concubinam
2121 2452 2204 2499 seu

153 2543 392 2595 focariam
417 2547 648 2595 conuinci
672 2564 762 2611 per
787 2547 925 2595 suum
948 2547 1167 2596 iudicem
1192 2545 1501 2595 ordinarium
1526 2544 1588 2592 ad
1612 2543 1827 2608 spacium
1854 2542 1996 2592 vnius
2027 2542 2202 2591 menfis

156 2637 252 2687 fiue
277 2639 610 2703 quadraginta
632 2639 824 2687 dicrum
848 2639 1019 2688 licebit
1042 2639 1165 2687 mihi
1190 2646 1238 2687 et
1261 2636 1609 2686 successoribus
1628 2635 1749 2683 meis
1769 2635 1853 2699 qui
1870 2652 1961 2699 pro
1981 2642 2202 2699 tempore

155 2730 340 2780 fuerint
372 2731 426 2779 in
454 2731 548 2780 hac
579 2739 722 2795 parte
755 2732 817 2779 de
852 2731 1130 2779 huiusmodi
1165 2728 1441 2794 capellania
1478 2727 1738 2791 disponere
1775 2726 1934 2775 literis
1965 2726 2068 2775 istis
2102 2744 2201 2775 non

156 2821 457 2871 obstantibus
483 2851 493 2862 ·
519 2823 737 2871 Reseruo
771 2823 927 2871 eciam
960 2823 1084 2871 mihi
1108 2822 1329 2886 quandiu
1352 2822 1406 2869 in
1430 2819 1658 2868 humanis
1683 2819 1836 2868 vitam
1862 2819 2048 2868 duxero
2072 2819 2200 2866 hanc

154 2931 312 2962 meam
348 2915 697 2963 fundacionem
728 2915 782 2962 in
814 2915 1040 2962 omnibus
1066 2914 1161 2961 suis
1184 2912 1376 2977 punctis
1402 2918 1451 2959 et
1475 2910 1695 2965 articulis
1728 2917 1919 2958 mutare
1944 2917 1993 2959 et
2017 2927 2197 2975 augere

156 3012 205 3054 et
229 3005 350 3054 alios
373 3023 520 3070 quam
540 3006 891 3071 suprascriptos
908 3013 1144 3070 patronos
1164 3005 1421 3052 instituere
1441 3010 1490 3052 et
1510 3002 1740 3050 ordinare
1760 3001 1948 3049 tociens
1967 3001 2198 3064 quociens

155 3111 279 3160 opus
302 3096 452 3145 fuerit
477 3105 528 3146 et
550 3098 674 3146 mihi
697 3097 947 3145 videbitur
969 3095 1204 3160 expedire
1232 3122 1243 3133 ·
1274 3094 1445 3143 Litere
1469 3093 1580 3141 sunt
1603 3092 1703 3140 fine
1728 3092 1843 3140 data
1870 3118 1881 3130 ·
1913 3090 2062 3141 Carta
2086 3108 2197 3140 con-

155 3186 454 3236 firmacionis
478 3184 878 3253 figillis'capituli
903 3195 952 3236 et
975 3186 1222 3235 «Iohannis
1248 3185 1459 3234 Browne
1483 3182 1760 3231 fundatoris
1796 3182 2005 3247 figillata
2035 3183 2104 3231 est
2135 3182 2195 3230 de
2269 3238 2271 3240 ¹

157 3277 274 3327 data
297 3282 357 3326 21
385 3278 512 3326 Julii
538 3282 684 3327 1521.
