2762 3834
450 2413 541 2464 ‘267

583 375 679 425 226
1025 363 1445 420 REGISTRUM
1478 361 1576 412 DE
1611 356 2163 408 ABERBROTHOC.

585 547 594 556 .
639 543 651 555 .
695 542 707 554 .
748 521 837 570 pro
873 504 1014 551 firma
1048 539 1057 549 .
1096 537 1108 548 .
1145 536 1156 547 .
1192 498 1460 547 tresdecem
1497 492 1650 541 libras
1686 491 1767 538 sex
1804 488 1981 537 solidos
2016 498 2066 538 et
2098 492 2204 537 οᾶο
2240 488 2468 538 denarios
2503 528 2513 537 .
2550 525 2561 537 .
2597 525 2608 536 .

584 606 779 645 monete
811 633 821 642 .
847 633 857 642 .
883 631 892 641 .
928 590 1100 641 Scocie
1124 588 1187 637 ad
1211 589 1332 635 duos
1355 584 1473 633 anni
1497 581 1732 631 terminos
1755 580 1942 628 vsuales
1974 616 1986 627 .
2020 617 2031 628 .
2067 617 2079 627 .
2111 588 2160 628 et
2183 595 2274 644 pro
2295 579 2460 645 garbis
2482 579 2612 628 deci-

586 687 790 736 malibus
823 720 835 732 .
870 719 883 731 .
918 719 931 730 .
964 682 1085 729 duas
1108 678 1298 727 coldras
1322 675 1450 723 ordii
1475 683 1524 723 et
1547 673 1733 721 farrine
1758 680 1807 720 et
1830 679 2041 735 quatuor
2064 672 2222 721 bollas
2245 673 2479 721 frumenti
2500 689 2612 721 cum

585 777 809 825 mensura
830 773 923 821 fori
948 769 1189 820 currentis
1213 768 1275 815 ad
1300 765 1536 815 terminos
1573 802 1583 812 .
1625 800 1636 810 .
1675 801 1687 811 .
1727 762 1958 812 vistualia
1992 763 2211 812 soluendi
2250 800 2263 811 .
2301 801 2312 811 .
2351 799 2363 811 .
2399 763 2465 811 Et
2498 763 2615 827 quia

584 865 851 931 proximum
887 860 1173 910 Villelmum
1211 857 1453 905 Thomam
1492 855 1572 903 vel
1609 854 1912 903 Maleomum
1957 893 1966 903 .
2013 893 2022 902 .
2070 891 2080 902 .
2127 855 2348 918 equitare
2384 855 2437 902 in
2476 854 2615 902 curia

585 958 748 1007 nostra
770 953 1069 1003 intendimus
1094 950 1291 1015 quando
1316 948 1507 997 onerati
1532 947 1719 995 fuerint
1749 947 1797 995 le
1828 946 2018 995 bovche
2054 946 2115 994 de
2152 947 2290 995 curia
2324 946 2613 1011 accipiendo

584 1048 854 1113 predicitum
896 1043 1200 1093 Willelmum
1243 1041 1507 1089 Mariotam
1549 1037 1794 1086 Thomam
1841 1045 1890 1086 et
1935 1037 2235 1086 Malcomum
2280 1038 2342 1087 ab
2385 1038 2616 1086 oneribus

585 1139 942 1188 husbandorum
975 1135 1251 1183 relaxamus
1288 1162 1298 1172 ·
1339 1132 1470 1180 saluo
1496 1139 1661 1179 tamen
1685 1130 1817 1194 quod
1841 1129 2096 1178 annuatim
2121 1129 2301 1194 prefati
2341 1169 2350 1178 .
2393 1166 2406 1178 .
2449 1167 2460 1178 .
2502 1129 2633 1182 ducis

586 1233 765 1279 faciant
807 1266 817 1277 .
865 1265 875 1276 .
917 1265 928 1276 .
971 1227 1033 1275 ad
1079 1225 1427 1274 monasterium
1476 1261 1487 1271 .
1540 1259 1551 1270 .
1600 1261 1610 1271 .
1658 1222 1830 1270 decem
1874 1220 2171 1285 plaustratus
2218 1221 2319 1270 feni
2362 1229 2614 1286 pratorum

587 1322 860 1369 nostrorum
885 1326 934 1367 et
957 1319 1128 1367 decem
1152 1315 1447 1381 plaustratus
1468 1314 1723 1379 glebarum
1762 1320 1811 1361 et
1852 1352 1862 1361 .
1905 1352 1914 1361 .
1960 1349 1971 1360 .
2010 1312 2200 1377 tegulas
2236 1311 2355 1361 ficut
2391 1312 2474 1360 alii
2509 1312 2616 1360 hus-

587 1413 734 1461 bandi
775 1411 971 1475 quando
1014 1409 1206 1458 onerati
1245 1408 1429 1456 fuerint
1473 1443 1482 1453 .
1527 1444 1538 1454 .
1580 1442 1592 1454 .
1636 1407 1834 1468 quando
1872 1421 1902 1453 a
1933 1404 2168 1468 lapicidio
2204 1404 2312 1452 sunt
2350 1404 2574 1452 ducende
2607 1431 2617 1441 ·

588 1504 796 1552 termino
844 1543 852 1551 .
896 1542 904 1551 .
949 1541 957 1550 .
1005 1501 1235 1550 introitus
1282 1539 1291 1548 .
1340 1538 1350 1548 .
1399 1538 1407 1547 .
1455 1498 1721 1547 inchoante
1762 1496 1842 1545 die
1884 1497 1998 1545 date
2045 1496 2350 1560 presencium
2392 1535 2402 1545 .
2446 1535 2455 1544 .
2500 1533 2511 1543 .
2553 1495 2618 1544 Et

589 1597 798 1644 obeunte
838 1594 939 1658 ipso
978 1592 1224 1640 Willelmo
1263 1599 1376 1640 ante
1413 1589 1654 1639 decefl'um
1693 1589 1908 1638 Mariote
1944 1588 2112 1653 sponse
2155 1629 2164 1638 .
2208 1626 2219 1636 .
2257 1625 2269 1637 .
2311 1605 2410 1637 non
2452 1589 2617 1637 licebit
2699 1592 2701 1595 ⁴

593 1725 602 1735 .
643 1724 654 1734 .
694 1724 704 1734 .
742 1686 955 1734 Mariote
993 1722 1004 1732 .
1044 1721 1056 1732 .
1094 1721 1105 1731 .
1141 1683 1297 1731 virum
1340 1683 1617 1731 conducere
1660 1720 1669 1729 .
1712 1719 1722 1729 .
1763 1720 1772 1729 .
1816 1680 1914 1728 fine
1949 1679 2117 1728 nostra
2149 1680 2360 1728 licencia
2396 1719 2406 1729 .
2448 1719 2459 1727 .
2500 1717 2513 1728 .
2553 1679 2618 1729 Et

590 1778 792 1826 vlterius
816 1775 850 1823 sl
875 1775 990 1824 diesi
1027 1812 1039 1823 .
1077 1814 1086 1823 .
1126 1812 1136 1822 .
1174 1774 1299 1822 male
1323 1773 1658 1838 persoluentes
1682 1773 1824 1820 nobis
1862 1809 1873 1820 .
1910 1810 1921 1820 .
1955 1811 1966 1821 .
2002 1779 2088 1820 aut
2111 1771 2330 1821 iniuriofi
2366 1772 2618 1821 extiterint

590 1907 599 1916 .
641 1908 651 1916 .
690 1907 698 1916 .
731 1867 899 1915 licebit
916 1866 1057 1914 nobis
1094 1905 1102 1914 .
1137 1905 1145 1913 .
1181 1905 1190 1913 .
1228 1865 1287 1912 de
1324 1905 1333 1913 .
1371 1904 1380 1912 .
1417 1904 1426 1913 .
1464 1865 1609 1913 terris
1630 1873 1678 1912 et
1697 1864 1900 1912 decimis
1919 1864 1982 1912 ad
2001 1864 2195 1913 libitum
2228 1903 2237 1912 .
2272 1904 2281 1912 .
2319 1903 2328 1912 .
2363 1864 2617 1927 disponere

591 1999 599 2009 .
645 1997 654 2006 .
699 1998 706 2007 .
751 1960 899 2006 Anno
935 1957 1139 2005 Domini
1166 1960 1305 2004 1485.

592 2209 799 2279 Littera
823 2226 1157 2277 testimonialis
1182 2225 1554 2274 dedicacionum
1580 2224 1894 2274 ecclesiarum
1919 2232 1969 2273 et
1992 2225 2236 2273 altarium.

595 2392 722 2464 Nos
782 2413 1038 2475 Georgeus
1083 2412 1143 2458 de
1192 2410 1358 2458 Brana
1404 2410 1502 2458 Dei
1546 2418 1595 2458 et
1638 2410 1904 2474 apostolice
1962 2410 2087 2458 sedis
2144 2410 2314 2475 gracia
2369 2410 2620 2476 episcopus

599 2502 937 2551 Dromorenfis
960 2510 1131 2550 notum
1154 2482 1359 2550 facimus
1383 2518 1472 2565 per
1506 2503 1756 2565 presentes
1787 2503 1921 2566 quod
1957 2501 2349 2551 consecrauimus
2385 2502 2620 2567 capellam

600 2593 762 2642 Sanffi
798 2591 1040 2641 Johannis
1075 2591 1284 2656 baptiste
1323 2599 1372 2640 et
1408 2592 1744 2641 dedicauimus
1772 2593 1929 2643 altare
1963 2593 2177 2642 eiusdem
2210 2593 2432 2642 vicefimo
2467 2594 2619 2643 tercio

601 2684 679 2732 die
702 2682 877 2731 mensis
902 2682 1112 2746 Augusti
1152 2711 1162 2721 ·
1202 2682 1328 2731 Item
1364 2684 1754 2733 consecrauimus
1789 2685 2027 2750 capellam
2063 2684 2227 2735 Sanffi
2259 2684 2468 2734 Niniani
2504 2685 2620 2750 epis·

603 2775 712 2839 copi
753 2783 801 2823 et
843 2773 1118 2822 confefforis
1157 2783 1206 2822 et
1246 2775 1580 2823 dedicauimus
1618 2776 1771 2824 altare
1812 2777 2040 2826 eiusdem·
2066 2778 2293 2826 vicefimo
2333 2786 2508 2841 quarto
2544 2777 2622 2825 die

601 2866 811 2930 Augusti
835 2866 897 2913 ad
920 2865 1208 2914 instanciam
1242 2866 1550 2913 dominorum
1587 2867 1776 2916 abbatis
1800 2875 1850 2916 et
1871 2875 2144 2917 conuentus
2167 2868 2229 2916 de
2254 2867 2588 2916 Abirbrothoc
2603 2859 2620 2905 '-

536 2975 545 2983 ·
603 2958 726 3006 Item
764 2957 1098 3004 dedicauimus
1134 2955 1386 3004 ecclefiam
1426 2955 1592 3006 Sanffl
1626 2956 1830 3022 Vigiani
1867 2967 1917 3008 et
1952 2960 2050 3007 duo
2083 2958 2273 3007 maiora
2306 2958 2481 3007 altaria
2513 2972 2621 3006 cum

603 3048 844 3097 cimiterio
886 3047 1100 3096 eiusdem
1141 3046 1342 3096 ecclesie
1381 3047 1445 3095 ad
1483 3045 1774 3097 instanciam
1816 3051 1984 3099 deuoti
2026 3050 2122 3099 viri
2159 3048 2405 3098 «Iohannis
2446 3044 2620 3097 Brown

602 3139 745 3188 vuius
781 3138 1093 3203 parrochiani
1130 3138 1347 3202 predi&e
1386 3137 1586 3187 ecclesie
1625 3139 1851 3189 vicefimo
1885 3138 2059 3205 quinto
2092 3141 2173 3189 die
2205 3139 2419 3205 Augusti
2453 3165 2464 3177 ·
2500 3132 2620 3186 Item
