2742 3848
15 948 139 1043 ,591

49 2116 140 2170 592

646 389 1078 441 REGISTRUM
1111 389 1211 440 DE
1247 386 1812 440 ABERBROTHOC.
2167 390 2266 434 445

195 523 376 573 solidos
412 531 462 572 et
497 524 606 572 οᾶο
643 524 878 573 denarios
914 552 925 564 ·
965 532 1015 574 et
1049 541 1143 590 pro
1177 525 1373 574 brafina
1411 525 1586 574 decem
1621 530 1671 572 et
1706 523 1815 571 οᾶιο
1853 520 2034 570 solidos
2070 527 2266 569 monete

197 615 370 664 Scocie
406 645 418 657 ·
457 632 570 666 cum
603 624 833 682 rynmart
868 617 1075 683 weddyr
1111 617 1302 667 custum
1334 634 1486 667 corne
1522 633 1646 666 cane
1670 614 1829 664 fowlis
1854 621 1904 664 et
1927 613 2037 663 aliis
2059 612 2267 663 husban-

196 709 372 757 dorum
398 708 632 758 oneribus
657 737 667 748 ·
698 712 760 757 18
786 708 913 759 Maii
941 713 1088 759 1525.

197 967 351 1040 Idem
376 988 562 1039 affedat
585 1006 677 1056 pro
702 991 877 1039 decem
902 997 953 1039 et
975 1007 1157 1039 nouem
1183 989 1326 1039 annis
1344 990 1598 1040 Willelmo
1626 989 1965 1057 Ouchtirlony
1988 991 2042 1039 in
2069 990 2122 1040 N
2123 990 2270 1058 ethyr

198 1081 346 1131 Kelle
397 1110 407 1121 ·
451 1082 633 1149 Egidie
683 1082 938 1132 Thomson
986 1084 1092 1132 eius
1138 1083 1309 1149 sponse
1356 1112 1367 1123 ·
1418 1090 1468 1132 et
1514 1082 1742 1133 Henrico
1787 1083 2126 1150 Ouchtirlony
2165 1084 2269 1133 filio

198 1173 440 1224 Willelmi
474 1202 485 1213 ·
515 1175 708 1240 suisque
733 1175 984 1242 affignatis
1009 1184 1060 1226 et
1083 1175 1458 1226 subtenentibus
1481 1193 1584 1225 non
1607 1176 1810 1226 maioris
1833 1176 1988 1226 status
2012 1176 2271 1227 dimidiam

195 1277 389 1334 partem
416 1269 534 1319 ville
559 1270 622 1319 de
650 1268 841 1337 Seyton
878 1287 990 1319 cum
1028 1269 1235 1320 decimis
1269 1268 1556 1334 garbalibus
1592 1276 1643 1318 et
1678 1286 1791 1318 cum
1828 1270 2002 1318 eadem
2037 1269 2269 1319 libertate

197 1379 318 1429 erga
341 1363 684 1413 molendinum
710 1366 770 1413 de
796 1363 1036 1430 Kyrkton
1061 1362 1192 1430 Myll
1216 1379 1370 1428 penes
1394 1362 1437 1411 le
1460 1361 1697 1411 thirleche
1729 1362 1945 1411 eiusdem
1972 1380 2071 1428 qua
2093 1363 2269 1428 prede-

197 1455 404 1505 cessores
430 1456 622 1506 abbatis
648 1456 715 1505 vfi
742 1456 854 1505 sunt
878 1473 991 1505 cum
1016 1455 1186 1505 villam
1210 1455 1264 1504 in
1287 1454 1516 1503 manibus
1534 1454 1631 1503 suis
1648 1454 1933 1504 habuerunt
1958 1482 1969 1493 ·
1993 1455 2269 1505 Reddendo

195 1566 287 1613 pro
314 1548 522 1599 dimidia
545 1549 663 1598 ville
689 1566 837 1598 vnam
864 1548 1085 1599 celdram
1104 1549 1224 1598 boni
1242 1548 1355 1614 puri
1376 1555 1427 1597 et
1446 1547 1561 1598 ficci
1581 1547 1820 1598 frumenti
1843 1577 1855 1589 ·
1882 1566 2031 1597 vnam
2051 1549 2270 1598 celdram

194 1642 314 1691 boni
350 1650 401 1691 et
435 1642 550 1708 puri
586 1641 729 1691 ordei
768 1671 779 1682 ·
820 1659 968 1691 vnam
1006 1641 1226 1691 celdram
1263 1641 1393 1690 bone
1428 1640 1590 1690 farine
1616 1640 1843 1690 mensure
1866 1641 1965 1690 fori
1990 1642 2270 1691 currentis·

195 1744 245 1784 et
268 1752 361 1800 pro
387 1734 594 1784 decimis
619 1742 837 1800 quatuor
861 1734 1019 1783 bollas
1043 1733 1283 1783 frumenti
1307 1762 1319 1773 ·
1345 1734 1520 1782 decem
1543 1733 1702 1782 bullas
1725 1733 1845 1783 boni
1871 1741 1919 1783 et
1944 1734 2058 1799 puri
2093 1734 2232 1783 ordei
2260 1765 2269 1774 ·

197 1838 246 1878 et
271 1829 441 1878 decem
468 1827 627 1877 bollas
651 1827 813 1878 farine
838 1827 1055 1876 eiusdem
1080 1825 1308 1876 mensure
1334 1855 1346 1866 ·
1372 1829 1438 1874 20
1463 1825 1590 1875 Maii
1619 1829 1766 1874 1525.

194 2087 350 2161 Idem
375 2110 559 2159 affedat
582 2126 675 2175 pro
700 2109 874 2158 decem
899 2115 949 2158 et
972 2124 1156 2157 nouem
1180 2109 1327 2157 annis
1350 2106 1558 2156 Andree
1582 2106 1728 2173 Lyne
1754 2135 1764 2145 ·
1791 2106 1982 2170 Agneti
2009 2104 2142 2156 Cant
2166 2106 2271 2156 eius

194 2203 366 2275 sponse
398 2231 410 2243 ·
443 2210 494 2252 et
518 2202 757 2268 magistro
781 2201 817 2251 J
820 2201 977 2251 acobo
998 2201 1143 2268 Lyne
1168 2202 1252 2250 suo
1278 2200 1424 2250 fratri
1447 2200 1631 2250 rectori
1656 2201 1719 2250 de
1747 2200 1995 2252 Crowden
2034 2231 2045 2242 ·
2079 2201 2270 2267 suisque

196 2294 447 2360 affignatis
490 2302 541 2344 et
581 2294 958 2344 subtenentibus
999 2310 1101 2343 non
1142 2292 1346 2343 maioris
1386 2292 1644 2358 potestatis
1684 2300 1772 2342 aut
1812 2293 1966 2344 status
2014 2293 2271 2343 dimidiam

193 2396 388 2453 partem
412 2388 530 2438 ville
555 2388 617 2438 de
646 2387 835 2454 Seyton
864 2386 983 2454 [etc.
1009 2394 1065 2437 ut
1089 2386 1238 2453 supra
1263 2386 1363 2436 No.
1391 2385 1512 2452 591]
1542 2414 1554 2426 ·
1580 2390 1646 2435 20
1671 2385 1799 2436 Maii
1828 2390 1971 2435 1525.

52 2673 143 2727 593
193 2646 436 2735 Precept
461 2668 516 2718 of
546 2667 689 2718 seifin
714 2669 770 2717 of
789 2667 873 2717 the
897 2667 1042 2718 lands
1065 2668 1121 2717 of
1151 2667 1360 2734 Brekky
1384 2667 1437 2717 in
1462 2667 1548 2718 the
1572 2668 1788 2734 regality
1813 2668 1869 2718 of
1886 2668 2146 2736 Arbroyth
2170 2670 2268 2719 and

197 2761 481 2811 sheriffdom
508 2761 564 2810 of
592 2761 773 2811 Forfar
796 2761 851 2810 in
884 2761 1062 2811 favour
1093 2761 1149 2810 of
1177 2760 1213 2810 J
1216 2778 1350 2810 ames
1384 2760 1524 2810 Lord
1560 2760 1778 2828 Ogylwy
1809 2778 1864 2811 as
1898 2761 2008 2811 heir
2043 2770 2095 2811 to
2129 2762 2267 2812 John

192 2853 334 2903 Lord
371 2853 589 2921 Ogylwy
624 2854 703 2903 his
743 2854 1010 2920 gudschyr,
1055 2851 1315 2903 address'ed
1352 2854 1420 2920 by
1456 2854 1541 2903 the
1578 2854 1730 2904 abbot
1770 2862 1822 2903 to
1864 2854 2003 2904 John
2041 2854 2262 2922 Ogyluy,

197 2944 368 2996 Dauid
390 2946 564 3006 Fethe,
592 2947 692 2996 and
714 2946 853 2996 John
881 2945 999 3005 Car,
1026 2945 1105 2996 his
1127 2945 1305 2996 bailies
1328 2946 1382 2996 in
1407 2946 1516 2997 that
1538 2955 1670 3013 part.
1742 2951 1808 2996 23
1831 2945 1957 3013 May
1987 2952 2132 2997 1525.
