2586 3834
69 2692 155 2763 '561

655 376 1084 427 REGISTRUM
1117 376 1215 425 DE
1252 375 1813 428 ABERBROTHOC.
2157 388 2253 438 429

206 528 297 575 pro
323 510 586 559 coniuncta
609 509 947 558 infeodatione
966 515 1016 558 et
1035 509 1190 558 salina
1205 509 1519 558 conferendis
1537 510 1621 559 suo
1640 511 1744 560 filio
1763 518 1813 560 et
1831 510 2003 560 heredi
2019 511 2253 562 Villelmo

205 602 385 651 Voude
411 609 460 651 et
484 601 589 651 eius
613 600 781 666 sponse
807 600 1097 666 Margarete
1125 599 1335 667 Ogylwe
1361 608 1411 651 et
1432 602 1698 652 heredibus
1721 603 1853 652 inter
1876 603 2004 669 ipsos
2035 604 2253 670 legitime

202 694 477 760 procreatis
513 694 689 759 quibus
726 692 1071 742 deficientibus
1106 693 1544 758 propinquioribus
1577 695 1843 744 heredibus
1879 695 1996 744 dieti
2032 695 2254 745 Villelmi

204 786 576 851 quibuscunque
611 813 621 825 ·
657 785 813 850 Apud
848 785 1118 850 Bonytoun
1155 788 1216 833 31
1256 784 1471 851 Augusti
1510 790 1638 835 1520
1674 804 1840 835 eoram
1874 788 2081 837 Andrea
2104 788 2254 837 Vod-

204 878 396 927 ‚Iacobo
432 877 584 927 Voud
626 907 636 917 ·
678 877 850 926 Dauid
886 877 1038 926 Voud
1081 904 1091 914 ·
1125 876 1337 926 Valtero
1373 878 1639 944 Lychtoun
1675 906 1685 917 ·
1725 878 1961 928 Villelmo
1984 879 2208 929 Vatsoun
2245 910 2254 919 ·

206 987 316 1020 cum
342 970 467 1019 aliis.

202 1228 687 1316 commendatarius
721 1251 988 1315 presentat.
1008 1251 1264 1299 dominum
1298 1249 1544 1298 Jacobum
1581 1248 1898 1314 Lekprywyk
1933 1249 2252 1314 presbiterum

202 1343 266 1391 ad
304 1343 540 1391 vicariam
578 1350 870 1407 perpetuam
918 1342 1121 1391 ecclesie
1167 1339 1468 1407 parochialis
1510 1342 1571 1389 de
1613 1341 1879 1390 Innerness
1928 1341 2253 1390 Morauienfis

203 1436 422 1501 dyocefis
448 1443 707 1485 vacantem
742 1453 831 1500 per
855 1442 1065 1484 mortem
1092 1434 1314 1501 magistri
1337 1434 1373 1483 J
1376 1434 1586 1483 ohannis
1614 1433 1798 1483 Caldor
1823 1462 1833 1471 -
1863 1438 1924 1481 15
1954 1432 2253 1498 Septembris

205 1531 351 1575 1520.

206 1784 462 1856 Andreas
501 1802 689 1870 Sybald
724 1805 785 1853 de
821 1804 1064 1853 Lathame
1100 1810 1396 1869 procurator
1432 1802 1689 1852 Dorothee
1717 1802 1930 1851 Tulloch
1967 1802 2164 1850 domine
2197 1802 2257 1850 de

206 1896 475 1963 Bonytoun
499 1896 714 1963 resignat
738 1897 789 1945 in
814 1898 1042 1946 manibus
1078 1895 1489 1946 commendatarii
1525 1894 1884 1944 dimidietatem
1920 1902 2163 1944 terrarum
2198 1894 2257 1941 de

208 1987 422 2037 Tulloch
451 1988 527 2054 [ut
562 1989 709 2055 supra
745 1989 840 2038 Nc.
868 1989 989 2055 558]
1020 2017 1030 2026 ·
1056 2006 1203 2054 quam
1228 1989 1678 2038 commendatarius
1704 1995 1821 2037 tunc
1846 1988 1999 2037 tradit
2023 1986 2257 2036 Villelmo

207 2080 359 2130 Voud
394 2089 444 2130 et
479 2081 767 2147 Margarete
803 2080 1020 2147 ⁴Ogylwe
1059 2081 1364 2130 hereditarie
1408 2109 1418 2120 ·
1458 2081 1733 2129 Reddendo
1768 2080 2038 2128 secundum
2071 2086 2255 2127 cartam

207 2173 414 2238 desuper
447 2174 805 2223 conficiendam
845 2201 855 2212 ·
897 2174 1027 2223 Aeta
1060 2174 1113 2222 in
1150 2173 1353 2222 ciuitate
1382 2172 1668 2222 Glascuenfi
1701 2172 1833 2220 infra
1867 2171 2102 2235 palatium
2139 2170 2256 2218 dieti

206 2266 472 2314 reuerendi
506 2265 662 2330 patris
696 2265 823 2314 hora
857 2282 992 2314 nona
1027 2272 1141 2314 ante
1175 2264 1435 2313 meridiem
1461 2264 1540 2312 vel
1565 2263 1761 2311 eocirca
1792 2261 1990 2310 testibus
2026 2260 2255 2324 magistro

208 2356 358 2405 Petro
385 2357 614 2406 Houston
652 2385 662 2395 ·
699 2357 871 2406 Dauid
908 2357 1185 2406 Pardowan
1211 2384 1220 2395 ·
1246 2364 1296 2406 et
1320 2356 1556 2406 Villelmo
1586 2354 1804 2420 Skyrlyn
1831 2381 1842 2392 ·
1868 2357 1931 2400 22
1960 2351 2255 2416 Septembris

210 2452 355 2497 1520.

213 2699 694 2772 commendatarius
734 2711 963 2772 concedit
997 2722 1231 2787 predictis
1265 2719 1566 2770 hereditarie
1599 2717 1868 2783 predifibam
1901 2715 2253 2764 dimidietatem

211 2820 454 2862 terrarum
497 2815 559 2862 de
601 2813 862 2863 Twllauch
898 2821 948 2863 et
989 2815 1050 2863 de
1096 2814 1334 2880 Craquhy
1370 2830 1430 2862 ex
1470 2819 1611 2877 parte
1647 2809 1847 2860 australi
1881 2808 1943 2856 de
1982 2806 2210 2871 Owynyn
2244 2833 2253 2840 ·

212 2905 484 2955 Reddendo
519 2906 631 2972 [etc.
671 2915 725 2956 ut
759 2908 906 2972 supra
941 2906 1037 2956 No,
1079 2906 1198 2972 394]
1240 2935 1251 2946 ·
1288 2910 1317 2954 2
1362 2903 1592 2955 octobris
1627 2905 1756 2951 1520
1791 2909 1840 2949 et
1876 2897 2252 2949 consecrationis

212 2998 567 3064 archiepiscopi
591 3015 722 3048 anno
749 2999 941 3048 decimo
966 2998 1125 3047 tertio.
