2762 3834
482 1427 579 1471 310

626 386 721 430 254
1069 374 1492 430 REGISTRUM
1527 373 1623 421 DE
1660 367 2218 419 ABERBROTHOC.

631 512 739 564 Seir
777 543 788 554 ·
827 513 1102 562 Esobellam
1139 510 1355 575 sponsam
1396 507 1529 554 suam
1562 504 1852 551 modernam
1892 531 1903 542 ·
1942 511 1991 551 et
2026 502 2196 550 Dauid
2232 501 2382 550 anis
2420 530 2430 540 ·
2470 517 2663 550 necnon

630 606 876 670 Agnetam
902 605 1118 669 sponsam
1143 601 1290 666 ipsius
1314 597 1484 646 Dauid
1509 622 1517 631 ·
1539 602 1688 659 prout
1711 595 1762 642 in
1787 594 1956 642 littera
1980 593 2231 642 diuifionis
2254 609 2343 657 per
2375 592 2529 640 dictos
2565 631 2573 639 .
2611 630 2621 640 .
2655 631 2664 639 .

630 696 909 746 continetur
932 724 943 734 ·
969 711 1067 742 non
1093 691 1366 757 dirogando
1390 688 1487 737 iuri
1511 686 1676 735 nostro
1701 686 1755 734 in
1780 702 1951 734 eorum
1976 683 2361 734 assedacionibus
2398 684 2527 732 diae
2552 683 2667 731 ville

629 786 791 835 nostre
828 802 917 850 per
951 801 1039 833 nos
1075 784 1186 848 ipfis
1208 782 1348 830 factis
1379 808 1388 818 ·
1421 796 1568 843 quam
1591 776 1880 827 diuifionem
1926 815 1938 827 .
1981 815 1992 826 .
2039 815 2050 826 .
2093 778 2421 842 approbamus
2450 793 2542 840 pro
2567 775 2668 824 vita

629 878 865 925 diacorum
916 911 927 923 .
971 911 982 922 .
1029 912 1039 922 .
1085 873 1233 938 Apud
1276 909 1286 920 .
1330 909 1340 919 .
1384 908 1395 919 .
1436 868 1787 918 monasterium
1812 869 2006 919 decimo
2042 886 2175 918 nono
2211 869 2292 918 die
2317 868 2505 934 Aprilis
2539 884 2667 917 anno

629 967 833 1017 Domini
860 966 1000 1019 1487.

632 1220 841 1292 Littera
863 1236 1218 1303 procuratoria.

632 1398 906 1472 Uniuerfis
943 1426 1109 1484 pateat
1154 1456 1164 1466 .
1210 1455 1221 1466 .
1268 1455 1278 1465 .
1320 1434 1410 1465 nos
1451 1417 1613 1482 Dauid
1656 1454 1666 1464 .
1707 1453 1718 1463 .
1758 1453 1769 1463 .
1812 1417 2039 1466 abbatem
2081 1454 2092 1465 .
2130 1454 2142 1466 .
2182 1455 2193 1466 .
2235 1418 2295 1466 de
2338 1417 2673 1467 Abirbrotboc

683 1549 695 1560 .
734 1549 745 1559 .
785 1510 1078 1559 constituisse
1115 1547 1126 1558 .
1171 1546 1183 1557 .
1229 1546 1240 1557 .
1285 1508 1630 1557 Alexandrum
1655 1507 1864 1557 Masoun
1888 1509 2103 1573 priorem
2130 1509 2191 1557 de
2216 1509 2366 1574 wae
2392 1538 2402 1548 ·
2430 1510 2673 1558 Thomam

634 1602 782 1651 Tullo
824 1602 1126 1666 suppriorem
1169 1628 1179 1638 ·
1223 1600 1468 1649 Thomam
1514 1600 1607 1649 Bet
1644 1599 1972 1665 grauitarium
2020 1627 2031 1637 ·
2074 1599 2358 1649 Johannem
2403 1600 2674 1667 Dryburch

634 1695 941 1744 cellerarium
976 1723 986 1733 ·
1025 1694 1295 1743 Robertum
1324 1692 1469 1758 Cuby
1506 1722 1516 1732 ·
1552 1692 1822 1741 Ricardum
1852 1691 1969 1742 Scot
2002 1721 2013 1732 ·
2045 1691 2291 1742 Jacobum
2316 1692 2555 1742 Lawsoun
2588 1720 2598 1731 ·
2629 1703 2676 1742 et

638 1787 907 1837 Robertum
937 1787 1077 1851 Gray
1117 1824 1127 1835 .
1170 1823 1182 1835 .
1226 1824 1236 1833 .
1275 1785 1467 1834 nostros
1506 1823 1518 1834 .
1557 1823 1568 1834 .
1608 1822 1619 1834 .
1653 1793 2004 1850 procuratores
2040 1825 2049 1835 .
2087 1825 2097 1834 .
2135 1824 2146 1835 .
2180 1786 2252 1835 ita
2275 1786 2408 1850 quod
2445 1824 2456 1835 .
2489 1824 2501 1835 .
2532 1826 2541 1835 .
2578 1803 2677 1834 non

637 1878 694 1928 fit
730 1878 906 1927 melior
941 1878 1169 1927 condicio
1200 1877 1488 1941 occupantis
1511 1877 1644 1925 inter
1679 1894 1762 1926 eos
1792 1877 1875 1925 sed
1908 1878 2042 1942 quod
2076 1895 2200 1926 vnus
2242 1894 2412 1926 eorum
2448 1877 2678 1943 inciperit

638 1971 761 2020 alter
784 1988 951 2019 eorum
976 1969 1203 2036 prosequi
1229 1969 1391 2018 valeat
1414 1969 1634 2018 mediare
1671 1977 1720 2018 et
1754 1969 1899 2018 finire
1941 1997 1951 2008 ·
1993 1970 2167 2018 dantes
2205 2007 2215 2017 .
2253 2007 2264 2018 .
2303 2009 2312 2018 .
2350 1970 2527 2018 eisdem
2573 2007 2584 2018 .
2618 2010 2628 2019 .
2668 2009 2677 2018 .

638 2062 927 2128 potestatem
974 2101 983 2110 .
1025 2099 1035 2110 .
1077 2098 1088 2110 .
1138 2061 1200 2109 ad
1249 2061 1649 2124 comparendum.
1682 2079 1774 2126 pro
1818 2061 1960 2109 nobis
2124 2100 2133 2109 .
2182 2061 2234 2109 in
2282 2061 2508 2110 omnibus
2553 2098 2564 2110 .
2609 2099 2619 2109 .
2666 2099 2676 2108 .

640 2154 791 2204 causis
830 2192 841 2203 .
879 2192 891 2203 .
932 2191 942 2202 .
979 2171 1069 2202 nos
1094 2153 1410 2218 tangentibus
1434 2153 1486 2201 in
1512 2154 1844 2202 finodo'xxiiii
1869 2153 1950 2202 die
1974 2153 2151 2202 menfis
2176 2153 2367 2218 Aprilis
2391 2154 2608 2203 tenenda
2628 2153 2677 2202 in

640 2246 842 2296 ecclesia
881 2246 1261 2311 metropolitana
1304 2244 1658 2294 Sanctiandree
1700 2252 1877 2293 coram.
1906 2282 1917 2293 .
1957 2282 1968 2293 .
2008 2281 2019 2293 .
2058 2244 2311 2293 Willelmo
2355 2281 2366 2292 .
2410 2281 2421 2292 .
2468 2281 2479 2292 .
2523 2243 2680 2293 archi·

641 2339 867 2403 episcopo
914 2376 925 2387 .
973 2376 984 2386 .
1034 2376 1044 2386 .
1091 2338 1194 2386 eius
1228 2337 1440 2386 ‚vicariis
1495 2337 1810 2403 generalibus
1856 2375 1867 2386 .
1918 2374 1928 2384 .
1980 2374 1990 2385 .
2040 2353 2234 2385 necnon
2277 2336 2502 2384 omnibus
2551 2374 2562 2384 .
2611 2374 2621 2384 .
2670 2375 2679 2384 .

644 2431 751 2479 aliis
789 2430 1032 2478 iudicibus
1068 2428 1406 2478 ecclesiasticis
1442 2430 1524 2478 seu
1571 2429 1871 2479 secularibus
1896 2428 2041 2477 ,infra
2075 2445 2284 2493 regnum
2327 2427 2501 2477 Scocic
2549 2465 2559 2475 .
2609 2464 2620 2474 .

644 2523 787 2586 super
826 2522 1048 2570 omnibus
1098 2559 1107 2568 .
1154 2559 1165 2569 .
1218 2559 1228 2569 .
1276 2522 1423 2570 rebus
1460 2521 1889 2587 ecclesiasticisque
1925 2521 2200 2570 actionibus
2244 2558 2254 2569 .
2294 2558 2305 2568 .
2346 2559 2355 2569 .
2398 2538 2519 2585 quas
2561 2558 2572 2569 .
2618 2557 2629 2568 .
2670 2558 2679 2568 .

645 2630 846 2661 mouere
866 2612 1127 2661 intendunt
1147 2620 1320 2661 contra
1345 2649 1356 2660 .
1385 2649 1397 2660 .
1426 2650 1437 2661 .
1464 2630 1552 2661 nos
1578 2643 1588 2653 ·
1616 2631 1674 2662 ac
1696 2630 1788 2679 pro
1813 2613 1955 2662 nobis
1989 2650 2001 2661 .
2034 2650 2046 2661 .
2079 2650 2090 2661 .
2124 2612 2370 2678 agendum
2399 2650 2408 2659 .
2442 2650 2450 2659 .
2480 2650 2490 2660 .
2521 2612 2684 2661 omnia

648 2743 660 2753 .
702 2742 714 2753 .
755 2742 765 2752 .
806 2721 899 2768 que
944 2707 991 2751 in
1038 2703 1275 2768 premiffis
1318 2741 1328 2752 .
1375 2741 1387 2753 .
1432 2742 1442 2752 .
1485 2704 1750 2754 necessaria
1785 2703 1970 2752 fuerint
2013 2741 2025 2751 .
2068 2743 2077 2752 .
2123 2741 2134 2752 .
2177 2703 2362 2752 Datum
2404 2703 2487 2751 sub
2529 2703 2682 2768 sigillo

649 2795 896 2845 communi
920 2833 930 2842 .
959 2831 970 2842 .
999 2832 1009 2842 .
1040 2795 1319 2842 monasterii
1345 2796 1395 2842 in
1420 2795 1529 2844 loco
1554 2796 1720 2845 nostro
1745 2796 2006 2861 capitulari
2032 2796 2225 2845 decimo
2250 2813 2380 2844 nono
2407 2796 2485 2844 die
2509 2795 2682 2844 menfis

650 2886 840 2951 Aprilis
865 2902 994 2933 anno
1018 2883 1221 2933 Domini
1254 2887 1393 2939 1487.
1422 2886 1426 2889 ’
