2762 3834
464 2213 559 2262 392

603 343 700 388 318
1055 331 1479 386 REGISTRUM
1512 331 1610 381 DE
1641 329 2195 381 ABERBROTHOC.

605 472 813 520 cimbam
839 486 929 535 pro
953 468 1228 533 piscacione
1253 468 1377 515 bene
1402 472 1717 528 preparatam
1743 479 1857 512 cum
1882 463 2108 512 omnibus
2134 500 2147 513 .
2175 500 2187 512 .
2215 500 2227 513 .
2254 463 2532 513 necessariis
2560 500 2570 511 .
2598 500 2609 511 .
2636 500 2648 511 .

604 579 758 628 prope
782 562 833 628 ly
858 560 1031 610 Madin
1058 558 1225 609 Castel
1249 558 1328 606 vel
1351 556 1469 605 alibi
1493 555 1578 603 ubi
1602 554 1744 603 nobis
1780 591 1792 603 .
1835 592 1845 603 .
1890 591 1902 603 .
1940 554 2188 619 placuerit
2213 583 2224 595 ·
2249 554 2316 604 Et
2338 555 2441 620 ipso
2457 555 2492 605 J
2495 554 2650 604 acobo

605 656 667 703 ab
690 654 783 703 hac
808 653 919 701 luce
943 650 1131 699 sublato
1155 650 1287 698 diaa
1310 647 1527 696 Katrina
1551 653 1601 695 et
1624 645 1659 694 J
1662 646 1844 695 acobus
1864 645 1995 695 filius
2029 647 2143 696 suus
2183 684 2195 695 .
2235 683 2248 695 .
2289 684 2301 697 .
2333 647 2525 696 soluent
2551 684 2562 695 .
2592 684 2603 695 .
2632 683 2644 694 .

604 748 681 794 sex
723 745 874 792 libras
920 741 1182 792 tresdecim
1226 738 1407 787 solidos
1452 745 1503 786 et
1547 745 1760 801 quatuor
1801 738 2033 787 denarios
2081 774 2095 788 .
2148 776 2160 787 .
2209 773 2221 786 .
2266 746 2463 787 monete
2512 774 2524 786 .
2575 775 2586 786 .
2638 774 2648 784 .

607 835 780 886 Scocie
804 834 868 882 ad
891 832 1127 882 terminos
1151 828 1448 894 prescriptos
1473 845 1586 876 cum
1610 829 1873 879 duodecim
1895 830 2167 895 caponibus
2185 839 2234 880 et
2258 831 2366 880 aliis
2390 829 2651 879 duodecim

605 927 750 991 pullis
775 924 955 974 adultis
978 930 1205 989 rynmart
1228 929 1279 970 et
1302 921 1508 986 weddyr
1542 927 1592 969 et
1627 921 1856 970 omnibus
1884 921 1995 970 aliis
2020 921 2387 971 husbandorum
2419 921 2652 971 oneribus

657 1057 669 1067 .
708 1055 718 1066 .
756 1035 814 1065 ac
839 1016 995 1065 eciam
1021 1014 1303 1064 sustinendo
1328 1013 1587 1062 annuatim
1615 1029 1766 1061 vnam
1801 1013 2029 1078 cymbam
2064 1013 2192 1063 bene
2221 1021 2537 1078 preparatam
2559 1029 2652 1077 pro

603 1109 879 1173 piscacione
901 1123 1013 1155 cum
1037 1105 1319 1154 hominibus
1343 1111 1393 1153 et
1416 1103 1528 1152 aliis
1551 1101 1832 1153 necessariis
1870 1141 1881 1153 .
1921 1139 1933 1152 .
1973 1141 1986 1153 .
2023 1121 2179 1170 prope
2203 1104 2255 1171 ly
2274 1104 2467 1170 Madyn
2487 1103 2654 1154 Castel

606 1210 688 1249 aut
716 1199 797 1248 ubi
822 1198 962 1247 nobis
999 1234 1010 1246 .
1050 1234 1061 1245 .
1101 1232 1114 1244 .
1151 1196 1396 1261 placuerit
1419 1224 1430 1236 ·
1458 1195 1524 1244 Et
1547 1195 1584 1244 fi
1609 1196 1729 1245 dieti
1766 1234 1778 1246 .
1823 1233 1835 1245 .
1875 1235 1887 1246 .
1923 1197 1976 1246 in
2000 1197 2250 1247 solucione
2271 1199 2411 1247 firme
2449 1236 2460 1246 .
2500 1234 2512 1246 .
2554 1231 2566 1244 .
2604 1204 2654 1245 et

607 1308 811 1341 onerum
851 1328 861 1339 .
903 1327 913 1338 .
953 1326 965 1338 .
1005 1296 1091 1338 aut
1125 1288 1178 1336 in
1212 1287 1570 1337 sustentacione
1595 1290 1771 1353 cymbe
1809 1328 1821 1339 .
1964 1291 2226 1341 deficerint
2261 1330 2272 1340 .
2306 1329 2318 1340 .
2356 1329 2367 1339 .
2402 1298 2487 1339 aut
2510 1289 2654 1338 nobis

664 1422 675 1432 .
718 1421 729 1431 .
767 1380 988 1431 iniuriofi
1013 1380 1269 1430 extiterint
1302 1419 1312 1429 .
1351 1419 1360 1429 .
1396 1419 1406 1430 .
1432 1379 1603 1429 licebit
1626 1382 1768 1431 nobis
1792 1422 1802 1432 .
1840 1419 1852 1432 .
1893 1420 1904 1431 .
1939 1383 2001 1432 de
2029 1420 2040 1432 .
2071 1419 2083 1432 .
2110 1420 2121 1432 .
2147 1383 2356 1432 dimidia
2368 1390 2511 1447 parte
2537 1381 2652 1430 ville

657 1514 667 1524 .
706 1516 715 1523 .
752 1476 816 1523 ad
843 1511 853 1523 .
889 1511 900 1523 .
931 1511 942 1522 .
968 1473 1162 1522 libitum
1189 1510 1201 1521 .
1229 1509 1241 1520 .
1281 1510 1293 1521 .
1330 1473 1590 1537 disponere
1624 1511 1634 1521 .
1671 1512 1681 1522 .
1709 1510 1721 1522 .
1758 1474 1825 1524 Et
1843 1473 1879 1523 fi
1902 1475 2035 1524 dicta
2057 1474 2275 1525 Katrina
2296 1491 2397 1523 non
2421 1472 2655 1523 manserit

606 1569 657 1615 in
676 1570 761 1615 sua
785 1566 1024 1615 viduitate
1042 1564 1151 1629 post
1168 1564 1357 1614 obitum
1395 1604 1405 1613 .
1445 1604 1455 1614 .
1500 1603 1510 1614 .
1537 1564 1606 1613 sui
1625 1565 1792 1615 mariti
1818 1567 2046 1616 moderni
2061 1575 2300 1632 quantum
2325 1568 2390 1616 ad
2413 1583 2521 1615 eam
2543 1581 2655 1630 pre-

611 1661 716 1706 sens
742 1656 979 1705 ass'edacio
1004 1656 1187 1704 nullius
1223 1655 1319 1705 erit
1352 1656 1544 1704 roboris
1581 1695 1590 1704 .
1628 1695 1638 1704 .
1675 1696 1684 1705 .
1725 1657 1878 1722 Apud
1900 1658 2250 1708 monasterium
2282 1699 2291 1708 .
2326 1699 2335 1707 .
2370 1699 2379 1708 .
2416 1660 2550 1707 sexto
2575 1657 2654 1705 die

606 1749 780 1798 menfis
807 1747 930 1797 Maii
955 1765 1085 1797 anno
1112 1748 1318 1797 Domini
1336 1748 1590 1797 millefimo
1610 1749 2083 1815 quadringentisimo
2107 1750 2422 1816 nonogesimo
2448 1753 2633 1799 octauo,

612 2006 848 2089 Almory
875 2051 885 2061 ·
911 2024 1066 2073 Carta
1084 2025 1136 2080 in
1161 2024 1336 2074 eodem
1363 2025 1557 2074 Thome
1580 2024 1818 2074 Feldjfer.

614 2187 877 2259 Omnibus
913 2247 922 2256 .
961 2248 970 2256 .
1008 2247 1017 2256 .
1053 2208 1224 2258 Dauid
1259 2248 1269 2257 .
1315 2245 1326 2256 .
1382 2246 1392 2257 .
1436 2209 1588 2257 abbas
1626 2245 1637 2256 .
1695 2245 1705 2256 .
1759 2244 1770 2256 .
1826 2207 1889 2256 de
1926 2206 2263 2257 Abirbrothoc
2300 2246 2311 2257 .
2354 2246 2363 2255 .
2407 2246 2416 2255 .
2452 2207 2656 2256 salutem

615 2339 623 2347 .
661 2340 669 2347 .
708 2340 716 2347 .
755 2299 1012 2349 Noueritis
1035 2317 1126 2349 nos
1167 2339 1179 2351 .
1218 2340 1228 2350 .
1269 2338 1279 2349 .
1306 2298 1579 2349 conceflifl'e
1622 2339 1631 2348 .
1674 2339 1683 2348 .
1729 2337 1741 2347 .
1786 2298 1982 2349 Thome
2004 2298 2224 2348 Feldifer
2256 2298 2487 2365 burgenfi
2509 2300 2657 2365 burgi

615 2392 675 2438 de
702 2391 885 2439 Dunde
919 2391 1020 2440 filio
1052 2400 1102 2442 et
1137 2392 1309 2441 heredi
1345 2393 1596 2457 quondam
1629 2390 1664 2440 J
1668 2390 1877 2441 ohannis
1911 2390 2145 2440 Feldefer
2178 2391 2443 2440 heredibus
2477 2391 2572 2440 suis
2607 2400 2658 2440 et

616 2482 863 2547 affignatis
913 2521 923 2531 .
969 2521 980 2532 .
1024 2520 1036 2533 .
1085 2485 1221 2534 illam
1267 2492 1453 2535 terram
1494 2521 1505 2533 .
1549 2522 1559 2532 .
1603 2521 1614 2533 .
1656 2483 1902 2532 iacentem
1946 2482 2001 2531 in
2049 2490 2186 2531 terra
2228 2482 2394 2532 nostra
2441 2481 2657 2531 elemosi⁶

617 2573 754 2621 narie
777 2573 824 2620 le
847 2573 1057 2640 Almory
1076 2575 1326 2641 wlgariter
1349 2582 1636 2640 nuncupata
1652 2575 1785 2625 inter
1811 2582 1998 2625 terram
2018 2575 2268 2640 quondam
2284 2576 2490 2625 Andree
2509 2575 2658 2641 Kyrk

618 2664 681 2711 ad
705 2662 918 2712 austrum
942 2665 1004 2713 ab
1028 2681 1125 2714 vna
1147 2674 1196 2715 et
1217 2674 1401 2716 terram
1423 2666 1701 2716 Alexandri
1724 2665 1928 2716 Huntar
1951 2667 2017 2716 ad
2039 2666 2322 2731 aquilonem
2348 2667 2571 2731 partibus
2595 2667 2657 2716 ab

619 2754 776 2803 altera
798 2780 809 2791 ·
833 2756 1180 2819 quamquidem
1220 2795 1231 2806 .
1272 2793 1286 2807 .
1327 2795 1338 2806 .
1380 2758 1538 2808 dictus
1563 2758 1783 2808 Thomas
1805 2757 1974 2807 nostro
1998 2746 2295 2823 in'capitulo
2330 2796 2341 2806 .
2382 2797 2391 2806 .
2425 2795 2435 2804 .
2476 2758 2657 2823 specia-

619 2846 734 2894 liter
768 2845 884 2909 quia
922 2854 1061 2895 carta
1095 2847 1308 2897 eiusdem
1345 2849 1590 2900 destructa
1621 2859 1730 2901 erat
1763 2867 1897 2900 nona
1928 2867 2021 2916 pro
2050 2850 2394 2901 infeodacione
2431 2851 2658 2901 habenda·

619 2936 798 2990 nostris
821 2937 876 2986 in
898 2938 1123 2988 manibus
1163 2976 1174 2987 .
1217 2978 1227 2987 .
1266 2979 1276 2988 .
1313 2939 1580 3006 refignauit
1616 2979 1627 2990 .
1663 2982 1674 2993 .
1712 2983 1723 2993 .
1766 2943 2042 2993 Reddendo
2077 2981 2088 2992 .
2125 2981 2135 2992 .
2173 2981 2183 2992 .
2221 2942 2464 2992 monacho
2489 2942 2654 2991 elimo—

620 3027 796 3077 finario
847 3066 857 3075 .
899 3066 909 3076 .
951 3066 962 3077 .
1004 3035 1104 3078 tres
1149 3029 1326 3079 solidos
1378 3070 1388 3080 .
1441 3071 1451 3080 .
1501 3070 1511 3080 .
1553 3041 1752 3083 monete
1792 3072 1802 3082 .
1823 3071 1851 3083 ψ.
1888 3072 1899 3083 .
1944 3032 2118 3084 Scocie
2165 3034 2231 3083 ad
2264 3072 2276 3083 .
2311 3071 2323 3084 .
2366 3071 2377 3083 .
2418 3034 2656 3084 terminos

622 3117 808 3166 vsuales
838 3157 849 3167 .
882 3157 892 3168 .
934 3157 943 3168 .
981 3118 1092 3169 Nec
1116 3119 1285 3170 licebit
1328 3160 1337 3170 .
1382 3159 1392 3170 .
1439 3160 1450 3170 .
1494 3121 1688 3173 Thome
1710 3124 1975 3176 heredibus
1997 3124 2095 3175 suis
2118 3132 2171 3175 et
2192 3122 2441 3189 affignatis
2474 3124 2655 3174 difflua
