2762 3834
451 1453 511 1496 33

576 399 637 450 72
1024 388 1450 444 REGISTRUM
1484 387 1582 437 DE
1617 383 2181 436 ABERBROTHOC.

572 530 768 595 deveny
791 526 1105 577 reuerencias
1129 524 1320 574 debitas
1344 536 1457 571 cum
1492 520 1684 568 honore
1725 546 1736 556 ·
1775 517 1837 567 In
1866 534 2045 567 manus
2079 518 2441 569 dominacionis
2467 521 2628 571 vestre

701 659 710 669 .
761 629 919 670 terras
953 635 1088 667 meas
1118 619 1179 666 de
1205 614 1471 679 Banchory
1522 649 1533 660 .
1586 648 1597 659 .
1648 648 1658 659 .
1707 611 1928 660 iacentes
1962 611 2097 661 infra
2130 611 2531 664 vicecomitatum
2567 615 2629 664 de

572 713 799 762 Abirden
833 728 954 775 quas
979 711 1040 759 de
1065 709 1205 758 uobis
1239 715 1386 756 teneo
1420 705 1474 753 in
1511 703 1676 769 capite
1725 740 1736 752 .
1787 740 1798 752 .
1850 741 1862 751 .
1909 703 2104 769 refigno
2154 741 2165 753 .
2218 742 2229 753 .
2280 743 2291 754 .
2337 722 2430 770 pro
2462 723 2542 755 me
2582 714 2630 755 et

570 803 834 853 heredibus
853 803 974 851 meis
1011 838 1023 850 .
1063 838 1073 849 .
1114 838 1124 848 .
1162 800 1525 864 imperpetuum
1566 833 1576 844 .
1617 833 1628 844 .
1669 833 1680 844 .
1718 795 1781 844 In
1801 796 1941 845 cuius
1960 796 2035 845 rei
2060 795 2392 848 testimonium
2420 799 2629 864 figillum

570 913 729 944 meum
765 894 1070 960 presentibus
1102 891 1173 940 est
1208 890 1477 955 appensum
1502 889 1637 954 apud
1660 887 1789 954 Fivy
1815 890 1991 938 o&auo
2017 888 2097 938 die
2121 890 2299 939 menfis
2325 889 2631 957 Septembris

567 1004 696 1036 anno
722 985 929 1034 Domini
952 984 1207 1033 millefimo
1233 981 1720 1048 quadringentesimo
1746 980 1991 1030 tricefimo
2016 984 2208 1032 080auo.

565 1237 777 1308 Littera
798 1253 1138 1322 inquificionis
1161 1262 1409 1306 terrarum
1435 1254 1497 1303 de
1523 1253 1759 1304 Tulloch.

564 1422 842 1509 Inquificio
877 1445 1007 1493 fafita
1043 1443 1175 1510 apud
1212 1440 1515 1493 Carnconan
1550 1444 1726 1490 offlaauo
1766 1441 1847 1491 die
1881 1442 2058 1491 menfis
2096 1441 2327 1492 08:0bris
2362 1459 2496 1492 anno
2531 1451 2627 1494 etc.

565 1539 953 1588 xxxviii⁰coram
991 1575 1003 1587 .
1043 1576 1054 1586 .
1093 1576 1104 1586 .
1140 1535 1367 1586 Waltero
1406 1573 1417 1584 .
1458 1572 1468 1582 .
1509 1572 1521 1583 .
1559 1534 1737 1584 abbate
1775 1571 1786 1583 .
1826 1571 1838 1582 .
1879 1570 1890 1582 .
1929 1534 1991 1583 de
2018 1533 2359 1585 Abirbrothoc
2382 1553 2474 1601 per
2511 1574 2523 1585 .
2562 1573 2574 1584 .
2615 1575 2627 1585 .

563 1633 817 1682 dominum
840 1631 1116 1682 Patricium
1141 1630 1323 1696 Lyoun
1354 1655 1365 1667 ·
1399 1628 1744 1677 Alexandrum
1769 1630 1830 1676 de
1857 1627 2257 1695 Ouchtyrlowny
2281 1657 2292 1668 ·
2318 1627 2629 1679 Willelmum

564 1726 624 1774 de
651 1725 1047 1791 Ouchtyrlowny
1084 1753 1095 1763 ·
1133 1723 1381 1773 Thomam
1406 1721 1468 1771 de
1495 1721 1617 1771 Blar
1656 1750 1667 1760 ·
1707 1719 1983 1770 Ricardum
2015 1721 2190 1770 Luwel
2227 1747 2238 1759 ·
2278 1721 2626 1772 Alexandrum

563 1819 624 1866 de
650 1816 838 1867 Moreff
869 1850 879 1860 -
914 1817 1083 1867 Dauid
1108 1817 1170 1867 de
1193 1816 1461 1882 Lychtoun
1498 1842 1508 1853 ·
1539 1814 1852 1864 Willelmum
1877 1815 1939 1864 de
1968 1814 2172 1881 Guthry
2210 1841 2222 1855 ·
2261 1815 2540 1865 Henricum
2566 1817 2628 1865 de

563 1910 725 1976 Fethy
766 1939 777 1950 ·
819 1910 1103 1959 Johannem
1136 1910 1198 1958 de
1231 1907 1607 1973 Strathauchyn
1650 1935 1661 1947 ·
1700 1907 1987 1956 Johannem
2024 1908 2087 1956 de
2126 1906 2363 1975 Carnegy
2405 1938 2414 1947 ·
2455 1908 2628 1958 Dauid

563 2004 624 2051 de
651 2003 844 2052 Betoun
869 2031 879 2041 ·
903 2003 1205 2052 Duncanum
1231 2003 1293 2051 de
1321 2001 1500 2052 Conan
1524 2039 1535 2049 .
1562 2000 1598 2050 J
1601 1999 1851 2049 ohannem
1883 1999 2003 2050 Scot
2027 2029 2038 2041 ·
2064 2000 2101 2049 J
2103 2000 2351 2050 ohannem
2383 2001 2592 2068 Knycht
2617 2031 2627 2040 ·

562 2096 819 2145 Andream
843 2095 1046 2145 Purwas
1078 2124 1089 2135 ·
1123 2094 1429 2144 Willelmum
1455 2093 1585 2160 Lyal
1619 2119 1631 2132 ·
1660 2104 1710 2143 et
1733 2092 1769 2142 J
1772 2092 2020 2143 ohannem
2046 2094 2108 2142 de
2135 2092 2438 2143 Thorntoun
2471 2124 2483 2135 ·
2523 2094 2625 2153 Qui

561 2188 709 2237 iurati
747 2188 919 2237 dicunt
958 2189 1092 2253 quod
1128 2226 1137 2236 .
1183 2225 1195 2236 .
1235 2225 1246 2236 .
1283 2184 1541 2237 Walterus
1579 2186 1642 2235 de
1675 2184 1940 2235 Tullawch
1975 2186 2121 2235 miles
2159 2202 2283 2235 auus
2307 2186 2523 2236 Walteri
2563 2187 2624 2236 de

562 2280 820 2331 Tullawch
844 2280 1016 2330 latoris
1047 2279 1355 2346 presencium
1380 2280 1503 2329 obiit
1528 2279 1702 2329 vltimo
1727 2279 1930 2329 vestitus
1957 2287 2008 2329 et
2031 2279 2216 2328 saifitus
2255 2316 2266 2328 .
2307 2316 2318 2327 .
2358 2316 2369 2327 .
2408 2280 2470 2328 de
2508 2316 2518 2328 .
2560 2317 2571 2328 .
2612 2319 2622 2328 .

562 2374 707 2422 terris
741 2374 803 2422 de
838 2373 1100 2423 Tullawch
1135 2380 1184 2423 et-
1220 2373 1281 2421 de
1321 2372 1562 2439 Craquhy
1595 2384 1656 2422 ex
1692 2371 1896 2422 australi
1930 2380 2075 2438 parte
2105 2372 2166 2420 de
2191 2371 2378 2439 Vueny
2403 2373 2624 2438 exceptis

561 2466 843 2515 molendino
875 2474 925 2515 et
955 2465 1102 2516 terris
1133 2466 1295 2515 eidem
1325 2465 1691 2531 pertinentibus
1729 2503 1740 2515 .
1780 2503 1791 2514 .
1831 2503 1842 2515 .
1879 2463 2014 2515 infra
2045 2464 2359 2531 regalitatem
2385 2467 2449 2514 de
2473 2465 2620 2516 Abir-

564 2557 772 2606 brothoc
805 2586 815 2597 ·
851 2566 900 2607 et
925 2558 1058 2623 quod
1082 2559 1243 2607 dietus
1264 2558 1520 2608 Walterus
1554 2559 1623 2608 est
1649 2558 1923 2625 legittimus
1957 2596 1968 2607 .
2008 2595 2020 2607 .
2059 2596 2070 2607 .
2108 2558 2256 2608 heres
2290 2597 2300 2607 .
2338 2596 2349 2607 .
2384 2596 2395 2607 .
2434 2559 2622 2608 domini

564 2650 776 2699 Walteri
815 2687 826 2698 .
866 2687 877 2698 .
918 2687 928 2698 .
966 2652 1028 2699 de
1052 2651 1193 2699 dietis
1217 2651 1363 2700 terris
1401 2689 1411 2700 .
1452 2689 1463 2700 .
1503 2688 1514 2700 .
1552 2659 1602 2702 et
1626 2653 1760 2717 quod
1784 2652 1856 2702 est
1886 2652 2131 2717 legittime
2167 2652 2317 2702 etatis
2352 2682 2363 2692 ·
2405 2659 2454 2701 et
2490 2651 2621 2702 ᾶὶὀὶθ

563 2750 695 2791 terre
720 2759 854 2791 nunc
878 2742 1046 2791 valent
1069 2760 1159 2808 per
1184 2761 1368 2791 annum
1404 2744 1560 2792 xxxiii
1596 2744 1749 2793 libras
1787 2745 1836 2793 vi
1875 2744 2056 2792 solidos
2092 2751 2142 2794 et
2178 2743 2267 2793 viii
2305 2744 2538 2793 denarios
2574 2751 2623 2793 et

563 2844 784 2899 tempore
819 2834 957 2899 pacis
994 2834 1257 2884 valuerunt
1290 2836 1461 2884 decem
1484 2836 1637 2885 libras
1677 2863 1688 2874 ·
1727 2844 1775 2885 et
1811 2843 2047 2886 tenentur
2082 2836 2134 2884 in
2171 2835 2334 2901 capite
2371 2837 2433 2886 de
2483 2874 2494 2885 .
2546 2874 2557 2885 .
2610 2875 2620 2885 .

562 2928 738 2977 abbate
779 2964 791 2975 .
832 2964 843 2975 .
883 2964 895 2976 .
933 2943 1023 2992 per
1046 2926 1308 2976 seruicium
1330 2928 1534 2992 proprie
1557 2929 1764 2993 persone
1789 2929 1854 2978 ad
1876 2928 1980 2978 tres
2004 2928 2169 2978 curias
2206 2966 2218 2978 .
2257 2965 2268 2978 .
2309 2965 2321 2977 .
2355 2921 2547 2979 abbatis
2572 2933 2622 2979 et

562 3021 626 3069 ad
666 3020 833 3085 plures
874 3020 907 3067 fi
949 3018 1138 3068 necess'e
1176 3018 1327 3068 fuerit
1368 3019 1403 3067 fi
1441 3020 1785 3084 premuniatur
1825 3049 1836 3060 ·
1878 3030 1928 3071 et
1967 3023 2078 3072 sunt
2114 3022 2169 3071 in
2205 3022 2435 3072 manibus
2481 3060 2493 3071 .
2544 3060 2556 3071 .
2607 3060 2619 3071 .

562 3111 754 3162 abbatis
796 3147 807 3159 .
850 3147 861 3159 .
906 3147 918 3158 .
959 3127 1049 3175 per
1082 3110 1299 3175 spacium
1323 3112 1535 3161 sedecim
1562 3122 1804 3161 annorum
1829 3131 1919 3178 per
1944 3122 2156 3164 mortem
2179 3115 2381 3164 domine
2405 3114 2620 3180 Agnetis

561 3205 624 3254 de
650 3201 909 3253 Tullawch
934 3209 984 3252 et
1009 3203 1155 3252 causa
1177 3204 1282 3252 veri
1305 3202 1508 3253 heredis
1544 3205 1625 3254 ius
1642 3205 1781 3254 suum
1804 3223 1905 3255 non
1929 3202 2271 3273 prosequentis
2310 3228 2322 3248 ι’
2362 3207 2544 3257 Αὲὶιιω
2569 3217 2619 3258 et
