2762 3834
670 319 1097 371 REGISTRUM
1129 320 1239 392 DE,
1262 322 1816 379 ABERBROTHOC.
2156 341 2247 386 321

224 453 398 518 dignos
439 452 640 517 probari
679 452 866 516 poterit
909 453 1043 516 quod
1088 453 1150 502 de
1195 455 1431 507 fructibus
1467 495 1478 508 .
1516 498 1525 508 .
1560 498 1569 508 .
1612 467 1854 511 terrarum
1898 466 2209 528 perceperint
2244 494 2252 505 ·

225 544 455 594 videlicet
490 572 501 584 -
537 544 672 608 quod
695 544 932 608 quociens
957 545 1089 593 dicta
1116 546 1394 598 dimidietas
1418 557 1550 599 terre
1575 553 1793 615 equitata
1816 554 1965 603 fuerit
1989 571 2099 603 cum
2130 556 2255 605 dicta

224 635 472 684 communi
494 652 677 700 guerra
699 642 749 683 et
769 635 1015 684 destructa
1038 636 1226 686 tociens
1250 656 1339 703 per
1358 641 1511 690 visum
1530 644 1889 708 fidedignorum
1914 646 1998 695 fiet
2021 647 2117 695 illis
2138 648 2255 696 allo-

226 729 362 778 cacio
396 768 406 778 .
443 767 453 779 .
493 767 504 778 .
539 729 592 777 in
615 729 758 777 firma
784 729 871 777 sua
904 757 915 767 ·
953 728 1006 777 Si
1031 746 1148 777 vero
1173 706 1428 797 contingat
1461 733 1668 784 heredes
1694 736 1809 785 dieti
1845 738 2062 802 magistri
2085 738 2255 788 Dauid

224 830 394 871 tenere
418 821 563 871 etatis
586 819 667 869 vel
691 820 1024 884 cuiuscunque
1060 821 1262 871 alterius
1279 822 1573 888 impotencie
1598 823 1803 877 existere
1828 846 1925 893 qua
1955 846 2055 878 non
2078 830 2254 895 poffint

224 953 232 961 .
277 951 286 961 .
330 951 339 961 .
382 911 610 978 premissa
631 912 871 977 perficere
897 912 1027 961 dieta
1049 919 1185 961 terra
1224 952 1233 963 .
1276 952 1287 963 .
1328 952 1339 963 .
1382 916 1476 965 erit
1497 917 1549 965 in
1591 957 1600 966 .
1644 956 1653 966 .
1696 958 1705 968 .
1749 920 1902 969 tutela
1925 921 2113 970 abbatis
2147 960 2156 971 .
2190 962 2200 971 .
2242 962 2251 971 .

225 1005 383 1053 donec
414 1041 425 1054 .
503 1043 514 1054 .
545 996 767 1070 poterint
790 1005 1019 1053 inuenire
1045 1005 1357 1055 securitatem
1382 1008 1445 1055 ad
1468 1010 1859 1073 respondendum
1891 1049 1901 1060 .
1941 1051 1950 1061 .
1984 1050 1994 1061 .
2032 1013 2093 1062 de
2112 984 2254 1077 firma

224 1136 234 1146 .
274 1135 283 1145 .
327 1135 337 1145 .
372 1096 525 1161 Apud
560 1133 573 1145 .
614 1134 625 1145 .
662 1136 673 1146 .
714 1096 1067 1145 monasterium
1096 1133 1116 1151 Α.
1156 1134 1167 1145 .
1208 1133 1220 1145 .
1256 1098 1428 1146 vltimo
1475 1100 1554 1148 die
1599 1101 1774 1150 mensis
1819 1103 2077 1153 Februarii
2123 1123 2252 1155 anno

222 1189 429 1238 Domini
474 1188 728 1238 millefimo
769 1188 1252 1253 quadringentesimo
1299 1190 1612 1255 nonogefimo
1651 1196 1822 1243 οᾶειιιο
1865 1232 1876 1242 .
1932 1233 1942 1243 .
1997 1234 2007 1245 .
2054 1197 2253 1247 testibus

223 1280 450 1330 Waltero
475 1280 739 1347 Lychtone
763 1281 825 1329 de
849 1279 1150 1346 Vllishavyn
1176 1311 1186 1322 ·
1214 1281 1413 1330 domino
1451 1282 1646 1332 Thoma
1682 1284 1866 1350 Ogilvy
1895 1287 2050 1337 milite
2074 1316 2085 1326 ·
2104 1288 2253 1338 Alex-

224 1375 381 1423 andro
408 1373 612 1441 Ogylvy
637 1374 741 1423 filio
785 1412 795 1423 .
838 1413 848 1424 .
893 1412 904 1424 .
947 1373 1137 1422 domini
1171 1374 1234 1423 de
1274 1367 1476 1439 Ogylvy
1511 1375 1574 1422 de
1612 1374 1736 1441 Erly
1773 1403 1784 1415 ·
1814 1376 2059 1428 Duncano
2093 1379 2253 1446 Lych·

224 1475 340 1515 tone
376 1494 387 1506 ·
411 1466 632 1516 Patricio
660 1465 832 1532 Cargil
867 1495 878 1506 ·
915 1465 1126 1515 Andrea
1148 1464 1297 1531 Roffy
1327 1492 1338 1503 ·
1368 1464 1402 1514 J
1406 1467 1597 1514 ohanne
1622 1466 1862 1517 Aldstone
1897 1496 1908 1508 ·
1940 1470 2137 1519 domino
2160 1473 2254 1522 Ar-

225 1558 452 1608 chibaldo
476 1558 767 1609 Fullartone
791 1558 978 1608 vicario
1015 1558 1077 1607 de
1102 1557 1241 1623 Athy
1270 1584 1280 1595 ·
1313 1563 1362 1605 et
1385 1556 1616 1623 magistro
1641 1557 1867 1623 Georgeo
1894 1558 2173 1628 Streveling
2194 1566 2255 1613 de

226 1650 428 1717 Brekky
451 1651 646 1701 notario
668 1651 870 1717 publico
895 1679 905 1690 ·
933 1667 1045 1701 cum
1071 1648 1275 1699 diuerfis
1300 1649 1424 1698 aliis.

222 1897 484 1973 Croftone
509 1920 753 1971 affedatur
776 1921 1068 1971 Alexandro
1095 1920 1320 1987 Orknay.

223 2079 351 2154 Nos
374 2102 547 2152 Dauid
586 2140 596 2152 .
638 2140 651 2151 .
696 2141 707 2152 .
751 2104 902 2153 abbas
941 2142 951 2152 .
993 2141 1004 2152 .
1047 2140 1058 2152 .
1098 2105 1159 2152 de
1194 2103 1531 2153 Abirbrothoc
1563 2141 1575 2153 .
1614 2141 1626 2152 .
1666 2142 1676 2152 .
1717 2104 1981 2153 affedamus
2018 2141 2030 2153 .
2071 2141 2081 2152 .
2119 2142 2129 2152 .
2164 2105 2253 2154 ser-

222 2195 372 2245 uitori
395 2196 562 2244 nostro
586 2195 878 2244 Alexandro
905 2195 1118 2262 Orknay
1142 2197 1237 2245 suis
1269 2196 1516 2262 affignatis
1529 2216 1564 2244 ι.
1603 2233 1614 2244 .
1652 2232 1663 2243 .
1700 2203 1747 2244 et
1770 2195 1864 2245 suls
1888 2195 2253 2246 coadiutoribus

222 2289 486 2336 dummodo
524 2324 536 2336 .
575 2324 588 2336 .
628 2324 640 2337 .
676 2304 778 2336 non
802 2286 897 2336 fint
919 2287 1122 2336 maioris
1145 2289 1400 2352 potestatis
1425 2304 1571 2352 quam
1593 2287 1692 2352 ipse
1731 2324 1741 2336 .
1781 2324 1792 2335 .
1834 2324 1846 2335 .
1882 2295 1930 2336 et
1950 2304 2039 2352 per
2058 2305 2147 2336 nos
2171 2290 2252 2337 ad-

222 2380 480 2430 mittantur
521 2397 613 2446 pro
657 2380 883 2429 terminis
931 2380 1105 2429 decem
1149 2387 1198 2429 et
1235 2397 1414 2429 nouem
1457 2396 1697 2428 annorum
1733 2416 1743 2427 .
1779 2415 1791 2426 .
1828 2417 1837 2427 .
1877 2385 2057 2427 terram
2099 2381 2159 2428 de
2199 2381 2251 2445 ly

138 2478 143 2480 ’
224 2470 462 2521 Croftone
487 2489 599 2521 cum
622 2479 759 2521 terra
781 2471 842 2520 de
866 2471 919 2538 ly
943 2471 1206 2537 Laythane
1230 2472 1282 2520 in
1310 2471 1547 2522 Croftone
1583 2508 1594 2519 .
1633 2508 1643 2519 .
1682 2507 1693 2519 .
1730 2487 1840 2519 cum
1861 2470 2060 2519 decimis
2077 2473 2249 2536 garba·-

219 2563 346 2614 libus
369 2565 638 2614 earundem
662 2591 673 2603 ·
701 2563 953 2615 Soluendo
988 2601 1001 2613 .
1038 2601 1050 2612 .
1085 2601 1097 2613 .
1135 2581 1228 2629 pro
1264 2601 1275 2612 .
1313 2601 1324 2612 .
1362 2600 1373 2612 .
1414 2562 1651 2613 Croftone
1675 2569 1724 2610 et
1746 2561 1910 2626 garbis
1935 2561 2250 2612 decimalibus

222 2692 232 2702 .
277 2693 288 2703 .
334 2693 345 2704 .
384 2656 639 2722 sexaginta
662 2664 875 2721 quatuor
898 2655 1056 2710 bollas
1081 2655 1221 2704 ordei
1245 2662 1295 2704 et
1318 2654 1503 2703 farrine
1526 2654 1750 2703 mensure
1781 2653 1876 2701 fori
1901 2654 2141 2702 currentis
2166 2682 2176 2694 ·
2202 2662 2249 2702 et

218 2763 309 2811 pro
326 2747 378 2813 ly
396 2747 640 2798 Laithane
660 2748 838 2814 viginti
857 2747 938 2797 sex
954 2747 1134 2797 solidos
1149 2755 1199 2796 et
1217 2750 1326 2796 octo
1342 2746 1569 2795 denarios
1595 2782 1607 2793 .
1648 2783 1659 2794 .
1694 2783 1705 2793 .
1741 2751 1936 2793 monete
1961 2781 1973 2793 .
2002 2782 2014 2794 .
2041 2783 2052 2794 .
2079 2745 2248 2795 Scocie

219 2837 284 2886 ad
320 2838 442 2887 duos
474 2839 593 2888 anni
628 2839 866 2888 terminos
910 2876 921 2886 .
967 2876 978 2886 .
1020 2875 1030 2886 .
1071 2855 1183 2887 cum
1219 2838 1446 2886 omnibus
1478 2837 1706 2886 oneribus
1739 2836 2097 2885 husbandorum
2136 2874 2147 2885 .
2180 2873 2191 2884 .

112 2935 118 2938 ’
218 2927 283 2978 Et
306 2929 532 2979 volumus
567 2931 702 2995 quod
722 2947 824 2979 non
850 2929 944 2979 fint
965 2930 1128 2979 minus
1164 2946 1312 2993 quam
1348 2930 1446 2977 duo
1483 2928 1792 2976 coadiutores
1828 2929 1909 2976 seu
1943 2927 2163 2991 affignati
2186 2929 2247 2976 ad

217 3019 540 3070 laborandum
585 3059 595 3069 .
642 3059 652 3070 .
698 3059 710 3070 .
749 3029 909 3071 terras
944 3060 955 3071 .
992 3059 1002 3069 .
1036 3058 1045 3070 .
1082 3026 1288 3085 propter
1330 3019 1608 3069 huiusmodi
1646 3035 1798 3067 onera
1836 3018 2066 3067 soluenda
2105 3044 2115 3054 ·
2152 3025 2244 3066 ter-

219 3109 352 3158 mino
377 3127 494 3160 vero
517 3112 749 3162 introitus
786 3149 797 3159 .
839 3149 849 3159 .
885 3149 894 3160 .
924 3111 1197 3175 incipiente
1221 3111 1273 3159 in
1295 3111 1417 3159 festo
1436 3110 1747 3160 Pentecostes
1766 3111 1926 3159 datam
1945 3109 2242 3173 presencium

1202 3206 1231 3250 2
1259 3218 1281 3250 s
