2762 3834
592 450 691 493 280
1034 437 1455 491 REGISTRUM
1490 436 1586 486 DE
1624 434 2179 485 ABERBROTHOC.

594 577 823 641 scriptum
858 592 914 623 cx
949 575 1179 623 mandato
1212 571 1546 635 predifstorum
1581 567 1826 616 affisorum
1853 575 1901 615 et
1927 568 2276 618 arbitratorum
2302 570 2352 618 in
2378 572 2635 634 presencia

594 668 813 733 parcium
862 666 1061 713 minime
1110 661 1560 712 contradicencium
1608 659 1824 723 perlecto
1867 668 1916 708 et
1958 662 2287 724 pronunciato
2335 663 2638 711 reuerendus

594 767 734 823 pater
759 758 987 805 Andreas
1019 756 1116 803 Dei
1153 762 1201 802 et
1238 753 1503 817 apostolice
1541 751 1668 800 sedis
1705 750 1878 815 gracia
1911 751 2165 815 episcopus
2208 752 2436 802 Morauie
2473 754 2638 802 statuit

594 850 846 899 mandauit
883 847 1131 896 ordinauit
1170 863 1227 894 ac
1266 846 1450 893 uirtute
1489 842 1812 905 obligacionis
1851 843 2075 907 parcium
2114 852 2166 892 vt
2202 845 2257 893 in
2297 844 2637 910 compromisso

594 942 800 989 habetur
825 940 1113 988 au&oritate
1139 937 1392 986 ordinaria
1417 935 1607 984 monuit
1637 935 1882 999 prefatum
1910 936 2252 986 Alexandrum
2291 939 2543 986 dominum
2577 939 2638 986 de

596 1034 742 1081 Innes
766 1048 856 1096 pro
882 1032 929 1078 se
954 1031 1219 1079 heredibus
1251 1029 1346 1077 suis
1372 1036 1421 1077 et
1445 1027 1694 1092 aflignatis
1719 1045 1777 1076 ac
1802 1027 1984 1076 dietum
2023 1029 2365 1078 Alexandrum
2402 1029 2637 1095 Symsone

594 1141 683 1189 pro
708 1124 754 1171 se
779 1131 828 1171 et
851 1121 1199 1171 successoribus
1224 1122 1318 1169 suis
1345 1120 1541 1169 vicariis
1566 1121 1733 1168 omnia
1757 1128 1807 1169 et
1831 1121 2021 1186 fingula
2042 1121 2268 1186 premissa
2301 1123 2399 1171 fine
2434 1122 2638 1187 impedi-

594 1224 757 1263 mento
784 1230 1077 1278 quocunque
1102 1213 1458 1261 inviolabiliter
1484 1213 1744 1262 obseruare
1768 1214 2015 1263 custodire
2035 1224 2083 1263 et
2102 1216 2400 1279 perimplere
2420 1224 2468 1265 et
2486 1232 2636 1264 nunc-

595 1325 739 1371 quam
778 1314 951 1355 contra
986 1323 1046 1354 ea
1082 1306 1252 1353 venire
1290 1306 1410 1353 dare
1443 1304 1525 1353 seu
1560 1306 1725 1353 facere
1758 1321 1848 1369 per
1872 1306 1920 1354 se
1945 1306 2025 1354 seu
2061 1323 2404 1372 quemcunque
2440 1307 2640 1355 nomine

593 1400 803 1463 ipsorum
828 1398 1025 1463 publice
1052 1398 1131 1446 uel
1158 1397 1350 1446 occulte
1375 1397 1559 1446 direEoe
1585 1397 1665 1445 uel
1691 1382 1931 1446 indire&e
1957 1400 2133 1462 quouis
2158 1399 2345 1463 quefito
2369 1400 2534 1447 colore
2562 1400 2638 1448 uel

592 1492 791 1556 ingenio
827 1492 912 1539 sub
941 1491 1080 1555 penis
1116 1495 1282 1539 ccc⁸¹²¹¹¹
1305 1505 1600 1538 coronarum
1634 1491 1742 1539 auri
1781 1491 2079 1540 sereniflimo
2116 1493 2223 1557 regi
2263 1491 2436 1541 Scocie
2474 1498 2639 1541 cccffl'm

594 1584 794 1633 ecclefie
832 1582 1132 1633 Morauienfi
1174 1591 1222 1632 et
1266 1588 1431 1633 cccmun
1470 1583 1602 1647 parti
1642 1582 1919 1632 obseruanti
1954 1593 2003 1633 et
2034 1585 2237 1633 minime
2279 1587 2638 1635 contradicenti

593 1676 723 1724 infra
746 1676 827 1723 x12·
850 1675 955 1723 dies
979 1674 1233 1739 postquam
1262 1675 1394 1723 clare
1420 1674 1694 1723 constiterit
1729 1675 1791 1724 de
1827 1675 2105 1724 huiusmodi
2137 1678 2527 1726 contradifflone
2556 1689 2640 1727 aut

595 1766 946 1831 impedimento
967 1767 1063 1813 fine
1086 1783 1379 1830 quacunque
1398 1766 1696 1830 excepcione
1716 1767 2063 1816 soluendarum
2086 1797 2097 1807 ·
2123 1768 2282 1834 Super
2299 1770 2395 1818 hiis
2417 1771 2641 1818 omnibus

598 1868 646 1907 et
673 1859 871 1923 lingulis
896 1858 1161 1922 prescripte
1185 1856 1353 1922 partes
1377 1858 1492 1907 hinc
1516 1859 1632 1907 inde
1658 1857 1744 1906 fibi
1768 1859 1876 1907 fieri
1912 1860 2172 1923 pecierunt
2198 1877 2345 1909 vnum
2382 1863 2463 1910 seu
2498 1863 2642 1926 plura

597 1951 847 2015 publicum
886 1951 966 1999 seu
1004 1951 1203 2015 publica
1242 1951 1622 2000 instrumentum
1661 1950 1741 1999 seu
1789 1952 2117 2002 instrumenta
2164 1971 2274 2002 cum
2324 1955 2479 2019 figillo
2524 1955 2641 2003 (11ἃί

600 2043 860 2091 reuerendi
913 2043 1067 2107 patris
1114 2060 1172 2091 ac
1219 2043 1569 2091 nonnullorum
1625 2042 1871 2091 affisorum
1926 2044 2308 2109 prescriptorum
2363 2048 2644 2096 roboranda

600 2134 766 2197 sigillis
799 2162 808 2170 ·
841 2134 967 2182 Asta
991 2143 1132 2183 erant
1156 2135 1247 2184 hec
1271 2136 1415 2199 super
1440 2135 1591 2183 solum
1615 2136 1918 2199 prefatarum
1946 2144 2188 2186 terrarum
2213 2139 2300 2187 sub
2325 2155 2454 2187 anno
2478 2141 2642 2187 mense

599 2226 678 2273 (116
712 2226 984 2274 indiffione
1014 2235 1062 2274 et
1090 2227 1381 2291 pontificatu
1413 2228 1589 2291 quibus
1622 2228 1768 2292 supra
1796 2228 2105 2292 presentibus
2140 2230 2322 2279 ibidem
2349 2231 2478 2280 dieto
2503 2249 2641 2280 reue-

599 2318 751 2365 rendo
777 2326 915 2381 patre
942 2347 951 2356 -
978 2318 1012 2366 J
1015 2320 1167 2367 acobo
1195 2318 1382 2384 Ogiluy
1404 2320 1465 2368 de
1489 2319 1712 2379 Desss'urd
1731 2320 1888 2369 milite
1914 2350 1924 2360 ·
1951 2320 1986 2369 J
1988 2338 2148 2371 oanne
2169 2322 2641 2389 Ogiluyiusticiario

599 2409 808 2473 supremi
833 2410 1019 2458 domini
1046 2411 1198 2459 nostri
1231 2412 1362 2475 regis
1402 2413 1454 2459 in
1492 2412 1586 2460 hac
1623 2420 1765 2476 parte
1804 2413 2040 2478 deputato
2083 2443 2092 2453 ·
2137 2425 2185 2463 et
2223 2416 2331 2464 aliis
2370 2416 2641 2466 affisoribus

602 2500 803 2549 testibus
827 2502 889 2549 ad
912 2501 1138 2566 premissa
1163 2503 1349 2551 vocatis
1374 2503 1561 2567 pariter
1586 2514 1634 2552 et
1659 2506 1858 2569 rogatis.

602 2752 923 2838 Preceptum
942 2774 1110 2823 saifine
1131 2784 1179 2824 et
1196 2776 1490 2840 pofl'effionis
1510 2778 1695 2826 domini
1715 2779 1776 2827 de
1795 2777 1942 2826 Kelle
1962 2779 2024 2826 de
2041 2778 2186 2827 terris
2201 2778 2263 2827 de
2280 2777 2639 2827 Kennemekle.

452 2964 549 3007 340
604 2929 796 3002 Dauid
833 2989 843 3000 .
883 2990 893 2999 .
933 2990 943 2999 .
982 2954 1129 3001 abbas
1166 2992 1174 3000 .
1214 2990 1224 3001 .
1264 2991 1273 3000 .
1310 2956 1371 3003 de
1395 2956 1765 3006 Abbirbrothoc
1796 2975 1855 3007 ac
1886 2958 2114 3007 dominus
2147 2959 2366 3023 superior
2400 2968 2641 3007 terrarum

609 3044 669 3091 de
710 3043 1051 3092 Kennemekle
1088 3044 1363 3092 iacencium
1400 3046 1451 3094 in
1489 3048 1649 3096 schira
1686 3050 1852 3098 nostra
1882 3051 1944 3099 de
1974 3050 2317 3115 Kyncoldrum
2354 3051 2485 3099 infra
2515 3051 2641 3099 vicc-

610 3134 893 3183 comitatum
930 3136 991 3183 de
1029 3135 1234 3184 Forfare
1274 3174 1284 3183 .
1324 3173 1334 3184 .
1374 3176 1382 3184 .
1425 3138 1648 3187 Waltero
1689 3140 1952 3205 Lychtoun
2000 3142 2184 3190 iuniori
2230 3143 2291 3190 de
2335 3141 2640 3207 Houshavyn

609 3225 792 3276 balliuo
817 3226 982 3275 nostro
1005 3226 1056 3275 in
1080 3226 1174 3276 hac
1198 3235 1338 3291 parte
1374 3268 1382 3275 .
1421 3268 1429 3276 .
1468 3269 1476 3277 .
1515 3230 1715 3279 salutem
1758 3259 1768 3269 ·
1813 3231 1945 3290 Quia
1980 3272 1990 3282 .
2031 3271 2043 3282 .
2084 3272 2094 3282 .
2134 3234 2275 3283 nobis
2297 3234 2485 3283 constat
2509 3236 2639 3298 quod
