2742 3848
29 1518 89 1573 97

596 359 1025 411 REGISTRUM
1059 360 1157 410 DE
1194 359 1755 412 ABERBROTHOC.
2110 370 2207 420 519

147 492 331 542 dietate
367 493 420 559 ly
458 502 716 560 rynemart
754 503 803 544 et
840 495 1015 544 veddir
1054 502 1104 544 et
1141 495 1249 544 aliis
1286 495 1656 545 husbandorum
1695 496 1928 545 oneribus
1967 498 2029 546 de
2063 499 2206 547 dietis

147 585 538 636 dimidietatibus
563 587 744 636 debitis
771 614 781 625 ·
805 594 854 637 et
878 587 1192 637 sustentando
1217 588 1578 638 dimidietatem
1603 588 1875 637 molendini
1900 589 1954 638 in
1980 591 2206 640 omnibus

145 676 240 724 suis
267 679 549 727 necessariis
585 708 595 716 ·
636 679 696 733 17
723 679 987 729 Februarii
1015 684 1162 729 1533.

150 937 303 1010 Idem
329 960 511 1009 affedat
547 977 639 1025 pro
675 959 1006 1008 nouendecim
1043 960 1186 1008 annis
1224 959 1418 1009 Thome
1442 960 1585 1027 Lyne
1620 963 1716 1011 suis
1752 962 2001 1029 affignatis
2027 972 2076 1013 et
2099 965 2205 1013 sub-

149 1052 434 1102 tenentibus
473 1051 584 1100 illas
623 1061 836 1116 quatuor
871 1052 1079 1100 bouatas
1116 1059 1248 1100 terre
1275 1052 1390 1102 ville
1427 1054 1489 1102 de
1526 1054 1882 1120 Achynmuthe
1918 1074 2040 1120 quas
2075 1057 2205 1105 idem

149 1153 360 1209 occupat
391 1172 401 1181 ·
436 1143 688 1194 Soluendo
724 1152 937 1209 quatuor
971 1161 1165 1193 marcas
1208 1152 1403 1194 monete
1446 1144 1619 1195 Scocie
1656 1148 1719 1195 ad
1755 1148 1993 1196 terminos
2019 1149 2207 1198 vsuales

149 1254 260 1286 cum
286 1237 396 1286 aliis
421 1236 655 1286 oneribus
680 1244 729 1286 et
752 1236 973 1286 seruiciis
1011 1265 1021 1275 -
1061 1238 1121 1291 17
1148 1236 1411 1285 Februarii
1439 1242 1584 1286 1533.

144 1496 299 1569 Idem
328 1518 511 1567 affedat
535 1535 626 1582 pro
651 1518 983 1567 nouendecim
1021 1518 1165 1566 annis
1201 1517 1419 1566 Mariote
1447 1517 1660 1584 Ogillwe
1685 1518 1874 1583 suisque
1907 1520 2206 1568 subtenenti-

145 1612 236 1659 bus
274 1611 646 1659 coadiutoribus
678 1618 728 1659 et
770 1610 1021 1675 affignatis
1058 1612 1280 1659 &tanam
1316 1618 1508 1675 partem
1546 1619 1794 1659 terrarum
1819 1611 1935 1659 ville
1972 1612 2033 1659 de
2072 1611 2205 1660 Ach-

145 1705 315 1754 muthe
359 1721 505 1769 quam
549 1721 683 1753 nunc
721 1711 933 1768 occupat
969 1702 1234 1751 Wilelmus
1271 1702 1545 1751 Harrowar
1582 1719 1793 1752 vnacum
1831 1703 1978 1751 domo
2013 1703 2205 1751 brafine

145 1798 358 1846 eiusdem
387 1815 497 1846 cum
524 1797 670 1846 terris
696 1797 842 1845 domo
868 1795 1196 1861 spectantibus
1239 1823 1249 1832 ·
1296 1775 1548 1843 Soluendo
1579 1812 1671 1859 pro
1708 1797 1884 1843 octaua
1918 1803 2059 1859 parte
2097 1798 2206 1843 octo

142 1907 334 1938 marcas
360 1898 408 1939 et
432 1907 523 1954 pro
546 1890 693 1938 domo
717 1888 911 1937 brafine
948 1895 997 1936 et
1032 1888 1180 1936 terris
1206 1903 1352 1935 vnam
1389 1903 1607 1935 marcam
1644 1894 1843 1935 monete
1884 1885 2057 1935 Scocie
2095 1905 2205 1935 cum

141 1990 396 2048 rynemart
420 1982 584 2048 syluer
610 1999 668 2031 ac
694 1981 803 2030 aliis
828 1981 1063 2030 oneribus
1100 1980 1321 2045 exceptis
1359 1979 1592 2028 oneribus
1629 1979 1961 2044 spectantibus
1985 1981 2049 2028 ad
2074 1998 2205 2046 cym-

138 2077 225 2125 bas
261 2075 498 2141 piscarias
529 2093 620 2140 per
654 2075 874 2140 prefatas
911 2081 1070 2123 terras
1102 2091 1160 2122 ac
1195 2074 1396 2122 domum
1435 2072 1551 2121 olim
1596 2071 1858 2121 sustentari
1893 2072 2058 2121 solitas
2096 2100 2105 2108 ·
2145 2076 2203 2125 17

139 2168 401 2218 Februarii
430 2171 572 2216 1533.

135 2427 291 2498 Idem
316 2448 568 2511 presentat
603 2446 891 2510 magistrum
918 2445 1199 2494 Henricum
1218 2443 1467 2492 Lumsden
1491 2443 1817 2508 presbiterum
1847 2442 2200 2493 Sanctiandree

138 2539 342 2589 diocefis
379 2542 440 2588 ad
467 2538 704 2588 vicariam
740 2547 1033 2603 perpetuam
1070 2537 1273 2586 ecclesie
1308 2535 1609 2600 parochialis
1646 2535 1707 2584 de
1746 2534 1940 2584 Taruas
1977 2535 2200 2584 Aberdo-

136 2631 297 2682 nenfis
323 2631 528 2681 diocefis
555 2648 668 2680 cum
693 2648 872 2680 vacare
910 2630 1180 2696 contigerit
1215 2647 1306 2694 per
1342 2628 1725 2694 resignationem
1761 2628 1950 2677 domini
1979 2628 2199 2677 Wilelmi

138 2725 358 2791 Sympile
381 2723 641 2790 presbiteri
669 2723 982 2773 Glascuenfis
1006 2722 1211 2772 diocefis
1249 2753 1259 2764 ·
1302 2728 1362 2772 10
1386 2723 1421 2772 J
1424 2723 1529 2771 unii
1558 2727 1703 2772 1534.

139 2979 267 3052 The
294 3003 442 3051 abbot
465 3003 559 3051 lets
583 3003 661 3051 for
687 3003 861 3052 eleven
886 3021 1032 3069 years
1059 3004 1186 3052 from
1211 3004 1442 3052 Lammes
1470 3007 1600 3051 1534
1638 3011 1688 3059 to
1717 3003 1918 3068 George
1945 3003 2194 3051 Meldrum

141 3095 194 3141 of
211 3094 362 3160 wae
386 3095 464 3143 his
489 3094 622 3144 heirs
648 3095 748 3143 and
772 3093 1010 3161 affignees
1035 3097 1119 3146 the
1145 3095 1489 3146 teindsheaves
1515 3096 1570 3144 of
1589 3095 1673 3144 the
1699 3095 1887 3144 church
1912 3096 2010 3143 and
2029 3094 2193 3158 pariss]

140 3186 194 3233 of
229 3185 479 3252 Bothelny
510 3187 563 3235 in
600 3187 684 3236 the
723 3187 916 3237 diocese
955 3187 1010 3236 of
1046 3188 1544 3253 Aberden—paying
1579 3187 1753 3253 yearly
1787 3186 1900 3237 550
1939 3185 2094 3234 Scots.
2163 3189 2191 3232 2

143 3276 433 3342 September
462 3283 606 3327 1534.
