2586 3834
259 684 529 727 531...

270 1860 363 1902 532

398 368 493 412 4⁴18
848 357 1269 411 REGISTRUM
1303 355 1400 405 DE
1432 349 1984 403 ABERBROTHOC.

400 498 698 583 Northfery
722 518 961 566 affedatur
985 514 1233 562 Willelmo
1260 511 1524 560 Andirson.

580 675 752 722 Pateat
786 711 793 719 .
839 712 846 718 .
890 711 898 718 .
941 644 1030 718 nos
1068 669 1339 733 Georgium
1376 664 1521 733 [etc.]
1561 703 1571 714 .
1617 702 1627 713 .
1678 704 1687 713 .
1724 681 1815 729 pro
1853 672 1990 713 certa
2024 666 2210 712 summa
2233 664 2440 729 pecunie

454 806 461 813 .
501 805 509 813 .
547 771 741 811 monete
768 761 939 811 Scocie
965 761 1106 809 nobis
1145 798 1154 807 .
1195 797 1206 806 .
1246 797 1256 807 .
1294 758 1543 823 persoluta
1579 756 1804 805 afl'edaffe
1837 794 1847 804 .
1887 794 1897 804 .
1935 793 1946 804 .
1981 755 2235 804 Willelmo
2261 755 2442 803 Andir-

407 861 487 905 son
525 885 534 894 ·
573 855 855 919 Margarete
906 853 1108 918 Olywer
1149 851 1229 900 sue
1267 850 1435 915 sponse
1486 887 1496 897 .
1545 886 1555 897 .
1609 886 1619 897 .
1669 858 1719 898 et
1753 848 2002 897 Willelmo
2050 847 2298 895 Andirson
2345 846 2445 894 filio

408 948 521 996 dieti
548 946 783 995 Willelmi
818 983 827 992 .
868 982 878 992 .
919 982 928 992 .
965 961 1057 1009 pro
1079 951 1183 992 toto
1208 951 1429 1007 tempore
1455 941 1554 989 vite
1594 978 1604 988 .
1643 977 1652 988 .
1689 978 1699 988 .
1736 940 1903 989 villam
1930 939 2145 988 nostram
2172 940 2234 987 de
2261 938 2445 986 North-

407 1040 512 1102 fery
539 1054 649 1085 cum
675 1036 877 1084 decimis
901 1035 1184 1099 garbalibus
1219 1072 1229 1082 .
1271 1072 1281 1081 .
1329 1071 1339 1081 .
1376 1032 1627 1082 Soluendo
1666 1068 1677 1078 .
1715 1068 1724 1078 .
1769 1067 1779 1078 .
1805 1031 1996 1078 firmam
2030 1070 2037 1078 .
2074 1068 2083 1077 .
2121 1068 2131 1077 .
2170 1030 2447 1078 consuetam

409 1131 527 1177 ficut
552 1128 634 1176 alii
658 1127 898 1175 husbandi
935 1128 1162 1175 fecerunt
1198 1132 1312 1173 ante
1350 1124 1710 1174 confectionem
1735 1123 2044 1187 presencium
2087 1162 2095 1170 .
2140 1161 2148 1170 .
2193 1161 2200 1170 .
2240 1138 2447 1169 vnacum

409 1260 417 1268 .
456 1260 463 1267 .
504 1257 513 1266 .
551 1217 914 1265 husbandorum
940 1216 1171 1264 oneribus
1207 1254 1216 1263 .
1255 1255 1263 1262 .
1302 1255 1309 1263 .
1355 1215 1522 1263 Primo
1549 1216 1628 1263 die
1655 1215 1829 1262 menfis
1854 1214 2065 1279 Augusti
2091 1231 2220 1262 anno
2246 1213 2449 1261 Domini

408 1307 659 1358 millesimo
685 1305 1074 1372 quingentesimo
1100 1305 1409 1354 duodecimo.

411 1559 708 1632 Commiffio
750 1579 866 1627 data
902 1577 1305 1642 procuratoribus
1346 1593 1498 1641 penes
1539 1577 1673 1625 litem
1720 1578 1849 1626 inter
1889 1594 1978 1625 nos
2022 1584 2071 1625 et
2111 1576 2348 1625 vicarium
2391 1576 2450 1623 de

415 1671 597 1719 Arbroi
603 1670 654 1718 th
663 1708 672 1718 .

418 1891 426 1900 .
465 1890 473 1898 .
512 1889 520 1897 .
558 1850 732 1897 Pateat
767 1888 775 1896 .
822 1888 830 1895 .
879 1887 887 1896 .
937 1865 1026 1896 nos
1051 1848 1323 1913 Georgium
1350 1846 1490 1915 [ete]
1539 1888 1547 1896 .
1599 1888 1608 1898 .
1653 1888 1661 1897 .
1707 1848 2001 1898 constituisse
2045 1889 2053 1897 .
2094 1888 2102 1896 .
2147 1889 2154 1896 .
2198 1848 2454 1912 magistros

416 1950 465 1990 et
512 1941 734 1988 dominos
785 1939 1056 2004 Georgium
1106 1939 1350 2003 Hepburn
1394 1941 1638 1989 decanum
1685 1940 2089 1989 Dunkeldensem
2148 1970 2157 1979 ·
2212 1940 2455 1988 Jacobum

417 2031 664 2080 Wischart
701 2059 710 2068 ·
750 2030 1024 2078 Henricum
1050 2029 1255 2078 Preston
1293 2058 1302 2067 ·
1339 2039 1387 2079 et
1412 2031 1686 2080 Martinum
1712 2032 1943 2081 Bawfour
1980 2071 1988 2079 .
2027 2071 2036 2079 .
2076 2072 2084 2079 .
2122 2032 2312 2079 nostros
2349 2070 2357 2078 .
2397 2070 2404 2078 .
2447 2070 2454 2078 .

415 2131 764 2187 procuratores
801 2159 811 2168 .
851 2159 861 2169 .
900 2161 909 2169 .
948 2122 1010 2169 ad
1035 2121 1317 2186 eligendum
1353 2160 1362 2169 .
1402 2161 1412 2170 .
1454 2161 1463 2170 .
1503 2124 1758 2172 dominum
1778 2123 2063 2172 «Iohannem
2100 2162 2108 2170 .
2148 2162 2155 2171 .
2194 2162 2203 2170 .
2241 2122 2456 2186 priorem

419 2212 619 2262 ecclesie
667 2213 1044 2276 metropolitane
1085 2212 1410 2262 San&iandre
1460 2255 1468 2263 .
1521 2256 1529 2263 .
1584 2256 1592 2264 .
1648 2216 1905 2281 magistros
1946 2215 2207 2264 Gawinum
2246 2214 2457 2263 Dunbar

420 2306 820 2354 archidiaconum
849 2304 1198 2354 Sanfflandree
1224 2332 1234 2342 ·
1261 2305 1527 2371 Hugonem
1557 2307 1713 2372 Spens
1736 2307 1871 2356 sacre
1896 2307 2142 2371 theologie
2176 2308 2424 2355 doetorem
2450 2332 2459 2342 ·

422 2405 470 2444 et
506 2396 788 2444 Johannem
830 2395 995 2443 Bonar
1032 2396 1268 2444 vicarium
1308 2398 1368 2445 de
1408 2397 1718 2447 Craufourde
1756 2399 2075 2447 arbitratores
2125 2435 2135 2445 .
2173 2437 2182 2445 .
2220 2438 2228 2446 .
2267 2398 2317 2444 in
2354 2437 2362 2444 .
2402 2437 2409 2444 .
2450 2436 2457 2443 .

424 2488 566 2536 causa
585 2488 714 2535 inter
739 2504 827 2534 nos
854 2526 861 2534 .
890 2526 898 2535 .
927 2526 934 2534 .
961 2496 1009 2535 et
1033 2488 1284 2537 dominum
1313 2489 1557 2538 Thomam
1584 2489 1811 2538 Harraur
1830 2489 2069 2538 vicarium
2087 2489 2460 2553 pencionarium

426 2578 485 2624 de
511 2577 732 2624 Arbroth
762 2614 771 2623 .
800 2563 811 2623 '.
841 2614 851 2623 .
878 2587 1011 2626 mota
1037 2614 1047 2623 .
1077 2615 1087 2624 .
1117 2615 1127 2624 .
1153 2596 1304 2642 penes
1330 2581 1544 2628 decimas
1567 2580 1795 2644 garbales
1826 2581 2061 2628 rudarum
2086 2580 2168 2628 seu
2194 2580 2459 2627 croftorum

427 2668 487 2714 de
512 2667 733 2714 Arbroth
759 2675 806 2713 et
843 2704 852 2713 .
890 2705 899 2714 .
941 2705 950 2714 .
990 2685 1168 2716 nouam
1193 2669 1474 2732 pensionem
1500 2671 1658 2719 eidem
1694 2707 1705 2718 .
1750 2709 1761 2719 .
1807 2708 1816 2717 .
1855 2670 2187 2736 affignandam
2223 2696 2233 2706 ·
2269 2687 2461 2717 necnon

429 2757 491 2804 ad
531 2756 908 2803 submittendum
949 2774 1036 2804 nos
1077 2795 1087 2804 .
1131 2795 1140 2804 .
1180 2795 1190 2805 .
1229 2760 1429 2809 decreto
1468 2799 1478 2808 .
1519 2799 1530 2809 .
1571 2799 1581 2808 .
1618 2779 1707 2826 per
1743 2762 1898 2810 ᾶίἑὶοε
1940 2743 2258 2810 arbitratores
2299 2761 2461 2809 dando

557 2883 565 2892 .
615 2846 820 2892 summas
846 2846 1132 2895 victualium
1163 2849 1216 2896 in
1253 2852 1574 2912 pecuniarum
1609 2853 1806 2901 summis
1837 2853 2259 2901 transmutandum
2284 2853 2461 2914 suaque

433 2934 768 2999 compromissa
808 2944 856 2983 et
898 2938 1245 2986 transactiones
1288 2957 1439 3003 penes
1486 2943 1615 2992 hanc
1653 2961 1833 2993 nouam
1881 2943 2161 3009 penfionem
2202 2961 2259 2992 ac
2299 2951 2463 2991 cetera

432 3029 560 3075 inter
603 3043 692 3073 nos
733 3027 1031 3075 debatabilia
1072 3027 1156 3076 sub
1195 3031 1409 3079 vberiori
1451 3034 1608 3081 forma
1647 3036 1885 3099 scripture
1922 3035 2116 3100 publice
2159 3034 2234 3081 vel
2271 3034 2461 3097 priuate

434 3118 645 3165 dandum
683 3154 692 3163 .
723 3153 732 3162 .
764 3154 772 3164 .
809 3135 865 3164 ac
889 3117 1212 3167 instrumenta
1235 3129 1283 3167 et
1309 3122 1428 3170 alias
1454 3125 1736 3173 euidencias
1761 3126 2049 3175 necessarias
2074 3127 2271 3174 nomine
2298 3125 2460 3171 nostro
