2762 3834
37 848 132 898 136

39 1583 130 1636 137

638 338 1069 394 REGISTRUM
1103 340 1201 392 DE
1237 341 1796 393 ABERBROTHOC.
2158 351 2252 401 119

184 545 539 619 Confirmacio
563 567 691 617 sedis
721 568 987 634 apostolice
1023 570 1167 636 super
1203 570 1419 620 ecclefiis
1450 570 1512 620 de
1537 569 1761 620 Panbrid
1786 597 1797 611 ·
1823 569 2210 638 Dunnychthyn
2237 610 2247 620 .

185 658 470 726 Monyeche
495 689 506 700 ·
534 668 584 711 et
603 660 975 728 Kyncoldrum.

183 822 329 896 Pius
349 845 605 912 episcopus
629 885 639 896 .
666 885 676 896 .
702 886 713 896 .
739 848 803 896 ad
820 855 1113 912 perpetuam
1131 847 1206 896 rei
1227 849 1515 897 memoriam
1535 849 1656 912 [etc.
1674 854 1729 896 ut
1747 847 1893 913 supra
1912 847 2012 897 No.
2031 847 2150 915 135]
2174 887 2184 898 .
2208 888 2217 897 .
2238 889 2248 897 .

185 937 358 988 Tenor
382 956 501 989 vero
525 940 806 990 litterarum
841 941 1179 1006 predictarum
1212 941 1326 990 talis
1358 940 1430 990 est
1455 969 1465 981 ·
1493 940 1752 990 Uniuerfis
1776 942 2032 1006 presentes
2054 941 2249 992 litteras

183 1031 473 1096 inspecturis
511 1032 794 1082 Willelmus
833 1034 895 1082 de
933 1033 1259 1083 Lambirtoun
1307 1012 1422 1100 [etc.
1462 1040 1516 1083 ut
1554 1033 1608 1083 in
1633 1033 1747 1084 Vol.
1784 1035 1818 1083 i.
1862 1034 1962 1084 No.
1998 1035 2136 1102 244]
2166 1075 2176 1084 .
2203 1075 2212 1084 .
2236 1076 2247 1084 .

185 1123 373 1173 Datum
402 1124 593 1175 Tibure
623 1125 735 1192 [etc.
762 1133 817 1174 ut
837 1127 985 1190 supra
1009 1126 1109 1175 No.
1138 1126 1276 1193 135]

186 1376 591 1448 Instrumentum
616 1403 865 1446 terrarum
889 1396 952 1445 de
976 1396 1218 1462 Lythcow
1241 1396 1467 1446 limitum.

185 1557 259 1630 In
290 1578 391 1629 Dei
425 1578 626 1628 nomine
662 1596 808 1629 amen
834 1609 844 1619 ·
871 1579 971 1628 Per
1005 1577 1102 1627 hoc
1139 1617 1150 1627 .
1184 1614 1194 1626 .
1226 1615 1236 1626 .
1272 1583 1443 1642 pateat
1487 1615 1497 1625 .
1544 1615 1554 1626 .
1602 1616 1611 1626 .
1657 1579 1789 1642 quod
1825 1595 1956 1627 anno
1993 1579 2054 1628 ab
2090 1579 2251 1629 incar-

186 1672 398 1722 nacione
434 1672 651 1722 eiusdem
695 1671 953 1721 millefimo
998 1669 1486 1736 quadringentesimo
1529 1670 1828 1736 sexagesimo
1869 1671 2031 1736 primo
2073 1672 2250 1721 menfis

185 1781 304 1814 vero
337 1763 373 1813 J
375 1764 570 1812 anuarii
606 1763 687 1812 die
722 1762 983 1812 vndecima
1006 1789 1016 1799 ·
1042 1761 1312 1812 indictione
1349 1763 1544 1812 decima
1569 1792 1579 1803 ·
1606 1764 1924 1829 pontificatus
1950 1804 1959 1814 .
1987 1804 1996 1813 .
2023 1803 2033 1814 .
2060 1764 2139 1813 Pii
2167 1802 2176 1812 .
2205 1804 2213 1812 .
2239 1804 2250 1813 .

185 1874 312 1922 pape
334 1856 535 1906 secundi
558 1873 689 1904 anno
715 1865 892 1920 quarto
916 1884 926 1894 ·
954 1855 1006 1904 in
1042 1893 1053 1903 .
1100 1892 1111 1903 .
1157 1892 1168 1904 .
1210 1855 1448 1904 Malcomi
1486 1894 1496 1904 .
1537 1894 1547 1905 .
1589 1894 1600 1905 .
1640 1857 1831 1906 abbatis
1860 1895 1871 1906 .
1900 1894 1911 1905 .
1941 1895 1951 1907 .
1980 1858 2041 1906 de
2068 1857 2252 1908 Abbir-

184 1950 395 2000 brothoc
418 1950 615 2013 meique
655 1986 666 1997 .
709 1986 720 1997 .
764 1986 775 1997 .
812 1947 1068 2014 presencia
1092 1987 1102 1998 .
1130 1987 1140 1997 .
1167 1988 1176 1998 .
1203 1948 1460 1998 Walterus
1486 1949 1782 1999 Hamiltoun
1820 1958 1868 2000 et
1895 1950 2147 2000 Henricus
2173 1952 2255 2001 Ka

185 2044 360 2093 balliui
383 2043 531 2108 burgi
557 2043 618 2091 de
639 2042 911 2106 Linlithqw
937 2042 1187 2106 quoddam
1209 2042 1402 2090 rentale
1425 2042 1544 2092 (11611
1570 2043 1716 2108 burgi
1741 2044 1805 2092 ad
1830 2043 2030 2092 modum
2055 2044 2253 2110 registri

186 2137 239 2185 in
276 2152 579 2201 pergameno
616 2133 950 2198 conscriptum
990 2140 1039 2182 61
1075 2132 1161 2182 sub
1197 2132 1355 2198 figillo
1389 2135 1640 2183 communi
1666 2135 1785 2184 (11ἃί
1817 2136 1962 2202 burgi
1989 2135 2253 2202 figillatum

186 2227 309 2276 mihi
348 2265 358 2276 .
397 2263 408 2277 .
447 2265 457 2276 .
491 2226 809 2276 tradiderunt
843 2224 1205 2290 perlegendum
1230 2253 1240 2264 ·
1262 2226 1316 2274 in
1341 2227 1646 2292 quoquidem
1683 2227 1862 2277 rentali
1893 2228 2084 2277 diuerse
2120 2237 2253 2278 terre

187 2328 238 2370 et
259 2327 545 2370 tenementa
567 2319 954 2368 continebantur
975 2335 1072 2382 que
1097 2319 1159 2367 de
1185 2318 1307 2367 viris
1334 2319 1573 2385 religiofis
1596 2327 1644 2369 et
1666 2320 1976 2369 monasteriis
1998 2328 2099 2369 tam
2123 2321 2256 2370 infra

188 2430 398 2479 regnum
423 2429 571 2476 quam
598 2411 717 2461 alibi
741 2411 795 2459 111
820 2410 982 2475 capite
1008 2412 1308 2459 tenebantur
1333 2440 1343 2451 ·
1371 2420 1420 2461 et
1445 2412 1577 2461 inter
1597 2420 1764 2462 cetera
1783 2420 1995 2477 quatuor
2014 2413 2255 2478 perticate

190 2513 323 2554 terre
349 2505 582 2568 contigue
607 2505 895 2554 adiacentes
920 2521 980 2552 ex
1005 2511 1147 2569 parte
1170 2504 1372 2553 australi
1395 2504 1513 2554 Vici
1540 2505 1687 2570 Regii
1713 2505 1830 2554 (11611
1856 2506 2002 2571 burgi
2029 2507 2254 2555 ducentis

192 2599 253 2647 de
277 2598 385 2646 foro
411 2598 629 2647 eiusdem
654 2596 821 2646 versus
847 2597 1091 2645 orientem
1117 2596 1249 2646 inter
1273 2605 1459 2646 terram
1485 2599 1735 2663 quondam
1761 2598 1814 2646 N
1817 2599 2044 2647 ormanni
2071 2598 2256 2664 Yhung

193 2708 254 2738 ex
292 2699 434 2756 parte
473 2690 706 2740 orientali
750 2727 760 2738 .
813 2727 824 2738 .
878 2727 888 2738 .
933 2697 983 2738 et
1024 2696 1209 2738 terram
1252 2691 1504 2755 quondam
1541 2690 1706 2739 Marci
1745 2691 1971 2741 Wallace
2014 2709 2074 2740 ex
2115 2700 2255 2756 parte

197 2783 494 2833 occidentali
520 2822 530 2832 .
559 2823 567 2833 .
595 2823 604 2833 .
630 2790 828 2848 reperte
865 2783 1064 2831 fuerant
1099 2783 1388 2832 notabiliter
1417 2783 1693 2847 conscripte
1730 2801 1826 2847 qne
1862 2784 1924 2832 de
1959 2784 2256 2833 monasterio

197 2876 259 2924 de
284 2875 623 2925 Abirbrothoc
665 2876 718 2924 in
762 2875 925 2940 capite
951 2876 1251 2924 tenebantur
1275 2906 1286 2916 ·
1315 2885 1364 2926 61
1389 2878 1546 2926 eciam
1585 2876 1681 2925 alie
1716 2877 1812 2925 due
1837 2877 2079 2942 perticate
2102 2895 2257 2942 prope

198 2967 516 3016 medietatem
553 2966 672 3014 dicti
706 2966 854 3031 burgi
891 2984 952 3015 ex
990 2974 1132 3031 parte
1170 2968 1373 3018 australi
1407 2969 1524 3017 (11611
1549 2968 1668 3018 Vici
1694 2968 1842 3033 Regii
1878 2970 2096 3019 iacentes
2128 2970 2259 3018 inter

200 3066 385 3108 terram
410 3058 604 3107 Thome
633 3056 809 3123 Smyth
835 3075 895 3106 ex
918 3066 1061 3122 parte
1087 3059 1319 3109 orientali
1355 3099 1365 3109 .
1408 3097 1418 3108 .
1463 3098 1472 3108 .
1511 3066 1560 3108 et
1584 3067 1768 3108 terram
1793 3059 2000 3108 Patricii
2026 3060 2173 3126 Buny
2199 3079 2257 3108 ex

204 3157 346 3213 parte
372 3149 669 3199 occidentali
713 3189 722 3198 .
771 3186 780 3197 .
827 3188 837 3198 .
878 3166 973 3212 que
998 3158 1118 3199 tunc
1153 3151 1469 3215 pertinebant
1504 3150 1633 3198 disto
1659 3150 1878 3198 Patricio
1904 3150 2050 3216 Buny
2075 3153 2124 3200 in
2152 3169 2258 3216 pre-
