2762 3834
0 761 1 768 Ν
37 801 126 855 427

74 2559 132 2604 28

566 444 569 446 v
632 379 1066 438 REGISTRUM
1100 384 1198 438 DE
1233 382 1785 442 ABERBROTHOC.
2118 394 2208 444 341

182 591 456 663 Panbride
480 619 531 660 et
555 610 887 676 Balmalquhy
909 611 961 659 in
985 613 1189 662 decimis
1213 613 1489 664 affedantur
1513 616 1799 665 Alexandro
1822 615 1988 681 Boyis.

183 837 192 846 .
235 835 246 846 .
290 836 300 845 .
342 796 518 846 Pateat
561 833 572 844 .
621 833 631 844 .
681 833 692 843 .
740 812 829 843 nos
855 795 1025 844 Dauid
1066 835 1076 845 .
1120 835 1131 845 .
1177 835 1188 846 .
1228 800 1453 849 abbatem
1497 839 1508 849 .
1552 838 1562 848 .
1604 839 1614 848 .
1656 802 1717 850 de
1742 800 2077 850 Abirbrothoc
2112 839 2121 849 .
2162 840 2171 848 .
2207 839 2216 847 .

185 889 410 938 affedass'e
448 926 459 937 .
491 927 501 937 .
539 926 549 936 .
583 888 871 937 Alexandro
897 888 1031 954 Boys
1055 890 1116 937 de
1139 889 1387 939 Panbrid·
1407 891 1618 940 Katrine
1642 892 1776 942 Guld
1799 893 1966 957 sponse
1989 892 2071 941 sue
2108 931 2118 940 .
2157 932 2166 940 .
2206 930 2217 939 .

184 989 234 1030 et
269 998 441 1029 eorum
479 979 727 1045 affignatis
763 981 1028 1029 dummodo
1064 997 1153 1045 per
1186 997 1276 1029 nos
1308 983 1627 1032 admittantur
1658 992 1707 1033 et
1737 985 1869 1047 quod
1902 1000 2001 1031 non
2036 983 2219 1032 fuerint

183 1074 383 1122 maioris
437 1110 448 1121 .
506 1110 516 1121 .
577 1110 588 1121 .
645 1072 796 1122 status
837 1089 982 1137 quam
1026 1073 1144 1121 dieti
1195 1112 1206 1123 .
1259 1112 1270 1122 .
1321 1112 1332 1122 .
1382 1075 1559 1139 garbas
1594 1075 1855 1124 decimales
1893 1075 2118 1123 villarum
2158 1076 2218 1123 de

184 1165 405 1215 Panbrid
430 1172 479 1213 et
504 1164 836 1230 Balmalquhy
875 1203 885 1213 .
931 1202 943 1213 .
983 1203 994 1213 .
1033 1182 1124 1230 pro
1155 1165 1377 1215 terminis
1401 1166 1638 1215 tredecim
1663 1182 1902 1215 annorum
1925 1166 2032 1231 post
2055 1167 2218 1214 datam

182 1257 492 1322 presencium
537 1294 548 1304 .
587 1293 598 1304 .
639 1294 649 1304 .
687 1256 900 1306 termino
937 1273 1055 1305 vero
1089 1257 1320 1306 introitus
1363 1295 1373 1306 .
1419 1296 1428 1306 .
1475 1295 1485 1306 .
1527 1257 1794 1322 incipiente
1823 1258 1876 1306 in
1905 1258 2025 1306 festo
2053 1256 2218 1307 Sancti

183 1350 320 1399 Petri
345 1351 479 1415 quod
502 1350 685 1398 dicitur
710 1350 977 1398 aduincula
1001 1350 1165 1398 datam
1188 1350 1495 1414 presencium
1526 1349 1805 1399 immediate
1839 1351 2070 1414 sequente
2108 1387 2120 1398 .
2158 1387 2168 1396 .
2209 1387 2218 1396 .

189 1443 440 1493 Soluendo
479 1481 489 1491 .
531 1482 540 1492 .
582 1481 593 1491 .
629 1458 722 1507 pro
748 1443 952 1492 decimis
991 1481 1001 1491 .
1043 1481 1054 1492 .
1089 1483 1097 1491 .
1136 1443 1197 1491 de
1222 1442 1442 1491 Panbrid
1464 1443 1644 1507 septem
1666 1442 1822 1491 bollas
1845 1442 2078 1491 frumenti
2101 1442 2220 1490 duas

188 1536 378 1584 celdras
405 1542 454 1583 et
477 1535 584 1583 iiii⁰¹
606 1535 764 1583 bollas
790 1536 927 1583 ordei
955 1542 1004 1583 et
1030 1544 1130 1584 tres
1153 1534 1344 1583 celdras
1377 1534 1562 1583 farrine
1602 1563 1612 1572 ·
1655 1541 1703 1582 et
1736 1550 1828 1598 pro
1864 1533 2064 1582 decimis
2106 1573 2114 1581 .
2158 1574 2166 1581 .
2210 1572 2219 1579 .

188 1628 248 1676 de
268 1627 597 1693 Balmalquhy
621 1630 728 1675 0800
752 1627 910 1676 bollas
931 1627 1067 1675 ordei
1090 1638 1139 1676 et
1160 1644 1305 1675 vnam
1331 1627 1546 1675 celdram
1571 1626 1756 1674 farrine
1779 1626 1895 1674 boni
1919 1627 2030 1689 puri
2053 1625 2223 1672 mundi

185 1728 234 1769 et
258 1719 372 1768 ficei
398 1720 680 1768 victualium
708 1736 820 1767 cum
843 1719 1072 1767 mensura
1095 1719 1191 1767 fori
1215 1718 1458 1768 currentis
1480 1719 1543 1767 ad
1566 1718 1800 1766 terminos
1843 1756 1851 1764 .
1894 1754 1903 1764 .
1945 1756 1953 1764 .
1997 1716 2225 1763 vietualia

185 1813 404 1872 soluendi
441 1853 450 1861 .
485 1853 494 1861 .
529 1853 537 1861 .
576 1812 642 1860 Et
666 1811 701 1859 fi
727 1812 843 1861 dieti
883 1849 894 1860 .
933 1850 944 1860 .
981 1850 990 1860 .
1030 1811 1215 1860 fuerint
1252 1849 1263 1859 .
1297 1849 1308 1859 .
1346 1848 1356 1859 .
1390 1810 1518 1858 male
1541 1808 1873 1874 persoluentes
1895 1807 2063 1856 licebit
2086 1808 2225 1855 nobis

188 1942 199 1953 .
241 1943 253 1954 .
296 1944 306 1954 .
344 1907 405 1953 de
449 1943 460 1953 .
505 1943 516 1953 .
563 1943 573 1952 .
619 1904 822 1953 decimis
848 1904 1106 1969 disponere
1132 1904 1195 1952 ad
1237 1943 1245 1951 .
1291 1941 1302 1950 .
1349 1940 1359 1950 .
1398 1901 1592 1950 libitum
1630 1940 1638 1949 .
1675 1939 1685 1948 .
1723 1938 1732 1948 .
1770 1899 1922 1963 Apud
1958 1936 1967 1944 .
2006 1936 2016 1945 .
2054 1938 2062 1945 .
2100 1899 2226 1961 capi-

187 1997 345 2046 tulum
371 1997 634 2046 vndecimo
667 1997 747 2045 die
778 1996 956 2045 menfis
993 1995 1118 2045 Maii
1154 2010 1284 2044 anno
1320 1992 1526 2043 Domini
1556 1991 1808 2041 millefimo
1845 1989 2226 2055 quingentesimo

186 2090 415 2138 secundo.

188 2340 433 2421 Ecclefia
457 2371 518 2418 de
544 2366 995 2432 Banquhoryterne
1019 2364 1070 2411 in
1097 2360 1299 2411 decimis
1324 2358 1563 2407 affedatur
1587 2355 1875 2405 Alexandro
1900 2353 2100 2402 Burnat.

192 2590 201 2601 .
240 2591 250 2602 .
289 2592 299 2602 .
335 2553 512 2601 Pateat
549 2590 557 2599 .
598 2589 607 2598 .
646 2589 656 2598 .
688 2563 783 2597 'nos
807 2547 978 2598 David
1028 2584 1038 2594 .
1083 2585 1093 2595 .
1140 2583 1152 2595 .
1197 2543 1420 2593 abbatem
1469 2579 1479 2588 .
1529 2579 1537 2587 .
1587 2578 1596 2586 .
1646 2539 1706 2586 de
1731 2534 2062 2585 Abirbrothoc
2107 2572 2115 2579 .
2162 2573 2169 2579 .
2216 2573 2223 2579 .

191 2644 415 2693 affedass'e
466 2682 476 2691 .
524 2681 535 2691 .
579 2682 588 2691 .
638 2640 929 2690 Alexandro
965 2632 1158 2687 Burnat
1195 2635 1256 2684 de
1293 2633 1442 2700 Leyis
1480 2640 1528 2681 et
1565 2630 1778 2679 eiusdem
1816 2626 2060 2692 affignatis
2103 2664 2114 2672 .
2158 2663 2167 2672 .
2213 2663 2223 2672 .

189 2736 454 2784 dummodo
478 2750 568 2799 per
591 2750 682 2781 nos
706 2731 1031 2780 admittantur
1056 2737 1105 2778 et
1130 2728 1263 2792 quod
1285 2742 1386 2774 non
1410 2723 1501 2773 fint
1526 2721 1724 2784 maioris
1743 2720 1893 2769 status
1933 2757 1944 2767 .
1983 2757 1994 2766 .
2033 2756 2044 2765 .
2084 2734 2226 2781 quam

148 2857 156 2864 -
188 2827 289 2890 ipse
334 2864 345 2874 .
390 2864 400 2874 .
447 2863 457 2873 .
498 2826 678 2891 garbas
702 2822 966 2872 decimales
998 2819 1199 2869 ecclefie
1234 2816 1398 2866 nostre
1423 2817 1484 2864 de
1507 2812 1950 2878 Banquhoryterne
1993 2848 2003 2857 .
2041 2848 2050 2857 .
2089 2847 2098 2856 .
2138 2826 2225 2872 pro

189 2919 412 2966 terminis
436 2917 765 2966 nouendecim
792 2929 1033 2964 annorum
1069 2910 1179 2976 post
1202 2911 1366 2959 datam
1393 2906 1697 2972 presencium
1736 2944 1745 2953 .
1782 2944 1791 2952 .
1832 2943 1840 2951 .
1878 2901 2085 2951 termino
2113 2916 2224 2947 vero

192 3009 421 3058 introitus
457 3049 466 3058 .
506 3048 516 3058 .
558 3048 567 3057 .
603 3008 874 3072 incipiente
898 3006 950 3053 in
976 3004 1097 3052 festo
1125 3001 1290 3052 Sancti
1315 3000 1452 3049 Petri
1494 3039 1503 3047 .
1546 3038 1555 3046 .
1599 3037 1607 3045 .
1651 2994 1912 3044 aduincula
1934 2991 2037 3056 post
2064 2992 2224 3038 datam

190 3101 495 3163 presencium
530 3100 813 3148 immediate
849 3097 1079 3160 sequente
1119 3130 1131 3141 .
1173 3131 1184 3141 .
1226 3131 1237 3141 .
1281 3092 1527 3142 Soluendo
1568 3127 1579 3136 .
1622 3126 1632 3135 .
1674 3124 1685 3134 .
1722 3086 1852 3134 infra
1885 3082 2222 3131 monasterium

195 3222 206 3238 ι
252 3229 262 3239 .
308 3230 318 3239 .
363 3192 612 3257 octoginta
657 3206 848 3239 marcas
894 3223 903 3234 .
949 3225 959 3235 .
1009 3215 1019 3233 .-
1061 3192 1257 3232 monete
1300 3223 1308 3231 .
1354 3220 1364 3230 .
1410 3219 1420 3229 .
1467 3180 1636 3230 Scocie
1683 3179 1744 3226 ad
1791 3217 1799 3224 .
1840 3216 1848 3222 .
1898 3215 1905 3221 .
1954 3173 2115 3220 festa.
2159 3210 2168 3217 .
