2762 3834
637 380 1061 431 REGISTRUM
1095 380 1193 430 DE
1233 378 1786 431 ABERBROTHOC.
2143 385 2237 437 195

195 511 247 561 N
247 510 492 576 ycholayo
536 510 741 560 Hornar
779 513 964 561 balliuo
1012 552 1023 562 .
1073 552 1084 562 .
1133 553 1142 562 .
1192 514 1252 562 de
1300 513 1650 562 Aberbrothoc
1695 530 1786 577 per
1830 550 1841 561 .
1888 551 1898 562 .
1942 550 1952 561 .
1993 512 2028 562 J
2031 515 2236 562 aeobum

197 585 391 652 Guthre
414 629 425 640 ·
452 602 696 650 Thomam
725 602 889 653 Smart
914 631 924 641 ·
950 604 1195 654 Thomam
1221 605 1425 653 Hornar
1450 633 1460 643 ·
1488 603 1732 653 Thomam
1760 604 1888 671 Tiry
1914 634 1924 644 -
1956 604 1991 653 J
1994 605 2239 653 ohannem

194 693 412 742 Ferrour
437 721 447 732 ·
474 693 642 741 Dauid
668 692 823 742 Clark
848 721 858 730 -
883 694 1125 743 Karolum
1150 695 1331 744 Brown
1356 724 1367 734 ·
1393 695 1429 743 J
1432 695 1677 744 ohannem
1702 694 1899 761 Cumyn
1923 722 1935 734 ·
1957 695 1993 744 J
1996 695 2238 744 ohannem

198 785 361 833 Grant
383 811 394 822 ·
419 784 693 832 Robertum
721 783 839 832 Scot
864 811 875 821 ·
897 784 1231 833 Dunchanum
1253 785 1454 835 Buohan
1481 816 1492 826 ·
1519 787 1861 835 Alexandrum
1882 787 2204 853 Nyoholsoun
2229 814 2237 824 ·

194 876 467 924 Patricium
491 875 698 924 Panitar
742 903 753 914 ·
791 874 1099 923 Willelmum
1123 876 1379 924 Dauisoun
1422 906 1432 916 ·
1469 878 1524 926 'et
1548 878 1892 926 Alexandrum
1928 878 2042 927 Mar
2084 907 2094 917 ·
2140 878 2240 936 Qui

193 969 342 1017 iurati
380 969 553 1017 dicunt
591 968 725 1032 quod
765 965 1012 1015 Katerina
1049 984 1173 1015 uxor
1209 970 1458 1031 quondam
1493 970 1706 1019 Walteri
1750 971 1945 1020 Gardin
1987 988 2045 1019 ac
2085 978 2242 1019 mater

198 1060 391 1109 Helene
437 1060 648 1124 Gardyn
688 1057 878 1107 latricis
915 1056 1222 1121 presencium
1256 1060 1377 1109 obiit
1401 1061 1572 1110 vltimo
1599 1062 1775 1111 vestita
1812 1071 1861 1111 et
1898 1062 2076 1111 saiffita
2118 1101 2128 1110 .
2174 1101 2184 1110 .
2230 1101 2241 1110 .

196 1153 256 1201 de
281 1169 380 1200 vna
401 1151 545 1215 pecia
568 1158 701 1200 terre
725 1150 920 1197 iacente
940 1148 997 1211 uin
1022 1149 1243 1212 prediew
1265 1151 1422 1216 burgo
1444 1152 1494 1199 in
1517 1152 1670 1218 [vico]
1691 1154 1774 1217 qui
1794 1162 1999 1202 vocatur
2019 1153 2242 1219 Mylgate

195 1262 254 1293 ex
278 1252 419 1308 parte
443 1243 622 1292 boriali
646 1242 860 1291 eiusdem
886 1241 983 1289 viei
1008 1241 1138 1289 inter
1162 1248 1344 1290 terram
1372 1242 1576 1292 Andree
1606 1245 1723 1294 Scot
1747 1246 1811 1294 ad
1835 1247 2068 1295 occidens
2113 1285 2123 1294 .
2172 1284 2182 1294 .
2228 1282 2239 1293 .

201 1343 249 1384 et
269 1343 451 1384 terram
471 1334 741 1383 Laurencii
764 1332 934 1398 Segait
953 1334 1017 1382 ad
1036 1334 1201 1381 oriens
1227 1374 1235 1382 .
1263 1373 1272 1381 .
1299 1372 1308 1381 .
1335 1333 1463 1383 Item
1483 1335 1544 1383 de
1564 1353 1661 1384 vna
1677 1337 1817 1400 pecia
1834 1344 1965 1386 terre
1983 1338 2175 1386 iacente
2194 1337 2246 1384 in

203 1429 332 1476 dieto
354 1428 514 1492 burgo
538 1427 590 1474 in
614 1427 746 1474 dieto
771 1425 881 1474 vico
907 1433 955 1475 et
980 1443 1041 1474 ex
1065 1426 1236 1474 eadem
1261 1434 1403 1489 parte
1427 1426 1558 1474 inter
1583 1434 1765 1476 terram
1788 1427 2054 1476 Laurencii
2080 1427 2247 1492 Segait

200 1538 257 1570 ex
295 1527 502 1583 vtraque
538 1506 679 1583 parte
705 1547 715 1558 ·
743 1518 870 1567 Item
896 1519 957 1566 de
983 1534 1081 1566 vna
1102 1517 1247 1581 pecia
1280 1525 1413 1565 terre
1447 1517 1643 1565 iacente
1678 1518 1730 1565 in
1767 1518 1819 1582 ly
1842 1518 2247 1583 Aldmareatgate

200 1630 258 1661 ex
277 1619 419 1676 parte
444 1610 646 1659 australi
671 1610 886 1659 eiusdem
911 1610 1043 1658 inter
1062 1616 1246 1658 terram
1268 1609 1509 1657 Willelmi
1528 1609 1784 1658 Dauisoun
1810 1611 1873 1657 ad
1899 1609 2128 1658 occidens
2154 1645 2165 1656 .
2196 1646 2205 1656 .
2236 1645 2246 1656 .

199 1711 247 1753 et
283 1711 468 1752 terram
506 1703 704 1751 domine
743 1702 804 1750 de
845 1701 1041 1750 Gruthre
1078 1702 1141 1749 ad
1177 1701 1342 1749 oriens
1386 1738 1396 1749 .
1444 1739 1453 1748 .
1500 1739 1510 1749 .
1555 1701 1682 1750 Item
1717 1702 1777 1750 de
1814 1718 1911 1750 vna
1947 1700 2089 1764 pecia
2118 1707 2248 1748 terre

198 1796 390 1845 iacente
414 1796 466 1843 in
492 1796 621 1843 dieto
646 1794 756 1842 vico
782 1811 843 1842 ex
866 1800 1009 1858 parte
1035 1794 1217 1842 eadem·
1242 1810 1397 1858 prope
1423 1795 1469 1842 le
1496 1793 1696 1858 Tansay
1722 1793 1866 1841 Bank
1902 1793 2033 1840 inter
2069 1799 2250 1840 terram

199 1888 436 1936 heredum
460 1887 710 1952 quondam
733 1885 769 1934 J
771 1885 980 1934 ohannis
1007 1884 1124 1933 Scot
1160 1925 1168 1933 .
1207 1925 1215 1933 .
1255 1925 1263 1934 .
1303 1893 1352 1934 et
1377 1893 1563 1934 terram
1591 1885 1746 1934 Beate
1771 1884 1934 1933 Marie
1960 1883 2165 1948 virginis
2190 1884 2252 1931 ad

202 1980 418 2028 austrum
461 2019 470 2028 .
508 2019 517 2028 .
556 2018 564 2027 .
610 1978 734 2027 Item
771 1978 833 2026 de
870 1994 968 2025 vna
1004 1977 1148 2041 pecia
1188 1985 1321 2026 terre
1362 1979 1557 2026 iacente
1595 1995 1751 2042 prope
1786 1978 1833 2025 le
1871 1976 2156 2025 Pundirlaw
2194 1993 2253 2023 ex

202 2080 342 2136 parte
378 2070 580 2119 australi
616 2069 832 2118 eiusdem
867 2069 999 2117 inter
1035 2077 1219 2118 terram
1257 2070 1410 2119 Beate
1437 2070 1599 2119 Marie
1635 2072 1699 2119 ad
1734 2070 1950 2118 austrum
1987 2077 2036 2118 et
2071 2069 2252 2117 difimm

204 2162 486 2211 Pondirlaw
522 2162 586 2210 ad
621 2162 822 2210 boream
861 2189 871 2201 ·
911 2160 1039 2210 Item
1076 2162 1137 2210 de
1174 2178 1272 2210 vna
1305 2163 1449 2226 pecia
1484 2171 1617 2211 terre
1653 2164 1846 2211 iacente
1868 2180 2022 2227 prope
2057 2178 2253 2210 crucem

206 2255 454 2320 wlgariter
478 2261 704 2302 vocatam
729 2252 1047 2318 Maldgraym
1079 2253 1210 2301 inter
1245 2262 1427 2303 terram
1460 2256 1698 2304 heredum
1737 2257 1983 2319 quondam
2008 2255 2043 2303 J
2046 2255 2253 2302 ohannis

210 2347 324 2396 Scot
349 2348 413 2395 ad
436 2346 602 2395 oriens
639 2353 688 2394 et
722 2352 907 2394 terram
930 2345 1180 2394 heredum
1218 2348 1467 2409 quondam
1506 2348 1698 2395 Thome
1734 2346 1897 2394 Pillan
1936 2347 2156 2411 partibus
2192 2347 2254 2394 ab

208 2439 423 2504 vtrisque
450 2468 460 2478 ·
487 2438 614 2487 Item
651 2438 712 2486 de
749 2438 830 2486 sex
865 2437 1031 2484 solidis
1056 2445 1105 2485 et
1130 2440 1236 2486 οᾶο
1261 2439 1477 2486 denariis
1502 2439 1563 2487 de
1587 2446 1868 2487 tenemento
1912 2478 1920 2486 .
1960 2475 1971 2486 .
2012 2478 2020 2486 .
2065 2438 2253 2486 abbatis

210 2568 222 2579 .
257 2571 266 2579 .
302 2568 313 2578 .
346 2531 406 2578 de
433 2529 769 2578 Abirbrothoc
791 2528 986 2576 iacente
1010 2527 1062 2575 in
1087 2528 1331 2593 sepedi8co
1356 2529 1514 2592 burgo
1539 2529 1590 2576 in
1617 2529 1725 2576 vieo
1750 2529 1834 2592 qui
1860 2536 2064 2577 vocatur
2087 2527 2254 2593 Segait

213 2640 272 2671 ex
310 2631 452 2687 parte
491 2621 693 2670 australi
731 2621 947 2669 eiusdem
983 2620 1115 2669 inter
1147 2629 1330 2669 terram
1369 2621 1575 2669 Patricii
1613 2621 1817 2670 Paniter
1850 2622 1913 2670 ad
1942 2621 2171 2669 occidens
2206 2628 2254 2668 et

215 2730 520 2762 communem
563 2713 802 2761 venellam
843 2730 938 2776 que
974 2713 1112 2762 ducit
1147 2714 1210 2761 ad
1244 2719 1442 2777 portum
1478 2713 1542 2760 ad
1577 2713 1740 2761 oriens
1779 2751 1789 2761 .
1831 2752 1840 2761 .
1884 2739 1893 2760 .-
1937 2712 2063 2760 Item
2089 2713 2149 2760 de
2173 2714 2254 2759 sex

215 2805 379 2853 solidis
403 2804 556 2853 annui
579 2804 804 2869 redditus
829 2804 890 2852 de
915 2810 1199 2852 tenemento
1232 2805 1480 2868 quondam
1507 2804 1719 2869 Agnetis
1746 2803 1945 2869 Telyng
1976 2805 2167 2852 iacente
2204 2804 2255 2850 in

217 2896 326 2945 vico
352 2897 436 2960 qui
460 2903 666 2944 vocatur
689 2895 736 2943 le
765 2895 968 2960 Copgat
985 2913 1044 2944 ex
1067 2903 1209 2959 parte
1235 2896 1464 2944 orientali
1483 2895 1697 2944 eiusdem
1716 2896 1847 2944 inter
1861 2903 2045 2944 terram
2063 2895 2253 2942 Thome

220 2986 335 3036 Scot
359 2988 423 3036 ad
444 2988 634 3036 boriam
677 3026 686 3035 .
726 3024 736 3034 .
777 3026 787 3035 .
829 2995 878 3035 et
914 3004 1223 3035 communem
1259 2987 1501 3035 venellam
1526 2988 1588 3035 ad
1612 2987 1827 3035 austrum
1874 3025 1883 3035 .
1926 3025 1936 3035 .
1980 3024 1990 3034 .
2034 2986 2157 3033 Item
2194 2987 2255 3032 (16

220 3079 372 3127 tribus
395 3078 560 3126 solidis
586 3078 737 3126 annui
762 3078 985 3125 redditus
1019 3079 1080 3126 de
1114 3086 1396 3127 tenemento
1421 3078 1660 3127 Willelmi
1695 3078 1952 3143 Douglace
1983 3079 2173 3126 iacente
2203 3078 2253 3123 in

220 3169 350 3218 dieto
384 3171 494 3218 vieo
528 3178 576 3218 et
609 3186 669 3216 ex
708 3169 878 3217 eadem
911 3176 1053 3232 parte
1086 3170 1216 3218 inter
1252 3179 1434 3218 terram
1471 3170 1675 3217 Roberti
1703 3169 1923 3218 Vatsoun
1961 3170 2022 3217 ad
2057 3170 2251 3216 boream
