2762 3834
634 404 1068 457 REGISTRUM
1102 403 1201 455 DE
1238 403 1804 457 ABERBROTHOC.
2188 411 2251 456 23

177 540 402 590 obstante
451 541 766 591 ordinatione
815 542 914 591 fiue
960 541 1215 591 taxatione
1261 541 1392 590 bone
1438 541 1679 591 memorie
1719 542 2034 591 dominorum
2080 541 2251 591 Dauid

175 642 326 700 atque
350 633 578 684 Wilelmi
611 635 1012 701 predecessorum
1046 635 1331 684 nostrorum
1366 651 1426 682 60
1458 633 1630 683 nostra
1660 634 1806 699 super
1830 633 2032 683 vicariis
2057 634 2250 684 6001611-

174 744 316 777 arum
342 727 463 778 dicti
497 728 786 777 monasterii
831 766 842 777 .
890 766 900 777 .
947 765 959 777 .
1002 728 1074 777 ita
1109 727 1244 792 quod
1268 726 1387 775 diai
1417 727 1568 776 abbas
1601 734 1651 776 et
1681 726 2095 777 111011601111118106
2132 764 2145 776 .
2185 766 2195 776 .

173 821 359 869 11661116
394 858 405 869 .
436 858 448 870 .
479 858 491 869 .
516 821 580 869 ad
605 838 728 886 opus
752 821 1032 887 predi&um
1057 820 1154 869 suis
1176 821 1396 886 propriis
1422 822 1582 871 vfibus
1609 859 1620 870 .
1650 859 1662 870 .
1691 859 1703 871 .
1730 821 1931 871 valeant
1955 822 2210 888 applicare
2234 854 2245 864 -

173 911 540 978 Respondendo
566 914 628 963 de
654 914 888 963 oneribus
921 913 1191 962 ordinariis
1229 921 1279 962 et
1317 915 1729 964 extraordinariis
1754 915 1884 964 diae
1919 915 2247 965 incumbenti-

171 1005 262 1054 bus
305 1006 492 1055 vicarie
536 1013 585 1054 et
625 1006 857 1055 faciendo
894 1006 1135 1056 deseruiri
1177 1007 1306 1056 diae
1349 1006 1553 1057 ecclefie
1595 1015 1646 1056 et
1687 1008 2006 1073 parochianis
2047 1009 2154 1059 eius
2193 1010 2246 1058 in

171 1098 354 1148 diuinis
380 1116 471 1164 per
495 1086 734 1148 idoneum
770 1106 1067 1164 perpetuum
1099 1099 1415 1164 capellanum
1455 1137 1470 1150 .
1515 1138 1528 1149 .
1573 1138 1585 1149 .
1625 1101 1707 1150 cui
1739 1102 2071 1166 presentando
2101 1103 2244 1152 nobis

170 1209 260 1256 per
297 1192 550 1257 predifflms
590 1192 821 1240 abbatem
856 1200 906 1241 et
948 1192 1218 1241 monachos
1260 1210 1318 1242 ac
1360 1193 1412 1242 in
1455 1194 1629 1242 eadem
1671 1192 1878 1244 ecclefia
1915 1201 1966 1243 et
2004 1195 2244 1259 parochia

170 1292 224 1333 ut
260 1284 569 1349 premittitur
606 1284 853 1333 seruituro
892 1285 1067 1334 decem
1097 1301 1292 1335 marcas
1330 1286 1679 1351 sterlingorum
1726 1324 1738 1335 .
1785 1323 1796 1336 .
1841 1325 1852 1336 .
1895 1304 1987 1352 pro
2021 1304 2244 1354 congrua

170 1376 259 1426 fibi
305 1376 661 1426 sustentatione
709 1377 1062 1442 affignauimus
1110 1378 1368 1426 annuatim
1415 1378 1763 1443 percipiendas
1813 1379 1867 1427 in
1919 1380 2135 1444 pecunia
2181 1382 2242 1430 de

169 1469 397 1526 manibus
434 1469 710 1518 eorundem
749 1477 799 1518 et
837 1469 1061 1519 mansum
1102 1469 1389 1520 immediate
1429 1471 1744 1520 coniunfflmm
1785 1472 2029 1521 cimiterio
2059 1473 2111 1521 in
2144 1490 2241 1538 quo

168 1563 338 1612 sedere
386 1562 574 1612 solebat
614 1562 831 1611 vicarius
874 1580 987 1612 cum
1035 1570 1145 1613 orto
1194 1563 1428 1629 contigue
1477 1563 1736 1613 adiacente
1783 1593 1794 1604 ·
1843 1564 2049 1630 reliquis
2095 1567 2242 1615 terris

167 1655 396 1705 domibus
436 1664 487 1706 et
530 1655 738 1705 officinis
786 1656 980 1721 prefate
1024 1656 1211 1705 vicarie
1244 1656 1388 1705 (116116
1430 1656 1597 1706 abbati
1635 1663 1686 1706 et
1725 1657 1982 1706 monachis
2021 1658 2086 1706 ad
2121 1674 2241 1723 opus

166 1749 444 1814 predffium
486 1749 683 1814 integre
719 1749 1022 1798 remansuris
1071 1779 1082 1789 ·
1133 1766 1233 1814 qua
1273 1748 1599 1815 affignatione
1640 1749 1810 1798 nostra
1847 1749 2073 1798 volumus
2110 1752 2243 1815 quod

168 1844 326 1892 (1181116
351 1843 640 1909 capellanus
678 1846 950 1908 perpetuus
985 1851 1156 1894 teneat
1192 1843 1239 1891 se
1264 1849 1556 1891 contentum
1590 1858 1684 1907 pro
1720 1859 1778 1892 eo
1812 1843 1946 1907 quod
1979 1842 2106 1892 nulli
2136 1843 2241 1891 sub-

168 1937 351 1986 iacebit
390 1936 532 1986 oneri
573 1936 666 1985 nifi
706 1937 1052 1986 tantummodo
1094 1934 1299 1986 ecclesie
1342 1941 1391 1983 et
1427 1934 1847 1999 parochianorum
1886 1935 2096 1985 seruicio
2133 1953 2240 2000 pre-

167 2029 322 2079 libato
359 2059 370 2070 ·
409 2029 471 2078 In
496 2046 709 2094 quorum
735 2030 957 2078 omnium
982 2028 1317 2079 testimonium
1344 2027 1555 2093 figillum
1580 2028 1802 2077 nostrum
1827 2045 1926 2077 vna
1950 2045 2062 2077 cum
2087 2027 2240 2093 figillo

168 2123 324 2172 nostri
340 2122 547 2188 capituli
575 2160 586 2171 .
616 2160 627 2171 .
656 2160 668 2171 .
692 2122 1002 2188 presentibus
1018 2121 1199 2171 litteris
1215 2122 1288 2171 est
1303 2123 1571 2187 appensum
1594 2148 1605 2159 ·
1626 2121 1817 2172 Datum
1832 2122 1967 2187 apud
1986 2120 2240 2171 86ηᾶοω-

168 2216 407 2265 andream
442 2215 706 2265 vndecimo
738 2215 819 2265 die
852 2213 1032 2264 menfis
1071 2213 1199 2264 Maii
1231 2233 1364 2264 anno
1400 2215 1562 2281 gratie
1602 2214 1859 2264 millefimo
1898 2214 2238 2264 trecentefimo

168 2308 594 2375 quinquagesimo.

179 2566 386 2659 [Carta
410 2594 472 2643 de
498 2592 736 2642 custumis
762 2593 825 2642 de
848 2591 1191 2641 Abirbrothoc
1215 2590 1389 2641 Dauid
1412 2588 1585 2656 regis]

168 2756 363 2830 Dauid
405 2777 507 2827 Dei
550 2778 726 2844 gracia
771 2794 861 2827 rex
914 2775 1179 2827 Scotorum
1218 2774 1521 2824 cancellario
1563 2772 1731 2822 nostro
1777 2771 1950 2822 Scocie
1986 2771 2188 2822 salutem
2224 2798 2233 2807 ·

168 2871 470 2921 Mandamus
496 2871 634 2920 vobis
659 2878 710 2920 et
740 2870 1045 2936 precipimus
1070 2868 1304 2934 quatinus
1329 2866 1438 2915 fieri
1461 2865 1656 2916 faciatis
1682 2872 1870 2914 cartam
1894 2864 2113 2913 nostram
2148 2864 2231 2912 sub

169 2981 351 3028 magno
376 2963 535 3029 figillo
559 2962 729 3012 nostro
754 2962 946 3012 (11168116
976 2962 1207 3011 fidelibus
1242 2959 1422 3009 nostris
1459 2959 1625 3009 abbati
1662 2966 1711 3008 et
1743 2958 2011 3007 conuentui
2045 2957 2230 3005 monas-

169 3056 284 3106 terii
310 3057 371 3105 de
397 3055 776 3105 Abbirbrothoc
814 3055 867 3103 in
906 3055 1000 3103 hec
1033 3054 1186 3102 verba
1228 3082 1238 3092 ·
1280 3052 1452 3102 Dauid
1493 3052 1593 3100 Dei
1635 3051 1806 3116 gracia
1842 3067 1928 3098 rex
1971 3048 2226 3099 Scotorum

168 3149 408 3214 episcopis
444 3149 705 3198 abbatibus
739 3147 1003 3196 comitibus
1041 3146 1310 3196 baronibus
1340 3143 1627 3209 justiciariis
1667 3141 2034 3192 vicecomitibus
2071 3155 2225 3188 came·

170 3242 316 3291 rariis
337 3240 644 3291 custumariis
668 3238 929 3305 prepositis
949 3240 1218 3304 burgorum
1247 3247 1296 3287 et
1320 3254 1490 3287 eorum
1510 3236 1707 3286 balliuis
1733 3252 1790 3283 ac
1815 3233 2036 3282 omnibus
2060 3230 2225 3295 probis
