2762 3834
607 399 697 445 134
1047 386 1467 441 REGISTRUM
1503 384 1599 432 DE
1636 381 2190 432 ABERBROTHOC.

604 597 902 670 Commiffio
926 614 1190 679 apostolica
1215 621 1389 660 contra
1412 608 1624 656 uicarios
1647 606 1953 669 subscriptos.

460 785 550 828 153
603 759 744 830 Pius
779 779 1062 842 episcopus.
1101 814 1109 823 .
1147 773 1532 822 ‚archidiacono
1569 778 1616 818 et
1655 767 1902 833 preposito
1938 769 2140 818 ecclesie
2177 769 2341 818 San&
2371 770 2641 820 Saluatoris

605 868 953 919 Sanfflandree
993 883 1050 915 ac
1086 864 1281 914 officiali
1322 859 1640 911 Brechinenfi
1681 860 1884 908 salutem
1923 898 1933 908 .
1978 898 1987 907 .
2026 901 2035 909 .
2070 860 2304 910 Exhibita
2342 899 2352 909 .
2399 898 2409 909 .
2454 899 2464 909 .
2503 863 2643 910 nobis

602 977 758 1024 nuper
791 975 882 1023 pro
918 964 1057 1022 parte
1102 994 1112 1004 .
1164 993 1175 1003 .
1224 995 1232 1003 .
1287 953 1476 1003 abbatis
1511 991 1521 1001 .
1563 991 1573 1001 .
1611 991 1620 1001 .
1677 953 1738 1001 de
1775 951 2112 1001 Abirbrothoc
2146 991 2157 1001 .
2194 991 2205 1001 .
2241 991 2252 1001 .
2289 952 2642 1003 Sanctiaudree

599 1049 802 1099 diocefls
836 1049 1019 1114 peticio
1055 1046 1340 1096 continebat
1375 1046 1508 1110 quod
1546 1083 1556 1093 .
1604 1082 1615 1092 .
1658 1083 1668 1093 .
1707 1044 1960 1094 Walterus
1997 1045 2115 1095 Ydil
2152 1047 2213 1095 de
2241 1046 2337 1095 Tal
2362 1076 2372 1087 ·
2399 1046 2642 1096 Patricius

603 1144 798 1207 Ogilwy
835 1143 896 1190 de
934 1140 1095 1204 Forge
1121 1167 1131 1178 ·
1159 1138 1407 1187 Patricius
1437 1137 1540 1203 Fyf
1570 1138 1631 1186 de
1664 1137 1978 1187 Abirkerdor
2003 1166 2013 1176 ·
2038 1138 2318 1188 Willelmus
2354 1139 2549 1205 Carnys
2583 1141 2643 1188 de

603 1234 842 1283 Glammis
869 1232 1116 1281 -Jacobus
1139 1230 1296 1295 Bridy
1323 1230 1383 1278 de
1409 1228 1713 1277 Ennirkelor
1739 1259 1748 1268 -
1776 1237 1825 1279 et
1850 1230 2098 1279 Robertus
2123 1230 2353 1279 Bredone
2380 1232 2440 1280 de
2461 1231 2643 1280 Abbir-

598 1326 714 1375 ellot
747 1355 757 1364 ·
792 1326 1014 1373 locorum
1049 1321 1435 1387 parrochialium
1476 1319 1791 1369 ecclefiarum
1830 1322 2002 1371 vicarii
2037 1323 2265 1387 perpetui
2306 1351 2316 1361 ·
2353 1340 2410 1371 ac
2446 1323 2643 1387 quidam

599 1419 681 1467 alii
722 1417 891 1466 clerici
930 1425 980 1465 et
1019 1414 1134 1463 laici
1175 1413 1396 1478 predi&e
1436 1429 1494 1461 ac
1533 1411 1891 1461 Abirdonenfis
1934 1420 1982 1462 et
2019 1412 2345 1462 Morauienfis
2381 1414 2643 1463 diocefium

597 1510 827 1574 quosdam
853 1525 1041 1558 annuos
1066 1507 1235 1555 census
1275 1543 1285 1553 .
1326 1543 1336 1553 .
1377 1542 1387 1552 .
1425 1521 1505 1553 res
1530 1512 1580 1552 et
1603 1505 1735 1553 bona
1760 1504 1858 1553 alia
1882 1505 1946 1553 ad
1970 1504 2153 1554 di&um
2179 1505 2528 1554 monasterium
2554 1546 2563 1554 .
2593 1544 2603 1553 .
2634 1544 2643 1553 .

598 1602 870 1666 spectancia
894 1600 1117 1648 detinent
1155 1636 1165 1646 .
1207 1636 1216 1646 .
1258 1635 1268 1646 .
1309 1596 1479 1654 Quare
1503 1613 1594 1661 pro
1619 1604 1760 1660 parte
1786 1596 1977 1645 abbatis
2004 1605 2054 1645 et
2079 1605 2352 1646 conuentus
2377 1599 2646 1646 eorundem

596 1694 736 1741 nobis
761 1693 853 1740 fuit
876 1690 1125 1740 humiliter
1149 1689 1475 1754 supplicatum
1501 1696 1556 1737 ut
1580 1704 1749 1736 omnes
1784 1725 1795 1736 .
1836 1725 1847 1736 .
1888 1725 1899 1735 .
1938 1688 2105 1737 causas
2130 1705 2250 1753 quas
2286 1689 2375 1753 ipfi
2401 1690 2647 1754 premisso-

599 1803 706 1832 rum
733 1783 981 1833 occafione
1007 1790 1180 1831 contra
1221 1821 1229 1830 .
1271 1821 1279 1829 .
1324 1820 1332 1828 .
1373 1780 1590 1845 prefatos
1627 1797 1826 1828 mouere
1862 1780 2129 1829 intendunt
2170 1818 2181 1828 .
2225 1819 2234 1828 .
2282 1819 2293 1829 .
2332 1782 2500 1845 probis
2530 1783 2647 1830 viris

604 1878 655 1924 in
680 1876 899 1940 partibus
937 1874 1034 1923 illis
1073 1873 1379 1922 committere
1418 1889 1476 1919 ac
1515 1871 1636 1920 alias
1672 1872 1742 1919 eis
1779 1871 1922 1937 super
1955 1872 2050 1920 hiis
2087 1911 2096 1920 .
2135 1911 2143 1920 .
2183 1912 2192 1920 .
2229 1873 2494 1937 prouidere
2534 1911 2544 1920 .
2585 1911 2596 1921 .
2635 1911 2645 1920 .

605 1969 922 2033 dignaremur
946 1994 956 2005 ·
983 1966 1088 2014 Nos
1112 1966 1278 2029 itaque
1311 2001 1321 2012 .
1351 2001 1362 2011 .
1391 2000 1402 2012 .
1440 1964 1733 2012 discrecioni
1759 1965 1918 2012 uestre
1957 2001 1968 2011 .
2011 2003 2019 2012 .
2056 2002 2067 2012 .
2107 1966 2393 2013 mandamus
2419 1966 2648 2029 quatinus

608 2077 692 2106 uos
727 2098 734 2105 .
768 2099 776 2106 .
811 2098 819 2106 .
857 2058 1044 2107 uocatis
1082 2095 1092 2106 .
1131 2095 1141 2104 .
1180 2095 1190 2104 .
1226 2055 1457 2121 predictis
1496 2073 1553 2104 ac
1592 2055 1700 2103 aliis
1742 2056 1827 2120 qui
1869 2055 2055 2104 fuerint
2093 2056 2334 2104 euocandi
2373 2094 2382 2103 .
2421 2094 2431 2103 .
2468 2094 2478 2104 .
2517 2058 2648 2120 quod

606 2151 780 2198 iustum
806 2150 955 2199 fuerit
979 2149 1316 2214 appellacione
1346 2156 1537 2197 remota
1571 2149 1850 2198 decernatis
1885 2149 2122 2198 facientes
2157 2150 2290 2213 quod
2326 2151 2647 2199 decreueritis

606 2260 693 2306 per
718 2243 971 2291 censuram
1007 2241 1381 2291 ecclesiasticam
1414 2241 1622 2289 firmiter
1646 2240 1896 2289 obseruari
1922 2268 1932 2278 ·
1958 2240 2154 2305 prouiso
2189 2258 2252 2289 ne
2284 2241 2538 2306 pensiones
2567 2244 2648 2290 seu

608 2335 768 2381 sensus
802 2333 1078 2381 huiusmodi
1113 2341 1288 2381 contra
1325 2331 1668 2381 Lateranenfis
1704 2331 1886 2381 statuta
1921 2331 2107 2380 consilii
2146 2333 2238 2381 sint
2272 2334 2482 2398 impofiti
2523 2372 2533 2382 .
2580 2373 2590 2382 .
2636 2372 2645 2382 .

611 2424 782 2472 Testes
804 2434 966 2473 autem
988 2425 1071 2489 qui
1093 2425 1292 2473 fuerunt
1314 2425 1555 2473 nominati
1576 2424 1610 2471 fi
1631 2424 1677 2472 se
1698 2423 1869 2489 gracia
1888 2424 2001 2472 odio
2024 2424 2103 2472 vel
2125 2424 2299 2473 timore
2322 2425 2649 2476 subtraxerint

614 2515 815 2563 censura
847 2515 986 2563 fimili
1024 2553 1034 2563 .
1074 2553 1083 2563 .
1125 2554 1134 2563 .
1173 2515 1479 2580 compellatis
1514 2515 1716 2565 ueritati
1747 2514 2079 2564 testimonium
2110 2516 2404 2580 perhibere·
2432 2535 2531 2565 non
2568 2520 2647 2566 ob-

615 2604 848 2653 stantibus
892 2642 903 2652 .
949 2643 958 2652 .
1008 2643 1018 2653 .
1060 2605 1303 2655 Bonifacii
1345 2624 1471 2671 pape
1514 2607 1601 2655 viii
1639 2645 1649 2656 .
1694 2646 1704 2656 .
1746 2646 1757 2656 .
1797 2608 1896 2656 illis
1932 2609 2188 2673 presertim
2230 2610 2405 2673 quibus
2447 2620 2649 2659 cauetur

618 2712 677 2742 ne
701 2696 807 2758 quis
830 2702 968 2743 extra
983 2698 1140 2760 suam
1179 2698 1425 2746 ciuitatem
1460 2699 1536 2746 vel
1573 2700 1791 2763 diocefim
1823 2701 1912 2764 npfi
1953 2702 2006 2749 in
2048 2702 2191 2750 certis
2226 2703 2438 2767 exceptis
2471 2705 2651 2766 ecfibus

617 2794 662 2834 et
684 2787 738 2834 in
760 2787 855 2834 illis
880 2787 1001 2835 vltra
1025 2803 1168 2836 vnam
1195 2790 1372 2836 dietam
1410 2807 1440 2837 a
1457 2792 1568 2855 fine
1582 2794 1684 2855 sue
1714 2794 1910 2857 diocesis
1933 2795 1999 2843 ad
2030 2795 2269 2843 iudicium
2293 2803 2519 2844 euocetur
2538 2825 2548 2835 ·
2569 2797 2648 2845 seu

621 2894 680 2925 ne
704 2879 889 2926 iudices
912 2895 943 2925 a
958 2880 1085 2942 sede
1106 2880 1356 2944 aptfiolica
1393 2882 1612 2945 deputati
1647 2892 1788 2933 extra
1820 2887 2067 2935 ciuitatem
2093 2894 2140 2935 et
2162 2888 2378 2950 diocefim
2403 2889 2458 2935 in
2482 2889 2651 2951 quibus

620 2970 837 3032 deputati
854 2969 1057 3033 fuerint
1092 2977 1260 3018 contra
1295 2973 1598 3036 quoscunque
1625 2976 1886 3038 procedere
1921 2984 2009 3025 aut
2039 2978 2126 3026 alii
2148 2978 2225 3027 vel
2244 2979 2354 3027 aliis
2377 2980 2507 3027 uices
2523 2981 2651 3043 suas

620 3061 911 3108 committere
941 3063 1225 3126 presumant
1258 3062 1512 3111 dummodo
1553 3065 1675 3113 vltra
1710 3067 1831 3115 duas
1867 3069 2020 3117 dietas
2043 3070 2219 3133 aliquis
2241 3066 2525 3118 auetoritate
2542 3087 2651 3135 pre-

613 3152 833 3213 sencium
853 3167 951 3199 non
970 3151 1194 3199 trahatur
1209 3178 1217 3187 ·
1235 3158 1283 3199 et
1302 3152 1410 3200 aliis
1430 3153 1863 3205 constitucionibus
1884 3158 2162 3222 apostolicis
2183 3161 2442 3210 contrariis
2463 3160 2651 3224 quibus-
