2742 3848
451 1083 545 1138 647

592 396 688 447 464
1045 386 1472 442 REGISTRUM
1506 384 1604 434 DE
1641 379 2138 433 ABERBROTHO
2146 380 2203 431 C.

594 530 768 579 colle&
794 535 947 586 rentS‚
975 534 1026 575 to
1051 530 1256 574 execute
1274 519 1485 586 judicial
1510 518 1780 574 sentenceS‚
1807 522 1859 564 to
1896 513 2073 564 colle&
2109 513 2193 564 the
2226 514 2352 564 fines
2383 515 2438 564 of
2470 523 2651 574 courts,

594 622 695 671 and
718 620 868 686 apply
888 619 970 668 the
994 616 1104 666 half
1121 622 1172 664 to
1197 612 1327 662 their
1347 627 1454 659 own
1475 609 1556 658 use
1576 609 1676 657 and
1695 608 1778 657 the
1795 606 1907 656 half
1926 615 1977 657 to
2002 606 2087 656 the
2112 607 2317 667 abbot’s,
2345 615 2396 657 to
2419 608 2656 674 repledge

596 720 792 763 tenants
816 711 916 760 and
939 710 1159 758 servants
1184 713 1235 755 to
1261 705 1345 753 the
1371 709 1538 752 courts
1563 701 1619 749 of
1637 700 1721 750 the
1747 701 1911 759 abbot,
1939 700 2038 748 and
2076 707 2126 749 to
2161 700 2382 765 perform
2414 700 2481 749 all
2516 700 2657 750 other

596 814 799 855 matters
824 801 1094 867 belonging
1121 807 1170 848 to
1197 798 1280 847 the
1307 797 1447 844 office
1473 794 1528 843 of
1550 793 1700 843 bailie
1726 822 1736 833 ·
1763 795 1794 841 3
1818 791 1854 842 J
1859 792 1943 858 uly
1972 791 2118 846 1527.

600 1058 795 1130 Abbas
830 1094 920 1142 pro
957 1077 1144 1124 summa
1177 1073 1390 1140 pecunie
1427 1079 1660 1121 notanter
1690 1087 1783 1135 pro
1818 1070 2170 1136 redempcione
2196 1080 2330 1120 certe
2356 1088 2519 1120 annue
2546 1088 2662 1137 pen-

600 1171 743 1219 fionis
777 1169 912 1218 mille
947 1169 1189 1218 librarum
1224 1166 1416 1216 Jacobo
1454 1164 1624 1214 comiti
1659 1163 1890 1213 Morauie
1927 1165 1990 1214 de
2024 1165 2323 1215 monasterio
2355 1166 2472 1215 olim
2497 1165 2661 1214 debite

598 1263 846 1329 persoluta
870 1260 1052 1311 affedat
1075 1277 1167 1326 pro
1191 1260 1376 1325 septem
1409 1258 1554 1307 annis
1589 1257 1811 1323 Georgio
1847 1257 2101 1307 Meldrum
2137 1259 2199 1307 de
2234 1258 2386 1325 wae
2428 1285 2438 1297 ·
2479 1258 2663 1307 Jonete

601 1358 850 1407 Gordown
878 1356 982 1405 eius
1008 1354 1178 1420 sponse
1210 1383 1220 1394 ·
1256 1361 1305 1402 et
1330 1351 1587 1402 Willelmo
1613 1350 1866 1400 Meldrum
1892 1370 2063 1401 eorum
2085 1353 2418 1419 primogenito
2453 1381 2463 1392 ·
2495 1360 2545 1401 et
2567 1351 2664 1400 suis

602 1449 851 1515 aflignatis
887 1465 988 1496 non
1024 1447 1227 1496 maioris
1263 1445 1415 1496 status
1451 1445 1668 1494 decimas
1702 1444 1933 1508 garbales
1966 1445 2196 1494 villarum
2235 1453 2284 1495 et
2319 1453 2567 1494 terrarum
2603 1444 2664 1493 de

602 1542 752 1608 wae
796 1570 806 1580 ·
852 1541 1065 1590 Haldow
1109 1569 1120 1580 ·
1166 1539 1443 1605 Comalyne
1486 1567 1496 1578 ·
1541 1536 1778 1588 Maktace
1821 1566 1832 1577 ·
1873 1536 2206 1604 Murfyndlan
2244 1567 2255 1577 ·
2304 1535 2615 1586 Bawdakaill
2654 1564 2663 1573 -

604 1633 799 1700 Mekyll
836 1633 1034 1683 Gordes
1064 1660 1074 1670 ·
1100 1632 1318 1681 Wodeid
1343 1661 1354 1671 ·
1379 1631 1521 1681 Litill
1559 1631 1758 1681 Gordes
1783 1660 1793 1671 ·
1821 1629 2064 1696 Blathery
2091 1662 2102 1673 ·
2130 1629 2375 1681 Comalon
2407 1656 2417 1667 ·
2449 1637 2500 1679 et
2537 1627 2669 1678 Sow-

603 1726 751 1775 braht
787 1754 797 1764 ·
834 1725 967 1774 infra
988 1725 1277 1790 parochiam
1304 1725 1365 1773 de
1390 1723 1541 1790 wae
1577 1751 1587 1761 ·
1627 1724 1879 1775 Soluendo
1905 1723 2239 1789 quadraginta
2270 1731 2482 1788 quatuor
2517 1721 2669 1770 libras

608 1825 803 1867 monete
832 1817 1005 1868 Scocie
1032 1825 1224 1866 tantum
1250 1846 1260 1856 ·
1288 1821 1318 1865 5
1343 1817 1378 1866 J
1383 1817 1470 1866 ulii
1499 1818 1644 1873 1527.

459 2102 556 2150 648
609 2075 762 2148 Idem
803 2115 894 2163 pro
935 2099 1121 2147 summa
1158 2106 1494 2148 trecentarum
1534 2117 1817 2150 marcarum
1857 2107 2056 2149 monete
2099 2097 2272 2149 Scocie
2308 2106 2541 2148 notanter
2581 2113 2670 2161 pro

611 2191 960 2256 redempcione
998 2190 1210 2239 eiusdem
1250 2192 1496 2256 penfionis
1532 2193 1784 2258 persoluta
1818 2191 2000 2243 affedat
2035 2209 2127 2258 pro
2165 2190 2495 2240 nouendecim
2532 2189 2674 2238 annis

610 2285 830 2334 Patricio
869 2285 1047 2351 Cheyn
1084 2286 1145 2334 de
1181 2284 1455 2351 Effi'lmont
1493 2294 1542 2335 et
1577 2285 1805 2335 Esobelle
1837 2285 1945 2335 Bad
1978 2285 2084 2334 eius
2116 2283 2284 2350 sponse
2320 2282 2511 2347 suisque
2537 2280 2675 2346 affig-

611 2377 741 2425 natis
766 2377 1136 2426 coadiutoribus
1161 2384 1211 2426 et
1235 2377 1607 2427 subtenentibus
1631 2395 1732 2427 non
1760 2377 1962 2427 maioris
1986 2377 2139 2426 status
2174 2385 2333 2426 terras
2360 2375 2589 2424 villarum
2614 2373 2675 2421 de

615 2469 923 2519 Carnfechill
970 2476 1019 2518 et
1065 2469 1330 2519 Auchlech
1379 2487 1492 2518 cum
1542 2471 1829 2520 molendino
1874 2471 1936 2520 de
1980 2470 2175 2520 Fechill
2222 2477 2272 2519 et
2319 2468 2465 2518 terris
2513 2467 2674 2516 eidem

616 2561 954 2610 adiacentibus
1003 2578 1113 2609 cum
1158 2561 1439 2625 pendiculis
1480 2562 1711 2612 multuris
1758 2563 1810 2629 ly
1850 2562 2039 2629 suckyn
2088 2561 2433 2611 emolumentis
2475 2568 2524 2609 et
2564 2558 2674 2607 aliis

616 2652 938 2715 pertinenciis
973 2652 1025 2700 in
1061 2653 1270 2701 baronia
1300 2653 1362 2701 de
1397 2653 1594 2703 Taruas
1619 2663 1669 2704 et
1695 2654 2041 2704 vicecomitatu
2067 2655 2128 2704 de
2152 2654 2397 2720 Abyrdon
2424 2661 2473 2701 et
2497 2651 2675 2717 regali-

617 2752 717 2792 tate
743 2744 805 2791 de
831 2743 1092 2809 Arbroyth
1136 2772 1146 2782 ·
1190 2743 1442 2793 Soluendo
1478 2762 1570 2809 pro
1607 2748 1753 2796 terris
1779 2756 1828 2796 et
1853 2748 1972 2796 villa
1995 2748 2057 2796 de
2085 2745 2394 2797 Carnfechill
2418 2745 2498 2793 sex
2522 2744 2675 2791 libras

616 2843 813 2883 monete
842 2834 1016 2884 Scocie
1057 2864 1067 2874 -
1107 2853 1199 2900 pro
1237 2836 1382 2885 terris
1419 2846 1468 2885 et
1504 2837 1624 2887 villa
1658 2839 1719 2888 de
1754 2840 1987 2890 Auchlek
2023 2848 2236 2905 quatuor
2270 2838 2423 2887 libras
2459 2837 2675 2886 eiusdem

617 2934 815 2975 monete
858 2955 868 2965 -
912 2934 961 2977 et
1001 2943 1092 2990 pro
1139 2927 1425 2976 molendino
1466 2929 1528 2978 de
1570 2929 1763 2980 Fechill
1800 2939 2014 2995 quatuor
2054 2932 2208 2980 libras
2250 2930 2464 2978 eiusdem
2506 2957 2517 2967 ·
2563 2945 2674 2977 cum

621 3025 846 3084 rynmart
870 3018 992 3084 myll
1026 3018 1159 3084 swyn
1197 3018 1384 3068 custum
1422 3021 1627 3087 weddyr
1663 3022 1850 3071 custum
1889 3041 2009 3073 corn
2047 3023 2318 3089 caponibus
2350 3029 2399 3071 et
2429 3021 2578 3087 pullis
2614 3021 2674 3069 de

619 3112 672 3176 ly
704 3128 797 3159 can
830 3111 891 3159 de
923 3110 1067 3159 dietis
1104 3111 1249 3159 terris
1285 3120 1335 3161 et
1370 3112 1656 3162 molendino
1691 3114 1870 3164 debitis
1906 3115 1985 3164 vel
2021 3115 2255 3164 summam
2292 3115 2371 3164 sex
2409 3114 2673 3163 solidorum

622 3210 670 3251 et
695 3203 806 3254 octo
835 3199 1154 3279 denariorum
1178 3219 1268 3266 pro
1294 3202 1423 3252 dieto
1447 3220 1600 3268 porco
1625 3205 1878 3271 wlgariter
1900 3224 1992 3272 pro
2016 3208 2064 3272 {y
2087 3208 2364 3273 myllswyn
2386 3207 2438 3255 in
2465 3206 2673 3272 opcione
