2762 3834
586 398 1019 452 REGISTRUM
1052 400 1152 451 DE
1186 399 1749 453 ABERBROTHOC.
2141 407 2201 451 13

135 531 256 597 quid
293 540 460 582 autem
496 541 673 583 contra
710 541 936 584 tenorem
971 536 1283 601 presencium
1319 535 1602 586 litterarum
1638 554 1669 586 a
1703 545 1928 602 tempore
1959 535 2203 585 di&orum

132 625 379 675 bellorum
400 626 455 675 in
479 627 627 676 terris
652 627 897 677 ditiorum
920 628 1266 694 religiosorum
1291 632 1454 679 aetum
1478 629 1630 679 fuerit
1660 629 1800 679 iuxta
1832 630 2036 695 presens
2070 646 2205 679 man-

133 721 303 768 datum
350 719 572 769 nostrum
621 721 755 785 quod
803 721 865 770 de
914 721 1116 770 confilio
1164 722 1371 788 dompni
1416 722 1574 771 nostri
1625 723 1759 788 regis
1804 721 2035 788 proceffit
2079 722 2206 772 illud

133 813 366 862 celeriter
404 813 555 878 dirigi
594 813 787 862 faciatis
829 842 840 852 ·
882 812 1074 863 Datum
1112 821 1342 879 patenter
1378 816 1465 864 sub
1504 814 1663 881 figillo
1700 815 1869 864 nostro
1894 816 2028 881 apud
2050 815 2206 865 Edin-

132 906 321 972 burgh.
347 907 469 955 xvii⁰
527 907 608 955 die
664 906 968 956 Novembris
1026 924 1158 955 anno
1210 908 1381 974 gracie
1438 914 1507 956 m⁰
1553 915 1660 958 ccc⁰
1700 907 1891 957 xxx⁰iii⁰
1937 937 1947 947 ·
1996 908 2064 957 Et
2111 926 2203 973 ego

134 1000 425 1049 Alexander
450 1001 513 1049 de
539 1000 676 1050 Keth
728 1037 739 1048 .
791 1038 802 1048 .
855 1038 866 1048 .
915 999 1141 1049 notarius
1163 1008 1454 1065 prenotatas
1476 1002 1671 1052 litteras
1720 1039 1732 1050 .
1784 1040 1795 1050 .
1847 1040 1858 1050 .
1906 1000 2053 1067 figilli
2084 1001 2203 1050 ‹liai

131 1093 337 1158 dompni
363 1093 625 1143 camerarii
651 1091 950 1158 appensione
974 1092 1190 1142 munitas
1228 1131 1239 1142 .
1280 1132 1290 1142 .
1333 1132 1344 1142 .
1379 1094 1434 1142 in
1459 1093 1601 1143 cuius
1624 1095 1826 1159 quidem
1857 1093 2004 1160 figilli
2038 1094 2202 1143 medio

133 1186 324 1251 sculpta
361 1186 455 1236 fuit
491 1186 655 1235 forma
692 1185 903 1251 grifonis
940 1185 995 1233 in
1034 1185 1250 1250 quodam
1288 1186 1478 1235 circulo
1510 1187 1764 1253 triangulo
1800 1194 2037 1236 contento
2072 1187 2202 1235 etin

131 1279 343 1328 circuitu
370 1279 586 1328 eiusdem
611 1278 704 1326 hee
730 1278 934 1326 fuerunt
957 1278 1103 1326 litere
1130 1277 1504 1342 circumscripte
1540 1307 1552 1318 ·
1589 1295 1837 1328 SIGILLUM
1873 1295 2100 1328 nonnam
2135 1296 2199 1327 m:

133 1387 394 1420 LAvEDmR
429 1400 439 1411 ·
477 1371 561 1420 hic
599 1371 662 1419 de
701 1371 856 1418 uerbo
890 1370 954 1419 ad
993 1370 1201 1419 uerbum
1230 1370 1446 1419 fideliter
1470 1371 1751 1436 exemplari·
1773 1371 1870 1421 feci
1912 1410 1923 1420 .
1962 1410 1973 1420 .
2014 1410 2025 1420 .
2064 1379 2113 1421 et
2150 1373 2202 1420 in

130 1464 383 1528 publicam
413 1463 624 1511 formam
660 1462 825 1526 redigi
887 1500 898 1510 .
962 1501 973 1511 .
1036 1500 1047 1511 .
1106 1463 1418 1527 presentibus
1479 1501 1490 1511 .
1554 1501 1564 1512 .
1628 1503 1638 1512 .
1697 1465 1933 1529 magistro
1974 1465 2203 1514 Gilberto

132 1556 380 1622 Flemyng
413 1556 605 1605 decano
631 1554 966 1604 Abirdonenfi
1008 1584 1019 1595 ·
1058 1554 1232 1604 Dauid
1267 1555 1329 1603 de
1365 1554 1647 1621 Innerpefir
1683 1564 1803 1605 tunc
1837 1556 2204 1607 locumtenente

134 1649 442 1699 vicecomitis
475 1649 537 1697 de
569 1647 751 1697 Forfar
792 1675 803 1687 ·
849 1647 1052 1696 domino
1091 1646 1343 1696 Mauricio
1375 1656 1618 1713 perpetuo
1653 1648 1841 1697 vicario
1874 1649 1936 1697 de
1967 1649 2205 1699 Abirbro·

133 1743 251 1793 thoc
275 1771 287 1783 ·
312 1742 486 1792 Dauid
510 1741 760 1808 Flemyng
783 1741 939 1790 fratre
965 1741 1083 1790 dieti
1109 1741 1299 1790 domini
1321 1741 1500 1790 decani
1532 1769 1544 1780 ·
1567 1741 1603 1790 J
1605 1742 1801 1790 ohanne
1826 1743 1888 1791 de
1912 1742 2207 1808 Dalgarnok

134 1836 381 1901 burgense
405 1836 467 1884 de
494 1834 837 1884 Abirbrothoc
862 1862 872 1872 ·
897 1842 947 1883 et
966 1834 1077 1883 aliis
1114 1870 1126 1882 .
1167 1873 1179 1884 .
1219 1873 1230 1884 .
1269 1835 1336 1884 Et
1374 1874 1385 1884 .
1425 1872 1436 1883 .
1476 1873 1488 1884 .
1527 1835 1716 1902 {ignum
1739 1853 1905 1885 meum
1926 1838 2207 1886 consuetum

134 1931 339 1988 rogatus
374 1919 579 1986 apposui
610 1921 697 1969 sub
732 1936 865 1969 anno
894 1920 1266 1971 incarnacionis
1294 1919 1503 1968 Domini
1528 1926 1596 1969 m⁰
1620 1926 1726 1969 ccc⁰
1747 1920 1994 1970 tricefimo
2019 1922 2172 1971 tercio
2199 1951 2207 1958 -

133 2015 405 2064 indi&ione
429 2014 486 2063 ii·
514 2042 525 2053 ·
562 2012 740 2065 menfis
765 2013 1063 2063 Decembris
1088 2013 1169 2063 die
1195 2013 1440 2063 vicesima.

137 2275 381 2350 Cowbak
417 2328 428 2338 ·
467 2299 819 2349 Donaldstoun
858 2329 870 2340 ·
909 2298 1180 2349 Drumssed
1218 2328 1228 2339 ·
1276 2298 1433 2349 Carta
1462 2298 1820 2373 recognitionis
1842 2300 1976 2365 regis
2002 2299 2207 2353 Roberti

139 2410 252 2442 cum
277 2393 656 2444 confirmatione
681 2393 855 2442 Dauid
880 2394 1030 2459 regis.

141 2556 336 2631 Dauid
386 2618 397 2628 .
448 2618 459 2627 .
511 2618 522 2628 .
571 2598 660 2629 rex
700 2579 963 2630 Scotorum
1000 2579 1227 2628 omnibus
1279 2616 1290 2626 .
1343 2616 1353 2626 .
1406 2615 1417 2626 .
1471 2576 1650 2627 Sciatis
1676 2594 1765 2625 nos
1789 2577 2046 2642 inspexisse
2084 2616 2094 2626 .
2143 2617 2151 2625 .
2200 2617 2209 2625 .

141 2672 311 2722 literas
345 2681 589 2739 perpetuo
615 2675 882 2723 duraturas
914 2674 1046 2723 bone
1070 2670 1309 2722 memorie
1335 2670 1524 2720 domini
1548 2670 1756 2720 Roberti
1794 2670 2044 2735 quondam
2079 2671 2209 2736 regis

146 2763 313 2814 Scotie
345 2766 502 2831 patris
533 2765 688 2815 nostri
714 2767 865 2816 fafitas
907 2804 918 2815 .
960 2804 970 2814 .
1011 2804 1022 2814 .
1061 2765 1228 2815 abbati
1253 2773 1303 2815 et
1328 2764 1598 2813 conuentui
1638 2801 1649 2812 .
1688 2801 1699 2812 .
1740 2801 1750 2812 .
1787 2764 1848 2811 de
1873 2762 2208 2812 Abirbrothoc

143 2859 287 2923 super
322 2859 470 2909 terris
502 2860 564 2908 de
597 2859 803 2910 Kulbak
826 2860 880 2909 in
903 2859 951 2909 le
976 2858 1186 2925 Mernys
1224 2895 1236 2907 .
1276 2883 1304 2907 .·
1328 2896 1340 2907 .
1375 2857 1430 2907 in
1453 2857 1546 2907 hec
1571 2857 1724 2906 verba
1761 2887 1770 2896 -
1813 2855 2060 2906 Robertus
2098 2894 2108 2903 .
2148 2895 2157 2904 .
2199 2895 2207 2902 .

145 2967 234 2999 rex
283 2949 546 3001 Scotorum
594 2952 841 3003 omnibus,
872 2990 885 3001 .
937 2990 949 3001 .
1000 2990 1012 3001 .
1063 2951 1242 3002 Sciatis
1284 2952 1417 3016 quod
1466 2950 1599 3016 apud
1643 2948 1982 2998 Abirbrothoc
2019 2950 2208 3013 quinto—

146 3043 341 3093 decimo
378 3044 460 3093 die
496 3044 761 3098 Februarii
797 3063 929 3096 anno
965 3045 1110 3111 regni
1146 3045 1302 3095 nostri
1343 3061 1478 3109 nono
1516 3082 1526 3091 .
1567 3081 1578 3092 .
1619 3081 1629 3091 .
1668 3043 1818 3092 abbas
1854 3049 1904 3090 et
1938 3050 2207 3090 conuentus

147 3137 210 3186 de
232 3137 574 3188 Abirbrothoc
598 3156 766 3189 coram
798 3140 942 3190 nobis
968 3148 1018 3190 et
1043 3139 1245 3189 confilio
1276 3137 1443 3198 nostro
1480 3175 1490 3186 .
1530 3175 1541 3186 .
1581 3175 1591 3185 .
1630 3135 1952 3184 ostenderunt
1979 3134 2204 3198 quasdam

147 3237 310 3279 cartas
350 3237 400 3279 et
440 3229 771 3283 instrumenta.
807 3250 838 3282 a
873 3231 1296 3299 predecessoribus
1328 3230 1508 3279 nostris
1559 3267 1569 3277 .
1621 3267 1632 3277 .
1684 3266 1694 3274 .
1745 3228 2032 3277 confirmata
2067 3227 2236 3288 super-
