2762 3834
3 788 107 868 {197

34 2528 113 2578 198

604 394 1027 445 REGISTRUM
1062 395 1158 444 DE
1195 393 1754 444 ABERBROTHOC.
2108 399 2201 450 175

156 604 447 676 Affedacio
472 631 604 672 terre
630 625 691 672 de
717 623 1052 691 Innercanny.

159 781 433 854 Uniuerfis
455 808 624 866 pateat
658 838 670 849 .
708 838 720 848 .
759 838 770 848 .
806 817 896 848 nos
925 800 1209 866 Georgeum
1242 840 1253 851 .
1293 840 1305 851 .
1344 840 1355 851 .
1387 805 1614 853 abbatem
1640 841 1651 853 .
1689 842 1699 853 .
1733 841 1746 854 .
1771 805 1833 853 de
1857 804 2195 853 Abirbrothoc

215 931 226 942 .
268 931 279 942 .
317 892 542 942 affedafl'e
580 929 591 940 .
631 929 643 940 .
670 928 694 939 -.
730 891 935 940 Andree
964 890 1137 957 Smyth
1173 900 1328 942 totam
1352 894 1519 942 villam
1554 895 1768 944 nostram
1792 896 1853 944 de
1877 895 2195 960 Innercanny

157 1002 266 1034 cum
300 983 585 1033 molendino
617 982 833 1031 eiusdem
868 990 918 1031 et
953 983 1225 1031 dimedium
1250 984 1365 1032 ville
1401 984 1563 1034 nostre
1592 985 1653 1035 de
1679 987 1913 1052 Banchry
1950 1023 1963 1035 .
2005 1023 2017 1034 .
2057 1023 2068 1035 .
2103 1003 2194 1051 pro

155 1077 368 1127 termino
406 1077 624 1141 quinque
664 1091 907 1124 annorum
945 1110 956 1121 .
997 1111 1008 1121 .
1048 1110 1059 1121 .
1093 1073 1306 1121 termino
1348 1092 1465 1124 vero
1506 1077 1738 1126 introitus
1781 1114 1792 1125 .
1830 1115 1842 1126 .
1878 1115 1889 1125 .
1924 1077 2194 1141 incipiente

156 1170 218 1218 ad
260 1168 433 1217 festum
478 1165 850 1216 Penthecostesv
877 1166 1042 1214 datam
1088 1164 1396 1229 presencium
1445 1202 1457 1213 .
1507 1203 1518 1214 .
1566 1204 1577 1215 .
1619 1168 1902 1217 immediate
1949 1168 2154 1232 sequens
2182 1196 2194 1206 ·

161 1259 405 1310 Soluendo
430 1296 441 1307 .
470 1295 481 1306 .
510 1294 522 1306 .
548 1259 629 1306 sex
650 1274 842 1306 marcas
865 1256 1041 1305 vsualis
1064 1261 1262 1304 monete
1285 1256 1427 1320 regni
1455 1255 1627 1306 Scocie
1652 1260 1715 1306 ad
1738 1259 1860 1308 festa
1882 1259 2196 1308 Pentecostes

157 1359 205 1400 et
231 1349 398 1400 Sancti
430 1349 639 1398 Martini
673 1348 725 1396 in
758 1364 901 1414 yeme
936 1384 947 1395 .
987 1384 997 1394 .
1033 1382 1044 1394 .
1083 1363 1194 1394 cum
1229 1354 1456 1411 rynmart
1493 1354 1542 1396 et
1577 1350 1729 1397 wedir
1767 1358 1816 1399 et
1847 1368 2025 1399 nouem
2049 1352 2196 1415 pullis

157 1441 335 1491 adultis
359 1457 470 1490 cum
496 1439 685 1489 custum
711 1455 832 1488 corn
856 1446 906 1487 et
929 1437 1060 1486 fodir
1085 1445 1134 1487 et
1159 1437 1384 1486 omnibus
1409 1438 1518 1487 aliis
1552 1476 1564 1487 .
1604 1477 1615 1488 .
1655 1478 1666 1488 .
1701 1441 1968 1491 honeribus
1991 1442 2196 1491 hu1ban-

156 1535 329 1582 dorum
351 1532 596 1581 consuetis
621 1559 632 1570 ·
658 1530 770 1580 Nec
793 1529 963 1579 licebit
987 1529 1115 1577 dieto
1141 1528 1348 1578 Andree
1381 1529 1560 1578 diffam
1585 1531 1752 1580 villam
1778 1550 1889 1581 cum
1913 1534 2194 1582 molendino

154 1624 367 1673 eiusdem
393 1623 472 1672 vel
495 1622 750 1671 dimidium
777 1621 893 1670 ville
929 1658 939 1669 .
977 1658 989 1669 .
1023 1657 1034 1668 .
1067 1620 1217 1669 alicui
1240 1620 1448 1684 persone
1473 1623 1740 1671 arrendare
1771 1660 1783 1671 .
1815 1661 1826 1672 .
1864 1662 1874 1672 .
1907 1624 2007 1673 fine
2031 1626 2197 1673 nostra

153 1716 350 1781 speciali
383 1715 596 1764 licencia
633 1751 644 1761 .
685 1751 696 1762 .
732 1751 744 1762 .
781 1713 982 1762 cotariis
1022 1712 1264 1760 duntaxat
1302 1712 1520 1776 exceptis
1551 1740 1560 1750 ·
1586 1712 1824 1762 Preterea
1859 1716 1890 1762 fi
1930 1751 1940 1762 .
1977 1752 1989 1763 .
2025 1753 2036 1763 .
2068 1717 2196 1764 male

152 1806 438 1873 persoluerit
460 1808 544 1855 seu
566 1806 708 1854 nobis
741 1842 753 1853 .
788 1843 798 1853 .
836 1842 847 1854 .
880 1803 1144 1853 iniuriosus
1177 1841 1188 1852 .
1230 1841 1241 1852 .
1275 1841 1287 1852 .
1321 1804 1541 1852 extiterit
1561 1804 1730 1854 licebit
1754 1806 1894 1854 nobis
1924 1806 2006 1871 [(16
2031 1807 2192 1871 dictis]

249 1936 259 1947 .
297 1898 556 1963 disponere
591 1914 682 1962 pro
714 1896 856 1945 libito
880 1895 1044 1944 nostre
1070 1895 1336 1944 voluntatis
1374 1932 1385 1943 .
1425 1932 1437 1944 .
1476 1932 1487 1943 .
1526 1895 1586 1943 In
1612 1897 1749 1944 cuius
1770 1900 1842 1945 rei
1866 1896 2195 1946 testimonium

155 1990 359 2055 figillum
384 1989 530 2038 officii
559 1987 866 2054 presentibus
902 1986 972 2035 est
1006 1987 1202 2035 affixum
1238 1987 1371 2051 apud
1392 1986 1627 2053 Banchry
1653 1986 1880 2037 vicefimo
1915 1997 2089 2053 quarto
2115 1991 2195 2037 die

154 2080 326 2130 menfis
353 2079 567 2146 Augusti
591 2097 722 2128 anno
746 2078 955 2127 Domini
978 2096 1026 2126 m
1052 2095 1169 2127 cccc
1192 2078 1369 2127 lxxvih‘.

156 2335 365 2409 Littera
387 2358 524 2408 ballii
548 2365 599 2407 et
622 2356 890 2406 iusticiarie
915 2356 977 2404 de
1002 2355 1361 2405 Athkarmour.

155 2518 428 2591 *Uniuerfis
463 2546 631 2604 pateat
669 2575 680 2586 .
719 2574 730 2585 .
769 2573 782 2586 .
818 2553 909 2585 nos
935 2536 1221 2602 Georgeum
1247 2572 1259 2583 .
1295 2573 1306 2582 .
1343 2572 1353 2582 .
1385 2535 1612 2583 abbatem
1642 2571 1653 2582 .
1689 2570 1699 2580 .
1735 2571 1746 2582 .
1773 2535 1833 2583 de
1856 2535 2192 2584 Abirbrothoc

207 2669 218 2681 .
255 2670 267 2680 .
304 2629 599 2681 constituiffe
636 2667 649 2678 .
689 2667 699 2678 .
740 2665 751 2677 .
784 2628 820 2677 J
823 2628 1069 2677 ohannem
1094 2626 1440 2676 Hammiltoun
1464 2627 1525 2674 de
1550 2625 1808 2674 Bradhirst
1831 2627 2050 2675 nostrum
2089 2664 2100 2674 .
2132 2664 2143 2675 .
2179 2664 2190 2675 .

157 2722 472 2772 iusticiarium
495 2721 823 2771 camerarium
847 2727 897 2768 et
919 2720 1156 2769 balliuum
1197 2755 1209 2767 .
1254 2755 1266 2766 .
1304 2755 1317 2768 .
1355 2726 1602 2766 terrarum
1637 2718 1909 2782 regalitatis
1943 2718 2106 2767 nostre
2131 2723 2190 2767 (16

157 2812 523 2862 Athkarmoure
561 2849 572 2861 .
612 2850 623 2860 .
663 2849 674 2860 .
710 2811 842 2859 infra
866 2810 1264 2859 vicecomitatum
1290 2809 1350 2857 de
1374 2808 1576 2858 Lanark
1611 2825 1702 2872 pro
1727 2809 1950 2857 terminis
1974 2810 2190 2874 quinque

159 2920 392 2952 annorum
424 2922 455 2953 a
487 2903 609 2956 festo
633 2900 983 2951 Penthecostes
1018 2901 1136 2950 anni
1159 2900 1365 2949 Domini
1399 2899 1640 2949 millefimi
1676 2900 1832 2950 ccccmi
1855 2901 2188 2966 septuagesimi

160 2995 317 3044 Octaui
338 3032 349 3043 .
376 3031 388 3042 .
416 3031 428 3042 .
450 2994 603 3059 Apud
620 2992 930 3042 Abbirbroth
953 2992 1146 3041 decimo
1170 3008 1304 3040 nono
1329 2992 1409 3040 die
1434 2992 1609 3040 menfis
1633 2993 1805 3041 marcii
1830 3011 1959 3042 anno
1983 2993 2186 3042 Domini

158 3098 204 3132 m
230 3102 342 3135 cccc
364 3084 545 3134 lxxviw.
