2586 3834
60 3564 66 3581 ,-
64 3531 66 3538 ,
44 2966 65 3493 ..μκαωήν--υ-ορ-ΑἈ-Μι-
40 2845 42 2852 <

642 381 1067 434 REGISTRUM
1100 381 1198 432 DE
1234 382 1795 439 ABERBROTHOC.
2147 400 2243 450 439

193 515 353 564 eidem
385 514 642 580 capellano
666 515 719 563 in
742 515 968 580 predicto
994 514 1141 564 altari
1163 524 1405 581 perpetuo
1432 518 1741 569 celebraturo
1766 538 1857 586 pro
1882 522 2035 572 salute
2061 525 2242 575 anima-

190 625 300 656 rum
325 607 568 656 Willelmi
596 605 713 657 Scot
737 606 892 672 patris
915 606 1014 656 mei
1039 634 1049 646 ·
1075 607 1287 657 Elesone
1315 608 1471 659 Clark
1495 611 1666 660 matris
1692 630 1799 662 mee
1832 641 1843 653 ·
1872 630 1963 678 pro
1988 614 2243 664 animabus

188 699 225 748 J
227 699 437 748 ohannis
465 698 583 749 Scot
607 698 775 748 fratris
788 698 898 747 'mei
917 707 967 748 et
985 699 1091 748 eius
1111 699 1282 764 sponse
1302 700 1511 766 Isobelle
1530 703 1723 771 Lamby
1743 722 2011 771 eorumque
2030 706 2243 756 filiorum

189 808 248 840 ac
271 791 485 840 filiarum
512 798 561 840 et
581 791 830 856 fignanter
848 808 939 855 pro
960 790 1218 840 animabus
1237 793 1425 842 domini
1443 794 1615 844 Dauid
1636 795 1753 846 Scot
1778 798 1952 847 vicarii
1971 799 2032 847 de
2053 799 2243 848 Tarlan

189 891 238 933 et
277 883 490 933 Henrici
523 882 640 932 Scot
678 883 782 932 eius
817 883 986 932 fratris
1021 885 1247 948 germani
1285 886 1597 951 filiorumque
1634 889 1877 939 dierorum
1912 889 2158 938 Johannis
2194 899 2242 939 et

188 976 396 1026 Isobelle
422 1005 432 1015 ·
455 994 546 1042 pro
571 977 828 1026 animabus
853 977 1061 1026 Andree
1090 976 1208 1028 Scot
1231 978 1400 1026 fratris
1428 979 1525 1027 mei
1551 988 1599 1028 et
1624 979 1727 1029 eius
1752 981 1919 1045 sponse
1943 982 2156 1031 filiorum
2182 1001 2239 1032 ac

184 1069 399 1119 filiarum
424 1077 473 1119 et
496 1070 732 1135 precipue
757 1086 849 1134 pro
875 1070 1042 1119 anima
1066 1070 1254 1118 domini
1278 1069 1313 1118 J
1316 1070 1523 1120 ohannis
1551 1071 1669 1122 Scot
1691 1073 1933 1137 capellani
1951 1074 2239 1139 principalis

186 1162 340 1212 Beate
365 1162 528 1212 Marie
547 1162 757 1229 virginis
783 1191 793 1201 ·
820 1180 912 1228 pro
932 1163 1190 1212 animabus
1210 1162 1408 1212 Valteri
1436 1162 1553 1213 Scot
1569 1164 1765 1229 eiusque
1784 1166 1951 1230 sponse
1971 1184 2238 1232 eorumque
2267 1154 2270 1157 v

183 1255 398 1303 filiorum
423 1272 482 1304 ac
504 1255 718 1305 filiarum
756 1283 766 1293 ·
803 1272 894 1319 pro
919 1255 1176 1304 animabus
1202 1255 1391 1304 domini
1429 1254 1621 1304 Thome
1650 1255 1767 1306 Scot
1802 1257 2045 1321 capellani
2068 1258 2238 1307 Dauid

187 1346 306 1397 Scot
328 1347 521 1396 Thome
543 1345 663 1396 Scot
681 1347 891 1396 fratrum
910 1364 1134 1396 meorum
1160 1377 1170 1387 ·
1196 1365 1288 1413 pro
1315 1347 1571 1397 animabus
1587 1348 1830 1397 Dunkani
1855 1348 2014 1414 Spark
2041 1350 2236 1415 eiusque

183 1440 352 1504 sponse
385 1439 626 1489 Mariorie
667 1437 785 1488 Scot
822 1440 1003 1488 sororis
1043 1457 1152 1489 mee
1189 1440 1502 1504 filiorumque
1543 1440 1755 1489 filiarum
1798 1469 1808 1479 ·
1845 1458 1936 1506 pro
1983 1441 2236 1491 animabus

185 1532 380 1581 Thome
409 1532 526 1582 Scot
550 1531 748 1595 eiusque
773 1532 943 1597 sponse
968 1531 1176 1581 Isobelle
1205 1530 1324 1587 Scot
1347 1533 1528 1581 sororis
1551 1550 1660 1582 mee
1683 1534 1894 1582 filiorum
1921 1551 1978 1582 30
1998 1534 2236 1583 filiarum·

177 1642 274 1690 ‘pro
313 1625 570 1674 animabus
606 1623 641 1673 J
643 1623 786 1673 acobi
827 1623 968 1690 Lyne
1008 1624 1208 1689 eiusque
1244 1624 1414 1689 sponse
1451 1624 1714 1674 Elizabeth
1755 1624 1872 1674 Scot
1912 1625 2090 1674 sororis
2128 1644 2234 1675 mee

182 1717 494 1781 filiorumque
518 1716 732 1766 filiarum
769 1724 817 1769 et
843 1716 1086 1766 Willelmi
1118 1716 1300 1766 Brown
1333 1717 1536 1766 alterius
1561 1718 1715 1782 sponfi
1742 1724 1791 1767 et
1815 1717 2001 1766 domini
2029 1717 2234 1768 Roberti

183 1810 394 1859 Browne
443 1809 548 1858 eius
585 1809 674 1858 filii
716 1808 892 1858 vicarii
930 1810 991 1858 de
1034 1809 1259 1876 Kynnell
1299 1817 1348 1859 et
1390 1810 1640 1875 fignanter
1676 1828 1767 1875 pro
1806 1811 1971 1859 anima
2015 1811 2235 1875 magistri

176 1903 214 1953 J
216 1903 359 1952 acobi
384 1902 526 1969 Lyne
550 1902 870 1968 prebendarii
895 1903 956 1951 de
982 1903 1224 1969 Abirlade
1251 1931 1262 1942 ·
1287 1919 1379 1967 pro
1404 1903 1661 1952 animabus
1685 1902 1720 1952 J
1724 1902 1930 1952 ohannis
1954 1902 2234 1967 Aldynston

179 1995 378 2059 eiusque
414 1994 584 2060 sponse
620 1994 804 2044 Jonete
844 1994 962 2045 Scot
998 1996 1178 2044 sororis
1214 1988 1322 2045 mee
1360 2013 1630 2060 eorumque
1665 1995 1879 2044 filiorum
1905 2012 1963 2044 ac
1986 1995 2197 2044 filiarum
2223 2025 2233 2033 ·

134 2133 138 2137 ,
174 2104 268 2151 pro
292 2087 548 2136 animabus
570 2086 737 2136 Dauid
763 2086 1015 2136 Penneter
1038 2086 1293 2153 burgensis
1318 2088 1379 2136 de
1405 2086 1669 2136 Monthros
1695 2086 1893 2151 eiusque
1919 2087 2088 2150 sponse
2112 2086 2232 2135 filio«

176 2196 287 2228 rum
313 2196 370 2227 ac
394 2179 607 2228 filiarum
645 2188 695 2228 et
729 2179 967 2244 precipue
1003 2196 1094 2244 pro
1131 2181 1298 2229 anima
1331 2179 1554 2245 magistri
1591 2179 1795 2228 Patricii
1831 2179 2080 2227 Pennetcr
2117 2179 2232 2226 olim

172 2271 428 2320 secretarii
465 2271 678 2336 supremi
721 2271 910 2319 domini
945 2271 1101 2320 nostri
1136 2272 1269 2338 regis
1308 2270 1482 2322 Scocie
1519 2301 1529 2311 ·
1566 2288 1658 2335 pro
1700 2270 1955 2319 animabus
1991 2270 2230 2318 Willelmi

178 2364 383 2413 Nudere
427 2363 679 2430 burgenfis
716 2365 778 2413 de
814 2364 1080 2414 Monthros
1116 2364 1314 2428 eiusque
1350 2364 1519 2428 sponse
1555 2362 1768 2411 Katrine
1808 2360 1925 2410 Scot
1961 2377 2227 2424 eorumque

176 2455 388 2505 filiorum
438 2474 496 2505 30
534 2456 749 2505 filiarum
792 2464 841 2505 et
880 2456 1131 2522 signanter
1171 2472 1263 2521 pro
1308 2455 1474 2503 anima
1518 2453 1733 2518 magistri
1783 2452 1975 2501 Thome
2024 2451 2228 2500 Nudere

178 2547 518 2596 archidiaconi
542 2546 870 2596 Morauienfis
895 2563 952 2596 30
979 2547 1387 2596 commendatarii
1419 2545 1705 2595 monasterii
1729 2545 1790 2593 dc
1818 2544 1993 2594 Colros
2029 2543 2227 2608 protho-

178 2638 361 2687 notarii
390 2638 646 2703 apostolici
671 2656 729 2687 ac
753 2638 1030 2687 sanffiffimi
1057 2638 1245 2687 domini
1268 2638 1422 2686 nostri
1446 2654 1574 2702 pape
1600 2635 1890 2685 cubicularii
1914 2661 1925 2672 ·
1948 2620 2039 2699 pro
2063 2635 2227 2683 anima

68 2734 70 2744 ¹
166 2729 398 2796 *magistri
441 2730 614 2779 Dauid
660 2730 872 2779 Browne
914 2730 1122 2780 ream-is
1162 2731 1224 2779 de
1265 2728 1514 2779 Foteress'o
1562 2756 1572 2767 ·
1621 2744 1712 2792 pro
1760 2726 2014 2775 animabus
2057 2725 2224 2774 Dauid

181 2822 335 2872 Clark
386 2823 584 2887 eiusque
642 2823 813 2887 sponse
860 2822 1073 2871 filiorum
1123 2839 1181 2871 ac
1227 2821 1441 2870 filiarum
1500 2848 1510 2858 ·
1568 2836 1659 2884 pro
1707 2817 1962 2867 animabus
2008 2815 2224 2880 magistri

42 2910 75 2963 ιΙ
178 2913 423 2963 Johannis
462 2914 619 2964 Clark
653 2923 703 2964 et
738 2914 926 2963 domini
952 2913 1166 2963 Walteri
1204 2912 1356 2963 Clark
1396 2894 1764 2975 capellanorum
1799 2936 1809 2947 ·
1848 2925 1938 2973 pro
1970 2907 2223 2956 animabus

166 3005 383 3054 ⁴Andree
406 3005 522 3054 Scot
546 3007 744 3069 eiusque
770 3005 938 3069 sponse
964 3031 974 3042 ·
998 3020 1090 3068 pro
1115 3003 1371 3052 animabus
1397 3000 1585 3050 domini
1610 2998 1814 3048 Ricardi
1834 2997 1949 3046 Scot
1968 2996 2219 3045 monachi·

181 3094 386 3146 Roberti
408 3097 584 3146 Bower
605 3124 615 3135 ·
640 3097 675 3145 J
678 3095 886 3145 ohannis
912 3094 1020 3143 Bad
1044 3120 1053 3130 ·
1078 3093 1284 3143 Patr-icii
1309 3092 1517 3157 Murray
1544 3117 1554 3128 ·
1578 3090 1780 3145 Andree
1809 3088 1925 3138 Scot
1948 3113 1958 3125 ·
1984 3086 2220 3135 Willelmi

184 3186 300 3237 Scot
335 3214 345 3225 ·
382 3188 590 3238 Roberti
626 3186 893 3237 Aldinston
931 3214 941 3224 ·
978 3186 1333 3233 monachorum
1367 3180 1652 3230 monasterii
1693 3180 1754 3228 de
1790 3176 2049 3242 Arbroyth
2085 3202 2094 3212 ·
2129 3192 2218 3240 pro
