2762 3834
584 392 681 436 308
1031 384 1447 439 REGISTRUM
1480 384 1577 432 DE
1612 382 1998 433 ABERBROT
2006 383 2171 434 HOC.

580 519 811 570 ,Iohanne
846 519 1038 570 Sclatar
1063 518 1318 583 capellano
1344 546 1354 555 ·
1380 516 1667 564 Alexandro
1693 514 1929 580 Baldewy
1954 516 2015 563 de
2040 517 2212 565 eodem
2240 548 2250 558 ·
2287 524 2337 565 et
2368 517 2617 567 Duncano

581 612 838 677 Lychtone
862 639 872 648 ·
898 629 1008 660 cum
1033 609 1234 658 diuersis
1259 608 1367 656 aliis
1407 644 1417 654 .
1458 643 1470 655 .
1513 643 1524 654 .

648 703 890 751 Robertus
912 684 1145 764 Martyne
1172 698 1383 747 vicarius
1408 698 1470 745 de
1495 696 1711 746 Garwok
1736 714 1885 746 manu
1911 700 2131 763 propria.

648 792 758 840 Hoc
783 792 1054 855 precedens
1079 789 1354 853 exemplum
1382 788 1547 836 aliena
1569 805 1721 837 manu
1739 788 1953 838 fideliter
1976 791 2038 839 de
2062 791 2297 855 originali
2316 793 2548 857 scriptum
2570 802 2619 842 et

578 901 684 931 cum
712 883 882 931 eodem
909 882 1289 930 collacionatum
1315 880 1585 929 concordat
1608 897 1699 944 per
1723 898 1801 930 me
1831 881 2173 931 Alexandrum
2196 883 2341 949 Myln
2377 885 2430 932 in
2466 885 2615 950 origi·

575 975 675 1023 nali
700 973 945 1022 notarium
980 998 991 1009 ·
1027 971 1246 1036 apposita
1274 971 1533 1035 prescripti
1568 971 1757 1020 domini
1782 972 1990 1022 Roberti
2013 975 2231 1023 manuali
2257 975 2614 1040 subscripcione

573 1068 623 1114 in
648 1066 970 1113 instrumento
994 1063 1258 1128 principali
1282 1070 1330 1111 et
1356 1062 1523 1111 omifl'a
1538 1063 1900 1128 subscripcione
1915 1065 2181 1130 principali
2198 1067 2341 1115 causa
2357 1067 2615 1116 breuitatis

571 1158 664 1205 hoc
686 1156 961 1220 exemplum
986 1155 1200 1219 presenti
1226 1154 1578 1218 subscriptione
1602 1155 1835 1204 roboraui
1869 1156 2073 1205 testibus
2097 1158 2409 1207 manualibus
2432 1160 2613 1224 scripto

572 1257 619 1296 et
640 1248 787 1312 signo,

572 1502 852 1588 Glammys
878 1550 887 1559 ·
912 1529 1200 1586 preceptum
1226 1521 1286 1568 de
1312 1520 1485 1568 saisina
1509 1520 1741 1569 eiusdem.

420 1732 515 1783 379
567 1685 758 1757 Dauid
798 1744 809 1755 .
851 1744 861 1755 .
904 1744 915 1754 .
955 1706 1103 1755 abbas
1147 1743 1157 1753 .
1198 1741 1210 1752 .
1249 1741 1260 1753 .
1296 1705 1357 1753 de
1383 1704 1723 1754 Abirbrothoc
1761 1743 1772 1753 .
1815 1725 1826 1754 .·
1862 1743 1873 1754 .
1907 1704 2116 1755 Valtero
2142 1706 2403 1773 Lychtone
2428 1709 2610 1758 iuniori

568 1799 629 1848 de
647 1798 969 1864 Wllishawyn
995 1798 1179 1847 balliuo
1204 1798 1371 1846 nostro
1396 1798 1449 1845 in
1475 1798 1568 1846 hac
1591 1805 1733 1862 parte
1768 1835 1780 1846 .
1817 1836 1827 1846 .
1865 1835 1876 1846 .
1907 1797 2112 1847 salutem
2137 1826 2147 1837 ·
2175 1798 2308 1857 Quia
2331 1801 2610 1865 recepimus

571 1928 581 1937 .
627 1928 637 1938 .
682 1930 690 1938 .
733 1890 767 1938 J
770 1891 1012 1939 ohannem
1039 1890 1293 1938 dominum
1317 1889 1575 1955 Glammys
1599 1889 1753 1938 filium
1779 1897 1827 1939 et
1851 1890 2085 1939 heredem
2111 1891 2229 1939 olim
2252 1891 2287 1940 J
2291 1893 2498 1941 ohannis
2524 1894 2608 1941 do-

567 1982 687 2030 mini
711 1983 772 2031 de
798 1982 1052 2047 Glammys
1076 1981 1229 2045 patris
1251 1981 1323 2029 sui
1348 1990 1592 2030 terrarum
1620 1982 1681 2030 de
1705 1982 1845 2030 nobis
1869 1999 1959 2047 per
1977 1983 2337 2047 predecessores
2361 1992 2609 2033 tentarum

567 2074 697 2122 infra
732 2074 1036 2122 territorium
1074 2074 1135 2122 de
1177 2073 1436 2139 Glammys
1484 2110 1495 2121 .
1540 2110 1551 2122 .
1595 2109 1607 2121 .
1648 2073 1924 2122 iacencium
1958 2074 2011 2122 in
2046 2075 2215 2123 nostra
2249 2075 2508 2140 regalitate
2543 2078 2606 2126 de

566 2166 899 2215 Abirbrothoc
924 2166 1053 2214 infra
1069 2166 1465 2215 vicecomitatum
1485 2166 1547 2214 de
1566 2165 1763 2214 Forfair
1786 2173 2020 2230 tanquam
2043 2183 2214 2215 verum
2239 2174 2288 2215 et
2311 2167 2606 2233 legittimum

567 2258 796 2306 heredem
831 2259 944 2306 dieti
972 2258 1218 2306 Johannis
1253 2258 1408 2322 patris
1444 2258 1515 2306 sui
1552 2259 1613 2330 de
1650 2257 1877 2305 omnibus
1908 2246 1963 2306 'et
1998 2256 2198 2322 singulis
2234 2258 2378 2307 terris
2413 2259 2508 2307 suis
2545 2260 2606 2309 de

571 2348 826 2415 Glammys
862 2350 1147 2414 supradiffls
1188 2387 1198 2397 .
1239 2387 1250 2397 .
1292 2386 1304 2397 .
1346 2349 1504 2398 Vobis
1541 2349 1694 2414 igitur
1732 2385 1743 2397 .
1783 2385 1794 2396 .
1833 2386 1844 2397 .
1885 2349 2173 2398 mandamus
2214 2351 2445 2413 quatinus
2485 2389 2496 2399 .
2539 2389 2551 2400 .
2593 2389 2605 2400 .

569 2441 786 2490 saisinam
831 2479 841 2489 .
881 2478 892 2488 .
937 2478 947 2488 .
991 2442 1229 2489 di&arum
1256 2450 1500 2491 terrarum
1551 2478 1561 2488 .
1620 2478 1630 2489 .
1682 2479 1693 2489 .
1743 2441 1875 2489 dieto
1898 2440 2121 2489 Johanni
2145 2449 2230 2490 aut
2253 2442 2337 2490 suo
2363 2451 2500 2491 certo
2526 2461 2604 2492 ac-

567 2544 765 2585 tornato
812 2534 1118 2598 presencium
1165 2535 1311 2583 latori
1352 2572 1364 2584 .
1404 2571 1415 2583 .
1455 2572 1466 2582 .
1503 2534 1676 2583 haberi
1722 2532 1916 2582 faciatis
1963 2561 1973 2571 ·
2013 2533 2255 2596 capiendo
2290 2533 2604 2583 securitatem

570 2627 701 2692 quod
740 2626 880 2673 nobis
915 2626 1063 2674 faciat
1099 2627 1232 2689 quod
1266 2627 1327 2674 de
1362 2627 1470 2674 iure
1495 2626 1661 2674 facere
1686 2632 1883 2682 tenetur
1926 2660 1937 2671 .
1980 2660 1993 2673 .
2034 2660 2047 2672 .
2090 2624 2239 2688 Apud
2264 2624 2603 2675 Abirbrothoc

571 2735 702 2766 nono
726 2717 805 2765 die
830 2715 1003 2763 mensis
1027 2715 1061 2764 J
1065 2716 1166 2764 unii
1193 2734 1322 2765 anno
1347 2718 1552 2767 Domini
1584 2723 1651 2765 m⁰
1687 2721 1821 2765 cccc⁰
1851 2713 2163 2780 nonagesimo
2188 2716 2410 2779 septimo,
