2762 3834
468 1574 531 1617 20

589 403 651 448 18
1042 395 1470 448 REGISTRUM
1505 394 1603 444 DE
1639 389 2207 442 ABERBROTHOC.

587 550 740 598 penes
765 533 950 581 dictum
978 531 1224 580 Thomam
1248 544 1512 578 remanens
1549 525 1802 575 communi
1836 524 1996 591 figillo
2033 525 2278 574 (lictorum
2314 523 2660 589 religiosorum

590 624 907 691 confignatur
931 625 1089 673 altera
1115 638 1233 671 vero
1262 638 1378 686 pars
1415 636 1569 684 penes
1609 618 1767 667 dietus
1799 618 2030 667 abbatem
2070 625 2120 666 et
2159 624 2464 666 conuentum
2501 615 2660 681 figillo

589 718 707 767 dieti
733 717 928 766 Thome
954 722 1180 765 remanet
1206 713 1494 778 consignata
1519 711 1601 760 cui
1627 711 1786 761 eciam
1812 718 1861 760 et
1886 710 2186 760 venerabilis
2210 717 2354 776 pater
2378 710 2431 758 in
2460 709 2660 760 Christo

588 810 816 859 dominus
842 808 1124 857 Willelmus
1149 806 1230 855 dei
1264 805 1430 871 gratia
1464 804 1616 854 abbas
1652 804 1939 855 monasterii
1963 806 2024 853 de
2050 804 2264 854 Kalkow
2290 805 2355 853 ad
2377 803 2662 866 instantiam

588 904 705 951 dicti
733 902 926 951 Thome
952 901 1165 966 figillum
1189 899 1326 948 suum
1349 898 1576 964 apposuit
1601 927 1611 938 ·
1639 899 1823 949 Actum
1845 906 1894 948 et
1914 899 2086 948 datum
2102 898 2157 947 in
2177 897 2396 964 capitulo
2416 897 2662 947 diam-um

586 995 925 1060 religiosorum
963 993 1241 1060 penultimo
1284 992 1365 1042 die
1403 991 1585 1042 menfis
1627 992 1925 1042 Decembris
1967 1009 2099 1041 anno
2136 991 2299 1057 gratie
2338 997 2406 1039 m⁰
2450 997 2555 1040 ccc⁰
2595 991 2664 1039 xl⁰

586 1090 816 1138 secundo.

594 1348 976 1440 [Confirmacio
1002 1371 1135 1438 regis
1160 1370 1334 1421 Dauid
1359 1371 1421 1421 de
1447 1370 1676 1437 Brakie.]

583 1540 775 1613 Dauid
801 1562 902 1612 Dei
927 1562 1091 1628 gratia
1125 1579 1216 1612 rex
1257 1561 1521 1613 Scotorum
1558 1551 1788 1610 omnibus
1839 1598 1850 1609 .
1902 1599 1912 1609 .
1967 1599 1978 1609 .
2028 1561 2235 1611 salutem
2287 1599 2299 1611 .
2351 1560 2531 1612 Sciatis
2572 1579 2663 1611 nos

585 1657 839 1721 inspexisse
880 1693 891 1707 .
930 1694 941 1705 .
981 1694 992 1705 .
1032 1664 1221 1706 cartam
1258 1655 1548 1722 Margarete
1585 1654 1854 1706 Senescalli
1891 1655 2128 1705 comitisse
2154 1657 2216 1706 de
2241 1656 2419 1722 Angus
2458 1695 2469 1706 .
2510 1694 2520 1706 .
2561 1695 2571 1706 .
2610 1658 2662 1706 in

585 1752 679 1800 hec
703 1752 858 1801 uerba
897 1783 908 1793 -
949 1750 1197 1801 Omnibus
1230 1750 1362 1800 hanc
1399 1757 1589 1800 cartam
1615 1749 1792 1799 visuris
1816 1749 1899 1799 uel
1924 1750 2171 1799 audituris
2196 1749 2491 1816 Margareta
2515 1750 2664 1801 Sene·

587 1844 721 1893 scalli
760 1844 999 1894 comitissa
1039 1845 1101 1893 de
1144 1844 1326 1910 Angus
1369 1843 1573 1893 domina
1614 1844 1676 1893 de
1719 1843 2010 1911 Abirnethy
2045 1845 2252 1895 salutem
2300 1883 2312 1895 .
2364 1883 2375 1894 .
2428 1883 2439 1894 .
2493 1844 2665 1896 Sciant

585 1938 836 2002 presentes
872 1946 923 1988 et
957 1937 1114 1987 futuri
1148 1954 1229 1986 me
1263 1937 1316 1986 in
1352 1937 1513 1987 libera
1546 1937 1791 2003 potestate
1826 1955 1937 1987 mee
1962 1938 2221 1988 viduitatis
2255 1938 2546 1988 existentem
2570 1955 2663 2004 pro

585 2031 738 2081 salute
764 2032 926 2080 anime
953 2032 1142 2080 domini
1166 2031 1267 2080 mei
1291 2030 1482 2079 domini
1506 2030 1542 2080 J
1546 2031 1757 2080 ohannis
1785 2029 2055 2080 Senescalli
2090 2032 2343 2095 quondam
2380 2032 2576 2081 comitis
2601 2033 2663 2081 de

585 2125 763 2190 Angus
789 2133 837 2175 et
862 2125 1012 2175 etiam
1037 2124 1202 2175 anime
1226 2141 1336 2174 mee
1361 2141 1559 2174 necnon
1581 2131 1631 2173 et
1650 2125 1930 2175 animarum
1948 2125 2329 2191 progenitorum
2352 2126 2664 2176 etheredum

536 2237 538 2239 ’
583 2219 864 2269 nostrorum
890 2220 1071 2269 dedisse
1121 2258 1131 2269 .
1185 2258 1195 2268 .
1248 2258 1259 2269 .
1309 2218 1611 2268 monasterio
1661 2256 1672 2268 .
1724 2257 1736 2268 .
1788 2257 1798 2268 .
1845 2219 1908 2268 de
1944 2219 2295 2269 Abirbrothak
2339 2257 2350 2269 .
2397 2258 2409 2270 .
2455 2257 2466 2268 .
2507 2227 2664 2270 totam

585 2321 768 2362 terram
793 2331 955 2363 meam
980 2315 1042 2363 de
1067 2313 1255 2363 Brakie
1279 2341 1290 2351 ·
1316 2312 1600 2362 Bollischen
1625 2341 1636 2353 ·
1665 2319 1715 2361 et
1738 2311 2003 2362 Kenbraid
2027 2339 2039 2351 ·
2065 2329 2179 2361 cum
2213 2329 2358 2361 mora
2391 2313 2663 2362 earundem

586 2416 762 2456 vocata
784 2408 851 2457 lie
875 2408 1021 2457 Firth
1052 2415 1201 2473 atque
1239 2407 1597 2457 communitate
1637 2413 1686 2455 et
1726 2405 1981 2455 communi
2015 2405 2220 2470 pastura
2243 2405 2295 2454 in
2320 2422 2461 2454 mora
2495 2405 2664 2454 nostra

588 2506 765 2549 vocata
782 2500 1172 2550 Montrithmont
1210 2539 1221 2550 .
1262 2539 1274 2549 .
1315 2539 1325 2549 .
1363 2501 1498 2549 infra
1514 2499 1919 2549 vicecomitatum
1936 2500 1998 2548 de
2014 2499 2195 2549 Forfar
2213 2517 2304 2566 per
2323 2502 2481 2549 rectas
2505 2508 2662 2550 metas

589 2599 639 2640 et
663 2591 843 2641 diuisas
867 2593 977 2641 suas
1026 2631 1038 2642 .
1091 2631 1102 2642 .
1152 2631 1164 2643 .
1215 2611 1329 2643 cum
1362 2593 1591 2642 omnibus
1640 2632 1652 2643 .
1704 2631 1715 2642 .
1767 2631 1778 2642 .
1826 2593 2142 2642 libertatibus
2192 2632 2203 2643 .
2255 2631 2267 2642 .
2320 2631 2330 2642 .
2379 2594 2445 2642 ad
2480 2593 2662 2642 dictam

589 2692 773 2734 terram
813 2686 1142 2750 speaantibus
1187 2725 1198 2736 .
1245 2725 1255 2736 .
1305 2724 1316 2736 .
1362 2686 1659 2736 Tenendam
1698 2724 1709 2736 .
1748 2723 1760 2734 .
1800 2723 1812 2734 .
1848 2685 1902 2735 in
1943 2685 2152 2735 liberam
2193 2724 2203 2734 .
2244 2724 2255 2734 .
2296 2723 2307 2734 .
2346 2685 2661 2735 elemofinam

593 2816 602 2825 .
644 2815 654 2825 .
695 2814 707 2825 .
743 2775 996 2826 Faciendo
1032 2779 1150 2828 inde
1190 2817 1201 2829 .
1242 2817 1253 2829 .
1294 2817 1305 2828 .
1343 2779 1547 2829 domino
1579 2780 1691 2846 regi
1722 2779 1989 2830 seruicium
2028 2780 2252 2829 debitum
2288 2787 2338 2829 et
2375 2781 2662 2830 consuetum

591 2877 640 2918 et
664 2870 798 2934 quod
822 2870 956 2918 omni
982 2871 1062 2920 die
1086 2872 1225 2921 missa
1249 2873 1532 2922 celebretur
1569 2872 1938 2939 imperpetuum
1976 2890 2069 2938 pro
2103 2873 2364 2923 animabus
2398 2873 2661 2923 antedictis

590 2965 655 3013 ad
679 2963 835 3012 altare
864 2963 1042 3013 San&e
1071 2964 1305 3015 Caterine
1331 2967 1540 3033 virginis
1563 2966 1617 3015 in
1641 2965 1942 3015 monasterio
1966 2965 2247 3030 supradicto
2282 2993 2293 3004 ·
2329 2965 2396 3015 Et
2420 2982 2514 3030 ego
2542 2983 2661 3015 vero

591 3065 640 3106 et
663 3056 872 3106 heredes
894 3057 993 3104 mei
1020 3057 1173 3106 dietas
1196 3065 1356 3107 terras
1395 3096 1406 3107 .
1446 3097 1457 3107 .
1497 3097 1508 3107 .
1546 3058 1805 3108 monachis
1824 3059 2246 3108 varantizabimus
2284 3095 2296 3107 .
2336 3095 2347 3106 .
2386 3094 2398 3105 .
2437 3057 2497 3106 In
2523 3058 2662 3107 cuius

589 3150 663 3199 rei
711 3148 1043 3199 testimonium
1090 3151 1307 3214 presenti
1355 3159 1491 3200 carte
1532 3169 1642 3201 mee
1686 3151 1897 3217 figillum
1937 3168 2105 3200 meum
2146 3150 2351 3217 apposui
2399 3177 2410 3189 ·
2457 3151 2661 3200 testibus

593 3284 602 3293 .
645 3283 655 3293 .
696 3282 707 3293 .
746 3242 996 3293 Mauricio
1035 3281 1045 3292 .
1087 3282 1097 3292 .
1138 3281 1148 3291 .
1187 3243 1415 3309 episcopo
1438 3242 1784 3294 Dunblanenfi
1812 3281 1823 3293 .
1853 3282 1864 3292 .
1894 3281 1906 3292 .
1932 3242 2183 3292 Duncano
2207 3243 2387 3293 comite
2412 3243 2474 3292 de
2499 3242 2626 3308 Fyfe
2651 3271 2660 3279 ·
