2742 3848
43 561 137 617 706

43 1023 136 1077 707

638 327 1068 390 REGISTRUM
1102 326 1201 376 DE
1237 323 1800 376 ABERBROTHOC.
2158 327 2255 379 487

188 534 515 620 Preceptum
545 556 699 605 sasine
736 556 1009 605 earundem
1033 564 1282 605 terrarum
1308 553 1535 603 Waltero
1560 552 1713 601 Innes
1738 553 1800 601 de
1828 551 2037 601 kakis
2062 551 2258 600 heredi-

189 650 315 699 tarie
342 649 676 699 concessarum
702 658 852 714 prout
874 650 928 698 in
954 656 1094 698 carta
1118 647 1327 712 desuper
1353 645 1666 695 conficienda
1696 645 1893 710 plenius
1919 645 2258 694 continebitur

192 743 434 792 dire&um
460 742 643 791 eisdem
667 742 865 791 balliuis
902 771 912 781 ·
951 745 978 795 7
1005 739 1222 806 Augusti
1249 743 1396 788 1528.

191 1000 346 1072 Idem
398 1040 490 1088 pro
550 1040 717 1072 annuo
774 1023 921 1072 censu
976 1022 1248 1088 subscripto
1298 1030 1347 1071 et
1395 1023 1582 1071 summa
1627 1023 1970 1072 sexcentarum
2019 1023 2256 1071 librarum

191 1122 389 1164 monete
417 1114 592 1165 Scocie
617 1132 709 1180 pro
734 1114 1088 1179 redempcione
1125 1131 1290 1164 annue
1327 1114 1575 1180 pensionis
1611 1116 1746 1164 mille
1778 1115 2017 1164 librarum
2044 1114 2258 1164 eiusdem

191 1215 389 1256 monete
415 1209 477 1257 de
501 1208 743 1256 fructibus
768 1206 1056 1256 monasterii
1082 1208 1146 1255 ad
1170 1225 1345 1256 manus
1381 1207 1415 1256 J
1419 1209 1562 1257 acobi
1599 1209 1794 1258 comitis
1823 1208 2055 1257 Morauie
2092 1207 2258 1256 abbati

191 1309 240 1349 et
276 1301 445 1350 comiti
487 1301 646 1350 soluta
681 1300 864 1350 affedat
900 1318 992 1365 pro
1030 1301 1362 1349 nouendecim
1398 1301 1542 1350 annis
1579 1319 1608 1349 a
1643 1301 1764 1350 festo
1809 1300 1976 1351 Sanffi
2020 1300 2159 1349 Petri
2196 1300 2260 1347 ad

191 1387 393 1443 vincula
423 1399 550 1443 1528
578 1394 806 1444 Waltero
834 1394 1040 1460 Ogyluy
1067 1395 1128 1443 de
1151 1394 1456 1443 Monicabok
1490 1423 1499 1433 ·
1535 1393 1758 1459 Georgio
1786 1393 1991 1459 Ogyluy
2017 1402 2066 1442 et
2090 1392 2258 1441 Allex—

191 1488 349 1536 andro
378 1487 584 1554 Ogyluy
609 1488 706 1537 suis
741 1488 857 1536 filiis
893 1487 1205 1536 naturalibus
1243 1514 1254 1524 ·
1294 1495 1343 1535 et
1378 1485 1604 1534 «Iohanni
1633 1485 1839 1552 Ogyluy
1864 1486 1968 1534 filio
2006 1494 2055 1534 et
2085 1484 2258 1533 heredi

192 1581 442 1644 quondam
458 1579 698 1629 Willelmi
721 1580 927 1646 Ogyluy
945 1580 1007 1628 de
1033 1580 1178 1630 Pette
1202 1579 1376 1628 militis
1401 1609 1411 1619 ·
1439 1596 1498 1628 ac
1523 1579 1619 1628 suis
1651 1579 1902 1645 affignatis
1927 1588 1976 1628 et
2000 1580 2259 1627 subtenen-
2353 1604 2360 1611 -

190 1674 321 1722 tibus
346 1691 446 1722 non
472 1674 675 1723 maioris
701 1673 853 1723 status
879 1673 1097 1722 decimas
1122 1672 1352 1738 garbales
1388 1672 1591 1722 ecclefie
1617 1673 1678 1720 de
1704 1671 1950 1721 Innernes
1975 1672 2107 1721 infra
2133 1673 2258 1720 vice-

190 1767 478 1816 comitatum
505 1767 722 1816 eiusdem
754 1795 764 1806 ·
792 1784 850 1815 ac
876 1766 1095 1815 decimas
1119 1765 1350 1830 garbales
1375 1773 1624 1814 terrarum
1649 1766 1711 1814 de
1739 1764 1932 1832 Quint-y
1959 1766 2258 1831 Arbrangan

190 1869 240 1909 et
264 1860 537 1928 Doloquhy
560 1861 611 1909 in
638 1860 880 1926 parochia
904 1861 966 1909 de
991 1859 1315 1908 Innerbunde
1341 1867 1389 1908 et
1412 1858 1761 1907 vicecomitatu
1787 1859 1848 1907 de
1874 1858 2009 1907 Banf
2029 1887 2038 1897 ·
2066 1877 2260 1908 necnon

190 1954 411 2003 decimas
436 1954 663 2003 alborum
693 1954 900 2018 piscium
926 1954 987 2002 de
1015 1952 1150 2001 Banf
1180 1962 1230 2003 et
1266 1951 1614 2016 Knokanhayr
1652 1960 1701 2001 et
1738 1952 1955 2001 decimas
1992 1951 2261 2000 salmonum

190 2049 252 2096 de
278 2047 414 2096 Banf
446 2076 456 2086 ·
494 2056 544 2096 et
578 2064 670 2111 pro
706 2046 1038 2095 nouendecim
1075 2046 1219 2095 annis
1257 2063 1284 2093 a
1321 2045 1444 2093 festo
1481 2044 1837 2094 Penthecostes
1879 2049 2008 2094 1530
2045 2046 2261 2094 decimas

190 2141 418 2205 garbales
444 2140 648 2189 ecclesie
674 2140 735 2188 de
765 2138 1069 2205 Gemmerye
1094 2138 1469 2188 Aberdonensis
1506 2139 1712 2188 diocefis
1751 2157 1861 2188 cum
1899 2140 2126 2188 omnibus
2150 2157 2260 2204 per-

191 2233 423 2282 tinenciis
448 2233 660 2282 re&orie
699 2260 707 2269 ·
746 2232 1023 2281 Reddendo
1059 2249 1151 2296 pro
1189 2232 1394 2281 decimis
1432 2231 1636 2280 ecclesie
1662 2232 1723 2280 de
1749 2231 1994 2280 Innernes
2020 2233 2259 2280 ducentas

191 2343 383 2375 marcas
409 2355 419 2365 ·
445 2343 536 2391 pro
562 2325 768 2375 decimis
794 2332 1041 2374 terrarum
1069 2326 1131 2374 de
1160 2324 1354 2390 Quinty
1382 2326 1687 2390 Arbrangan
1714 2335 1764 2373 et
1787 2299 2062 2390 Doioquhy
2087 2325 2258 2372 decem

190 2419 342 2467 libras
382 2446 391 2456 ·
433 2435 524 2483 pro
564 2417 770 2466 decimis
807 2417 1033 2466 alborum
1066 2418 1273 2482 piscium
1313 2419 1374 2467 de
1413 2418 1548 2466 Banf
1582 2425 1631 2466 et
1667 2417 2002 2482 Knokynhair
2039 2416 2259 2481 quinque

194 2528 385 2561 marcas
410 2520 608 2559 monete
638 2509 813 2560 Scocie
851 2539 861 2548 ·
898 2526 991 2575 pro
1021 2510 1229 2559 decimis
1255 2519 1305 2560 et
1329 2510 1676 2575 emolumentis
1712 2510 1923 2559 restorie
1949 2511 2010 2559 (16
2039 2511 2259 2576 Gemrye

196 2603 527 2669 quadraginta
563 2611 663 2651 tres
698 2602 850 2650 libras
888 2603 969 2650 sex
1005 2602 1185 2651 solidos
1222 2611 1272 2652 et
1308 2607 1416 2652 0850
1454 2603 1687 2651 denarios
1720 2603 1936 2651 eiusdem
1961 2612 2160 2652 monete
2198 2606 2259 2652 ad

194 2696 317 2745 festa
340 2696 527 2745 Pasche
554 2703 603 2744 et
631 2695 800 2745 San&i
826 2694 964 2743 Petri
988 2695 1052 2743 ad
1077 2695 1278 2744 vincula
1300 2695 1332 2743 si
1352 2703 1588 2760 petantur
1613 2704 1663 2744 et
1685 2696 1979 2745 cessantibus
2004 2697 2259 2763 legittimis

195 2788 562 2854 impedimentis
598 2817 609 2827 ·
647 2796 696 2837 et
720 2805 811 2852 pro
838 2787 1044 2836 decimis
1069 2788 1341 2836 salmonum
1368 2789 1429 2837 de
1461 2789 1591 2837 Banf
1613 2807 1756 2838 vnam
1783 2788 1953 2838 lastam
1988 2791 2257 2839 salmonum

195 2881 310 2930 boni
349 2889 398 2930 et
432 2879 715 2929 sufficientis
750 2879 1063 2928 mercimonii
1100 2881 1164 2928 ad
1194 2882 1463 2930 terminum
1494 2884 1781 2932 consuetum
1819 2909 1830 2920 ·
1866 2891 1915 2931 et
1943 2881 1975 2930 si
2001 2885 2258 2947 contingat

197 2972 351 3021 didos
374 2974 427 3021 in
460 2971 768 3021 affedacione
805 2973 1068 3037 dampnari
1104 2974 1255 3022 abbas
1291 2974 1479 3039 obligat
1515 2976 1562 3022 se
1599 2974 1781 3023 eisdem
1817 2975 1869 3022 in
1907 2975 2091 3024 summa
2126 2976 2258 3023 mille

195 3064 433 3113 librarum
461 3074 658 3114 monete
687 3063 863 3114 Scocie
888 3081 979 3129 pro
1005 3065 1230 3129 expensis
1255 3074 1303 3115 et
1328 3066 1557 3116 interesse
1583 3095 1593 3105 ·
1624 3071 1685 3115 13
1715 3065 2018 3131 Septembris
2047 3071 2191 3114 1528.
