2742 3848
71 561 167 614 693
182 519 185 525 ’

73 2046 168 2101 694

74 2517 169 2574 695

673 337 1098 390 REGISTRUM
1132 337 1230 386 DE
1267 335 1832 388 ABERBROTHOC.
1923 376 1927 380 .
2189 345 2282 389 481

221 547 375 619 Idem
423 566 605 615 affedat
651 582 743 630 pro
787 566 1117 615 nouendecim
1166 566 1310 615 annis
1350 564 1605 614 Willelmo
1646 564 1817 632 Woyd
1864 566 1926 614 de
1974 565 2241 615 Bonneton
2278 595 2287 603 -

221 661 509 727 Margarete
538 657 754 724 Ogylwy
779 658 886 707 eius
911 659 1081 723 sponse
1121 686 1130 697 ·
1168 666 1218 708 et
1252 659 1446 709 Jacobo
1473 660 1644 726 Woyd
1679 651 1852 709 eorum
1887 660 1991 708 filio
2029 668 2079 710 et
2113 660 2289 709 heredi

220 753 483 821 apparenti
521 779 531 789 ·
570 761 619 801 et
653 768 825 800 eorum
859 750 1110 817 affignatis
1135 769 1235 801 non
1260 753 1464 802 maioris
1489 753 1643 802 status
1669 753 1927 802 dimidiam
1952 761 2146 818 partem
2172 753 2289 803 ville

219 850 282 898 de
309 847 591 911 Nevbegyn
616 861 728 892 cum
754 843 960 892 decimis
983 845 1269 909 garbalibus
1294 863 1505 896 vnacum
1533 847 1740 896 dimidia
1763 855 1906 912 parte
1930 842 2205 896 molendini
2226 848 2288 896 de

222 937 586 1007 Kyrktonmyll
611 945 661 987 et
686 936 892 986 decimis
927 936 1145 986 eiusdem
1183 968 1194 978 ·
1238 938 1490 989 Soluendo
1527 958 1618 1005 pro
1655 941 1864 989 dimidia
1897 940 2014 990 ville
2051 941 2113 990 de
2151 940 2289 990 Neu-

221 1036 426 1100 byggyn
464 1038 515 1080 et
550 1030 855 1079 decimarum
895 1028 1112 1078 eiusdem
1153 1031 1375 1097 quinque
1404 1032 1563 1081 bollas
1594 1040 1644 1082 et
1676 1032 1934 1082 dimidiam
1960 1050 2073 1082 cum
2098 1033 2290 1082 duobus

221 1128 273 1194 ly
298 1126 487 1192 peckys
522 1124 761 1173 frumenti
798 1150 808 1160 ·
844 1123 1066 1187 quinque
1091 1123 1249 1173 bollas
1286 1133 1336 1173 et
1371 1125 1626 1174 dimidiam
1665 1142 1777 1174 cum
1802 1126 1994 1175 duobus
2019 1125 2071 1191 ly
2095 1125 2290 1192 pekkys

222 1220 363 1269 ordei
400 1247 411 1257 ·
450 1227 499 1267 et
529 1217 749 1283 quinque
774 1216 931 1265 bollas
958 1224 1007 1265 et
1031 1217 1290 1266 dimidiam
1317 1235 1428 1267 cum
1454 1218 1646 1267 duobus
1670 1218 1723 1284 ly
1747 1218 1942 1284 pekkys
1966 1218 2128 1267 farine
2152 1235 2288 1270 men.-

221 1315 331 1362 sure
377 1312 473 1360 fori
520 1309 769 1360 currentis
814 1309 876 1358 de
919 1309 1118 1357 mundis
1162 1310 1300 1374 puris
1342 1318 1391 1360 et
1429 1309 1571 1358 bonis
1615 1310 1908 1359 victualibus
1951 1311 2015 1359 ad
2052 1311 2291 1360 terminos

222 1405 446 1455 soluendi
483 1412 532 1454 et
569 1402 830 1453 cellerario
870 1403 1041 1452 decem
1076 1402 1255 1451 solidos
1280 1410 1480 1452 monete
1509 1401 1684 1458 Scocie
1710 1404 1774 1451 ad
1797 1403 2037 1452 terminos
2064 1403 2253 1453 vsuales
2280 1433 2290 1443 ·

223 1517 280 1548 ac
317 1515 409 1563 pro
447 1497 653 1546 dimidia
690 1495 966 1544 molendini
1006 1513 1117 1544 cum
1158 1495 1365 1545 decimis
1405 1498 1514 1544 octo
1550 1496 1702 1545 libras
1742 1496 1958 1545 eiusdem
1994 1504 2193 1546 monete
2227 1497 2293 1545 ad

222 1593 462 1642 terminos
488 1590 676 1640 vsuales
701 1597 751 1639 et
776 1591 948 1639 decem
973 1590 1154 1638 solidos
1172 1587 1372 1638 sacriste
1392 1589 1454 1638 ad
1474 1588 1651 1637 festum
1671 1588 1858 1638 Pasche
1885 1616 1894 1625 ·
1918 1606 2030 1637 cum
2049 1589 2291 1654 potestate

221 1684 512 1750 imponendi
537 1692 586 1733 et
611 1683 896 1748 expellendi
921 1683 1158 1732 cottarios
1184 1689 1233 1731 et
1258 1681 1648 1729 molendinarios
1674 1710 1684 1720 ·
1710 1681 1941 1730 faciendo
1967 1681 2125 1731 eciam
2160 1699 2291 1731 com-

220 1793 420 1826 munem
446 1776 622 1825 se3zam
650 1776 712 1823 ad
739 1775 903 1824 curias
929 1782 978 1823 et
1002 1773 1190 1839 placita
1213 1772 1499 1824 monasterii
1525 1803 1536 1814 ·
1567 1778 1629 1823 10
1654 1774 1846 1840 Aprilis
1874 1779 2020 1824 1528.

220 2032 549 2118 Preceptum
597 2050 747 2101 safine
790 2051 1035 2101 didaarum
1078 2050 1398 2100 dimidiarum
1436 2050 1662 2115 parcium
1702 2066 1791 2114 per
1833 2050 1880 2115 ly
1918 2049 2039 2099 thale
2081 2056 2129 2098 et
2171 2067 2292 2115 rayp

222 2146 465 2196 tradende
491 2145 734 2194 directum
760 2144 986 2194 Henrico
1023 2143 1272 2208 Hepburn
1298 2151 1348 2193 et
1371 2142 1593 2192 Patricio
1626 2141 1910 2207 Norroway
1934 2142 2085 2191 maris
2117 2142 2293 2206 regali-

223 2240 338 2289 tatis
360 2240 422 2288 de
444 2238 706 2304 Arbroyth
733 2264 742 2274 ·
768 2242 798 2286 4
823 2237 951 2287 Maii
976 2241 1122 2286 1528.

205 2493 421 2566 ,Abbas
458 2513 710 2578 presentat
748 2512 1039 2577 magistrum
1076 2510 1111 2560 J
1115 2511 1363 2560 ohannem
1404 2509 1647 2560 Cokburn
1685 2510 1921 2560 clericum
1957 2511 2022 2559 ad
2053 2510 2291 2559 vicariam

222 2614 518 2671 perpetuam
557 2603 761 2654 ecclesie
800 2603 1105 2669 parochialis
1141 2604 1202 2653 de
1242 2603 1515 2669 Gammery
1542 2602 1904 2653 Abirdonenfis
1937 2586 2142 2652 diocesis
2178 2620 2290 2652 cum

225 2715 403 2747 vacare
429 2697 698 2762 contigerit
720 2714 812 2762 per
836 2697 1230 2763 refignacionem
1254 2694 1478 2761 magistri
1503 2695 1805 2745 Allexandri
1831 2693 2080 2761 Hepburn
2107 2695 2290 2761 presbi-

224 2791 319 2840 teri
346 2819 357 2830 ·
386 2794 444 2839 11
474 2789 601 2840 Maii
627 2794 773 2838 1528.

83 3071 177 3128 696
228 3049 382 3121 Idem
417 3073 600 3121 affedat
633 3089 726 3137 pro
759 3078 864 3120 toto
901 3078 1124 3135 tempore
1151 3070 1251 3119 vite
1278 3070 1503 3119 Henrico
1529 3069 1687 3119 Fethe
1712 3070 1773 3118 de
1800 3069 2033 3135 Ballysak
2058 3075 2108 3117 et
2131 3067 2288 3117 Elene

231 3159 433 3214 Straton
458 3164 629 3230 sponse
650 3164 732 3214 sue
758 3163 948 3228 suisque
981 3161 1233 3228 affignatis
1270 3168 1320 3210 et
1354 3161 1727 3211 subtenentibus
1762 3177 1863 3209 non
1899 3159 2100 3209 maioris
2135 3158 2287 3207 status

1243 3257 1273 3300 3
1301 3269 1329 3300 P
