2742 3848
451 347 547 395 598

508 487 599 534 261,
632 485 723 534 262,
754 485 847 533 266,
879 484 972 529 268,
1004 482 1095 530 301,
1128 481 1220 529 306,
1243 481 1334 528 313,
1367 480 1459 527 316,

508 558 599 606 322,
631 557 723 605 323,
755 556 847 603 335,
880 555 972 601 3-11,
1004 552 1096 600 353,
1129 551 1223 596 363,
1254 550 1346 598 365,
1368 549 1461 598 369,

509 629 601 677 408,
632 629 724 676 409,
756 628 849 674 426,
881 627 973 674 427,
1005 624 1098 671 432,
1128 623 1222 670 438,
1254 622 1347 669 452,
1370 621 1462 669 456,

510 700 602 749 475,
639 698 833 743 487-489,
874 696 966 744 494,
999 695 1090 742 515,
1123 694 1215 741 516,
1248 692 1339 740 519,
1371 691 1463 739 520,

512 771 604 816 524,
627 769 719 807 529.

459 841 592 880 Sancti
612 839 720 878 Petri
739 837 903 889 apostoli
921 837 960 875 in
983 836 1180 884 cathedra,
1202 835 1356 883 festum,
1379 834 1444 872 28.

458 935 565 941 ———
586 909 799 950 Saluatoris
817 908 919 946 infra
943 907 1144 946 civitatem
1177 904 1466 952 Sanctiandree,

513 980 806 1020 archidiaconus
824 978 996 1037 ecclesie,
1021 979 1112 1016 134.

587 1050 802 1091 saluatoris
829 1049 931 1088 infra
952 1048 1154 1088 civitatem
1177 1047 1469 1096 Sanctiandree,

515 1123 721 1162 canonicus
748 1126 788 1161 et
815 1121 1034 1173 prepositus
1062 1119 1222 1159 ecclesie
1252 1118 1472 1169 collegiate,

514 1196 597 1234 vide
621 1194 757 1246 Spens.

592 1265 807 1305 Saluatoris
827 1264 928 1303 infra
947 1264 1148 1304 civitatem
1179 1262 1472 1310 Sanctiandree,

516 1338 689 1378 officialis
747 1337 1026 1377 Sanctiandree
1082 1335 1310 1388 principalis
1375 1334 1476 1373 infra

517 1410 726 1449 claustrum
748 1408 917 1459 collegii,
938 1408 1022 1447 vide
1043 1406 1224 1447 Veddell.

593 1479 807 1519 Saluatoris
822 1479 926 1517 infra
954 1479 1156 1518 civitatem
1179 1477 1474 1527 Sanctiandree,

518 1553 736 1605 prepositus
755 1550 914 1590 ecclesie
929 1550 1148 1602 collegiate,
1165 1550 1251 1589 vide
1266 1548 1476 1598 Athilmer,

519 1624 691 1673 Listone,
715 1621 851 1674 Spens.

595 1694 810 1734 Saluatoris
848 1693 891 1732 in
932 1692 1234 1742 Sanctoandrea,
1269 1692 1480 1731 canonicus

522 1767 682 1807 ecclesie
700 1766 917 1818 collegiate,
937 1766 1021 1806 vide
1042 1765 1230 1804 Balfouir.

609 1839 841 1889 Sebastiani,
899 1837 1124 1890 capellanus
1190 1837 1337 1887 altaris,
1395 1836 1480 1876 vide

526 1912 671 1950 Broun.

600 1981 774 2020 Ternani
806 1980 960 2032 patroni
993 1979 1154 2020 ecclesie
1183 1980 1231 2019 de
1261 1979 1479 2029 Banchory,

527 2067 726 2105 campana,
753 2053 846 2091 239.

600 2124 774 2164 Ternani
806 2123 960 2176 patroni
997 2123 1157 2163 ecclesie
1186 2123 1234 2162 de
1264 2122 1482 2173 Banchory,

529 2201 657 2249 caput,
680 2197 772 2236 239.

474 2291 583 2298 ———
604 2268 755 2307 Thome
776 2266 959 2314 martiris,
980 2265 1133 2314 festum,
1157 2267 1250 2304 225.

474 2363 582 2369 —-——
602 2339 753 2378 Thome
786 2337 968 2388 martiris,
1002 2337 1146 2377 festum
1181 2335 1485 2383 Translacionis,

532 2413 623 2461 342,
646 2411 738 2460 353,
756 2411 849 2459 449,
869 2409 963 2448 488.

479 2483 599 2522 801101
619 2481 806 2520 Katerins
826 2479 936 2530 alter,
958 2479 1025 2519 the
1046 2478 1228 2531 chaplain
1247 2477 1298 2529 of,
1323 2479 1413 2517 139.

481 2553 781 2602 Sanctoandrea,
803 2551 1006 2591 Johannes
1033 2551 1094 2602 de,
1125 2555 1256 2590 custos
1284 2550 1423 2589 domus
1442 2549 1489 2588 de

535 2625 674 2675 way,
696 2624 760 2672 56,
784 2623 849 2662 78.

486 2696 628 2735 Sancto
648 2694 763 2744 claro,
784 2694 963 2733 (lominus
977 2693 1036 2743 de,
1058 2693 1140 2733 vide
1160 2692 1325 2733 Sinclar.

488 2767 730 2815 Sanctorum,
779 2764 921 2804 festum
970 2764 1167 2813 Omnium,
1213 2763 1490 2813 Alhalowmes,

544 2839 634 2887 191,
657 2838 749 2884 252,
771 2837 864 2886 263,
886 2837 978 2886 264,
1000 2837 1093 2886 462,
1114 2836 1206 2874 512.

489 2931 594 2942 ---
616 2908 726 2948 Petri
744 2912 784 2946 et
800 2906 916 2945 Pauli
936 2906 1207 2958 apostolorum,
1227 2906 1379 2956 festum,
1402 2908 1495 2946 434.

618 2979 792 3032 Philippi
810 2982 851 3018 et
869 2978 897 3018 J
899 2977 1021 3028 acobi,
1038 2977 1191 3027 festum,
1209 2976 1385 3027 Beltane,
1403 2979 1496 3027 450,

547 3053 640 3092 503.

495 3148 602 3156 --—-
621 3121 762 3174 vigilia
801 3120 998 3171 Omnium,
1038 3118 1352 3171 Alhallowevyn,
1402 3120 1499 3159 289-

549 3195 640 3234 291.

1159 336 1397 387 INDEX
1434 335 1811 386 NOMINUM.

1533 477 1701 517 Sanctus
1722 475 1965 526 Dupthacus,
1988 475 2082 513 438.

1669 547 1835 585 Fotinus
1897 551 2084 598 patronus

1589 619 1682 657 292.

1535 712 1643 717 ——
1662 688 1890 739 Nycholaus
1906 689 2107 740 episcopus
2127 693 2167 728 et
2187 679 2391 739 confessor,
2414 691 2506 729 357.

1538 783 1642 789 ——-—
1665 754 1929 810 Sebastianus,
1952 762 2045 800 367.

1539 854 1646 861 -——
1665 830 1838 870 Thomas
1863 836 2012 883 martyr
2031 832 2079 870 de
2105 831 2379 881 Abirbrothoc,
2411 833 2550 882 24-26,

1595 905 1659 953 28,
1682 904 1747 952 99,
1769 904 1858 953 105,
1881 905 1972 953 292,
1996 905 2088 953 533,
2112 904 2204 954 538,
2226 905 2318 944 543.

1543 997 1640 1003 ———-
1667 974 1862 1026 Vigianus
1894 980 2082 1026 patronus
2119 975 2280 1015 ecclesie
2317 976 2551 1028 parochialis

1595 1046 1642 1085 de
1662 1045 1864 1095 Arbroith,
1889 1048 1982 1086 367.

1544 1117 1814 1168 Sandelandis‚
1835 1118 1862 1158 J
1866 1118 2009 1157 acobus
2028 1118 2088 1168 de,
2111 1120 2175 1158 61.

1545 1189 1698 1237 Sanser,
1722 1189 1907 1240 Thomas,
1928 1191 1993 1229 39.

1546 1260 1731 1311 801101101,
1755 1260 1920 1311 saukar,
1944 1261 2140 1311 Sawchar,
2163 1261 2373 1302 Elizabeth
2397 1261 2555 1302 Suddir-

1598 1332 1692 1371 land
1712 1345 1852 1384 sponsa
1872 1332 2034 1383 Thome,
2057 1334 2149 1383 401,
2172 1334 2265 1373 406.

1672 1403 1859 1452 Jacobus,
1891 1405 2010 1443 frater
2029 1418 2239 1455 germanus
2272 1405 2468 1445 <Iohannis
2504 1406 2556 1455 8,,

1602 1476 1694 1515 406.

1674 1547 1702 1586 J
1705 1547 1890 1595 ohannes,
1910 1547 2015 1586 filius
2036 1547 2187 1587 Thome
2218 1548 2257 1588 S.
2289 1554 2329 1587 et
2348 1549 2559 1588 Elizabeth

1606 1618 1854 1669 Suddirland,
1877 1619 1970 1669 401,
1987 1620 2080 1659 406.

1675 1690 1859 1740 Thomas,
1880 1692 1972 1740 401,
1995 1692 2088 1731 406.

1550 1785 1657 1793 -—-
1678 1762 1912 1812 Willelmus‚
1935 1763 2055 1802 frater
2082 1776 2291 1814 germanus
2309 1764 2504 1804 «Iohannis
2524 1772 2563 1803 et

1606 1833 1760 1882 Jacobi,
1782 1836 1876 1873 406.

1554 1905 1655 1955 Scal,
1678 1905 1861 1956 Thomas,
1885 1907 1977 1945 358.

1554 1977 1791 2027 Schanchar,
1814 1978 2043 2029 Duncanus,
2065 1979 2114 2018 de
2134 1979 2336 2029 Murcrost,
2362 1982 2453 2020 129.

1555 2049 1760 2099 Schawnd,
1783 2050 1970 2101 magister
1989 2051 2194 2101 Robertus,
2217 2052 2497 2103 prebendarius
2517 2053 2565 2091 de

1608 2121 1863 2169 Arnaldston,
1908 2127 2155 2173 presentatus
2195 2123 2244 2162 ad
2289 2124 2476 2163 vicariam
2519 2125 2565 2163 de

2142 545 2237 585 ville
2293 546 2340 585 de
2407 547 2542 599 Torry,

1610 2191 1754 2242 Cowle,
1775 2194 1868 2232 436.

1557 2262 1719 2314 Schedo,
1743 2263 1925 2312 801101110,
1941 2263 2174 2315 Willelmus,
2197 2267 2289 2316 423,
2311 2267 2403 2305 507.

1559 2333 1749 2383 801101101,
1768 2335 1945 2386 80110101,
1969 2335 2145 2387 80110101,
2160 2337 2349 2389 Andreas,
2363 2339 2568 2390 burgensis

1612 2410 1652 2445 et
1670 2406 1843 2446 ballivus
1862 2407 1910 2446 de
1930 2406 2119 2458 Abirden,
2146 2410 2236 2459 136,
2262 2411 2351 2460 163,
2376 2412 2466 2450 173.

1559 2499 1656 2506 ——
1674 2477 1854 2518 dominus
1873 2478 2063 2529 Andreas,
2085 2480 2355 2532 subdiaconus,
2374 2488 2567 2534 presenta-

1615 2554 1679 2588 tus
1698 2548 1748 2587 ad
1767 2550 1954 2589 vicariam
1975 2550 2022 2590 de
2043 2551 2083 2590 N
2085 2565 2150 2603 yg,
2173 2554 2266 2592 344.

1559 2641 1656 2649 -—-
1674 2620 1864 2671 magister
1919 2622 2146 2673 Duncanus,
2196 2625 2404 2664 canonicus
2446 2625 2569 2664 Aber-

1616 2691 1808 2742 donensis,
1829 2693 2000 2733 vicarius
2019 2694 2067 2733 de
2091 2693 2209 2734 Banff
2223 2700 2263 2734 et
2282 2696 2330 2735 de
2350 2696 2457 2748 Nyg,
2477 2699 2568 2746 237,

1618 2763 1711 2811 238,
1733 2765 1825 2814 284,
1848 2766 1941 2803 344.

1566 2833 1756 2885 Schewes,
1778 2835 1959 2875 dominus
1978 2836 2037 2887 de,
2057 2837 2143 2877 vide
2163 2838 2384 2878 Matilland.

1567 2905 1814 2957 Schirafhall,
1838 2906 2098 2958 Schireffhall,
2131 2908 2373 2962 Schyrefhal,
2396 2911 2573 2964 Schyref-

1621 2976 1716 3027 hall,
1737 2978 1821 3017 vide
1842 2977 2006 3018 Griffard.

1570 3048 1924 3102 Schorecschaugh,
1945 3051 2151 3102 Patricius,
2172 3054 2236 3092 65.

1572 3120 1722 3170 Schort,
1744 3120 1980 3172 Margareta,
1999 3123 2085 3162 vide
2105 3123 2313 3175 Cristeson,
2335 3125 2506 3166 Peirson.

1574 3190 1737 3242 Sclatar,
1761 3191 1921 3243 8010101,
1942 3194 2121 3234 dominus
2141 3194 2352 3247 Gilbertus,
2374 3198 2466 3237 359.
