<?xml version="1.0" encoding="UTF-8"?>
<!DOCTYPE html PUBLIC "-//W3C//DTD XHTML 1.0 Transitional//EN"
    "http://www.w3.org/TR/xhtml1/DTD/xhtml1-transitional.dtd">
<html xmlns="http://www.w3.org/1999/xhtml" xml:lang="en" lang="en">
 <head>
  <title>
</title>
<meta http-equiv="Content-Type" content="text/html;charset=utf-8" />
  <meta name='ocr-system' content='tesseract 3.04.00' />
  <meta name='ocr-capabilities' content='ocr_page ocr_carea ocr_par ocr_line ocrx_word'/>
</head>
<body>
  <div class='ocr_page' id='page_1' title='image "./libersthomedea8602arbruoft_0524.png"; bbox 0 0 2586 3834; ppageno 0'>
   <div class='ocr_carea' id='block_1_1' title="bbox 196 1601 291 1642">
    <p class='ocr_par' dir='ltr' id='par_1_1' title="bbox 196 1601 291 1642">
     <span class='ocr_line' id='line_1_1' title="bbox 196 1601 291 1642; baseline 0 0"><span class='ocrx_word' id='word_1_1' title='bbox 196 1601 291 1642; x_wconf 84' lang='lat'>545</span> 
     </span>
    </p>
   </div>
   <div class='ocr_carea' id='block_1_2' title="bbox 344 364 1931 425">
    <p class='ocr_par' dir='ltr' id='par_1_2' title="bbox 344 364 1931 425">
     <span class='ocr_line' id='line_1_2' title="bbox 344 364 1931 425; baseline -0.008 0"><span class='ocrx_word' id='word_1_2' title='bbox 344 382 437 425; x_wconf 78' lang='lat'>424</span> <span class='ocrx_word' id='word_1_3' title='bbox 765 370 1211 424; x_wconf 82' lang='lat' dir='ltr'><strong>-REGISTRUM</strong></span> <span class='ocrx_word' id='word_1_4' title='bbox 1246 369 1342 418; x_wconf 88' lang='lat' dir='ltr'>DE</span> <span class='ocrx_word' id='word_1_5' title='bbox 1378 364 1931 415; x_wconf 85' lang='lat' dir='ltr'><strong>ABERBROTHOC.</strong></span> 
     </span>
    </p>
   </div>
   <div class='ocr_carea' id='block_1_3' title="bbox 343 497 2382 1299">
    <p class='ocr_par' dir='ltr' id='par_1_3' title="bbox 343 497 2382 1299">
     <span class='ocr_line' id='line_1_3' title="bbox 344 497 2380 562; baseline -0.005 -5"><span class='ocrx_word' id='word_1_6' title='bbox 344 509 656 557; x_wconf 68' lang='lat' dir='ltr'>ecclesiarum</span> <span class='ocrx_word' id='word_1_7' title='bbox 696 507 833 554; x_wconf 90' lang='lat' dir='ltr'>uobis</span> <span class='ocrx_word' id='word_1_8' title='bbox 873 512 925 552; x_wconf 87' lang='lat' dir='ltr'>ut</span> <span class='ocrx_word' id='word_1_9' title='bbox 962 502 1183 551; x_wconf 80' lang='lat' dir='ltr'>asseritur</span> <span class='ocrx_word' id='word_1_10' title='bbox 1225 500 1392 548; x_wconf 91' lang='lat' dir='ltr'>debito</span> <span class='ocrx_word' id='word_1_11' title='bbox 1434 498 1669 560; x_wconf 89' lang='lat' dir='ltr'>nobisque</span> <span class='ocrx_word' id='word_1_12' title='bbox 1701 497 1903 545; x_wconf 91' lang='lat' dir='ltr'>minime</span> <span class='ocrx_word' id='word_1_13' title='bbox 1941 497 2180 562; x_wconf 85' lang='lat' dir='ltr'><strong>legittime</strong></span> <span class='ocrx_word' id='word_1_14' title='bbox 2218 499 2380 546; x_wconf 86' lang='lat' dir='ltr'>citatis</span> 
     </span>
     <span class='ocr_line' id='line_1_4' title="bbox 346 588 2378 664; baseline -0.006 -15"><span class='ocrx_word' id='word_1_15' title='bbox 346 618 433 648; x_wconf 88' lang='lat' dir='ltr'>nos</span> <span class='ocrx_word' id='word_1_16' title='bbox 456 599 709 664; x_wconf 88' lang='lat' dir='ltr'>grauando</span> <span class='ocrx_word' id='word_1_17' title='bbox 735 606 783 644; x_wconf 91' lang='lat' dir='ltr'>et</span> <span class='ocrx_word' id='word_1_18' title='bbox 807 594 1032 643; x_wconf 92' lang='lat' dir='ltr'>faciendo</span> <span class='ocrx_word' id='word_1_19' title='bbox 1057 599 1231 640; x_wconf 85' lang='lat' dir='ltr'>contra</span> <span class='ocrx_word' id='word_1_20' title='bbox 1253 590 1499 638; x_wconf 89' lang='lat' dir='ltr'>indultum</span> <span class='ocrx_word' id='word_1_21' title='bbox 1525 588 1847 653; x_wconf 88' lang='lat' dir='ltr'>apostolicum</span> <span class='ocrx_word' id='word_1_22' title='bbox 1882 589 2177 638; x_wconf 86' lang='lat' dir='ltr'>monasterio</span> <span class='ocrx_word' id='word_1_23' title='bbox 2212 590 2378 637; x_wconf 90' lang='lat' dir='ltr'>nostro</span> 
     </span>
     <span class='ocr_line' id='line_1_5' title="bbox 348 681 2382 752; baseline -0.005 -12"><span class='ocrx_word' id='word_1_24' title='bbox 348 690 619 739; x_wconf 73' lang='lat' dir='ltr'>concessum</span> <span class='ocrx_word' id='word_1_25' title='bbox 644 718 654 728; x_wconf 87' lang='lat'><strong>·</strong></span> <span class='ocrx_word' id='word_1_26' title='bbox 680 688 831 752; x_wconf 87' lang='lat' dir='ltr'>igitur</span> <span class='ocrx_word' id='word_1_27' title='bbox 856 686 917 732; x_wconf 95' lang='lat' dir='ltr'>ob</span> <span class='ocrx_word' id='word_1_28' title='bbox 941 682 1168 748; x_wconf 74' lang='lat' dir='ltr'>premissa</span> <span class='ocrx_word' id='word_1_29' title='bbox 1190 682 1482 745; x_wconf 86' lang='lat' dir='ltr'>grauamina</span> <span class='ocrx_word' id='word_1_30' title='bbox 1505 689 1554 730; x_wconf 91' lang='lat' dir='ltr'>et</span> <span class='ocrx_word' id='word_1_31' title='bbox 1578 681 1676 729; x_wconf 89' lang='lat' dir='ltr'>alia</span> <span class='ocrx_word' id='word_1_32' title='bbox 1698 682 1861 730; x_wconf 86' lang='lat' dir='ltr'>forsan</span> <span class='ocrx_word' id='word_1_33' title='bbox 1891 681 2032 730; x_wconf 90' lang='lat' dir='ltr'>nobis</span> <span class='ocrx_word' id='word_1_34' title='bbox 2063 682 2322 730; x_wconf 86' lang='lat' dir='ltr'>inferenda</span> <span class='ocrx_word' id='word_1_35' title='bbox 2352 699 2382 729; x_wconf 89' lang='lat' dir='ltr'>a</span> 
     </span>
     <span class='ocr_line' id='line_1_6' title="bbox 347 772 2380 842; baseline -0.005 -12"><span class='ocrx_word' id='word_1_36' title='bbox 347 782 483 829; x_wconf 90' lang='lat' dir='ltr'>uobis</span> <span class='ocrx_word' id='word_1_37' title='bbox 509 779 763 842; x_wconf 90' lang='lat' dir='ltr'>uestraque</span> <span class='ocrx_word' id='word_1_38' title='bbox 790 776 1015 840; x_wconf 84' lang='lat' dir='ltr'>pretensa</span> <span class='ocrx_word' id='word_1_39' title='bbox 1039 773 1421 838; x_wconf 91' lang='lat' dir='ltr'>sequestratione</span> <span class='ocrx_word' id='word_1_40' title='bbox 1448 772 1765 836; x_wconf 89' lang='lat' dir='ltr'>omnibusque</span> <span class='ocrx_word' id='word_1_41' title='bbox 1791 772 1964 821; x_wconf 90' lang='lat' dir='ltr'>uestris</span> <span class='ocrx_word' id='word_1_42' title='bbox 1988 773 2380 837; x_wconf 87' lang='lat' dir='ltr'>sequestrationi-</span> 
     </span>
     <span class='ocr_line' id='line_1_7' title="bbox 345 862 2381 929; baseline -0.004 -9"><span class='ocrx_word' id='word_1_43' title='bbox 345 875 432 920; x_wconf 92' lang='lat' dir='ltr'>bus</span> <span class='ocrx_word' id='word_1_44' title='bbox 457 870 768 919; x_wconf 84' lang='lat' dir='ltr'>citationibus</span> <span class='ocrx_word' id='word_1_45' title='bbox 795 866 1047 915; x_wconf 81' lang='lat' dir='ltr'>sententiis</span> <span class='ocrx_word' id='word_1_46' title='bbox 1073 865 1288 914; x_wconf 86' lang='lat' dir='ltr'>censuris</span> <span class='ocrx_word' id='word_1_47' title='bbox 1319 863 1691 929; x_wconf 86' lang='lat' dir='ltr'>grauaminibus</span> <span class='ocrx_word' id='word_1_48' title='bbox 1726 863 1867 928; x_wconf 90' lang='lat' dir='ltr'>penis</span> <span class='ocrx_word' id='word_1_49' title='bbox 1902 870 1951 912; x_wconf 91' lang='lat' dir='ltr'>et</span> <span class='ocrx_word' id='word_1_50' title='bbox 1985 862 2281 927; x_wconf 89' lang='lat' dir='ltr'>proceffibus</span> <span class='ocrx_word' id='word_1_51' title='bbox 2318 865 2381 912; x_wconf 88' lang='lat' dir='ltr'>ad</span> 
     </span>
     <span class='ocr_line' id='line_1_8' title="bbox 344 955 2380 1019; baseline -0.003 -10"><span class='ocrx_word' id='word_1_52' title='bbox 344 960 676 1009; x_wconf 64' lang='lat' dir='ltr'>sandaiffimum</span> <span class='ocrx_word' id='word_1_53' title='bbox 701 958 952 1006; x_wconf 91' lang='lat' dir='ltr'>dominum</span> <span class='ocrx_word' id='word_1_54' title='bbox 976 956 1195 1004; x_wconf 89' lang='lat' dir='ltr'>nostrum</span> <span class='ocrx_word' id='word_1_55' title='bbox 1219 972 1397 1019; x_wconf 89' lang='lat' dir='ltr'>papam</span> <span class='ocrx_word' id='word_1_56' title='bbox 1423 955 1641 1004; x_wconf 90' lang='lat' dir='ltr'>Leonem</span> <span class='ocrx_word' id='word_1_57' title='bbox 1665 956 1957 1003; x_wconf 91' lang='lat' dir='ltr'>modernum</span> <span class='ocrx_word' id='word_1_58' title='bbox 1993 955 2297 1019; x_wconf 84' lang='lat' dir='ltr'>appellamus</span> <span class='ocrx_word' id='word_1_59' title='bbox 2332 964 2380 1003; x_wconf 93' lang='lat' dir='ltr'>et</span> 
     </span>
     <span class='ocr_line' id='line_1_9' title="bbox 344 1046 2379 1115; baseline -0.003 -15"><span class='ocrx_word' id='word_1_60' title='bbox 344 1052 582 1115; x_wconf 87' lang='lat' dir='ltr'>apostolos</span> <span class='ocrx_word' id='word_1_61' title='bbox 620 1050 830 1114; x_wconf 89' lang='lat' dir='ltr'>petimus</span> <span class='ocrx_word' id='word_1_62' title='bbox 877 1078 887 1087; x_wconf 91' lang='lat'><strong>·</strong></span> <span class='ocrx_word' id='word_1_63' title='bbox 936 1049 1068 1096; x_wconf 68' lang='lat' dir='ltr'>Acta</span> <span class='ocrx_word' id='word_1_64' title='bbox 1104 1048 1156 1095; x_wconf 93' lang='lat' dir='ltr'>in</span> <span class='ocrx_word' id='word_1_65' title='bbox 1203 1047 1500 1095; x_wconf 87' lang='lat' dir='ltr'>monasterio</span> <span class='ocrx_word' id='word_1_66' title='bbox 1539 1047 1600 1095; x_wconf 94' lang='lat' dir='ltr'>de</span> <span class='ocrx_word' id='word_1_67' title='bbox 1637 1046 1860 1094; x_wconf 88' lang='lat' dir='ltr'>Arbroth</span> <span class='ocrx_word' id='word_1_68' title='bbox 1902 1046 2105 1094; x_wconf 90' lang='lat' dir='ltr'>testibus</span> <span class='ocrx_word' id='word_1_69' title='bbox 2146 1046 2379 1111; x_wconf 86' lang='lat' dir='ltr'>magistro</span> 
     </span>
     <span class='ocr_line' id='line_1_10' title="bbox 344 1137 2380 1207; baseline -0.003 -15"><span class='ocrx_word' id='word_1_70' title='bbox 344 1146 548 1192; x_wconf 88' lang='lat' dir='ltr'>Andrea</span> <span class='ocrx_word' id='word_1_71' title='bbox 573 1142 824 1207; x_wconf 90' lang='lat' dir='ltr'>Byrkmyr</span> <span class='ocrx_word' id='word_1_72' title='bbox 860 1141 1048 1189; x_wconf 88' lang='lat' dir='ltr'>decano</span> <span class='ocrx_word' id='word_1_73' title='bbox 1082 1138 1419 1188; x_wconf 88' lang='lat' dir='ltr'>cristianitatis</span> <span class='ocrx_word' id='word_1_74' title='bbox 1448 1138 1668 1204; x_wconf 89' lang='lat' dir='ltr'>Angufie</span> <span class='ocrx_word' id='word_1_75' title='bbox 1710 1167 1720 1177; x_wconf 91' lang='lat'><strong>·</strong></span> <span class='ocrx_word' id='word_1_76' title='bbox 1761 1138 1960 1186; x_wconf 89' lang='lat' dir='ltr'>domino</span> <span class='ocrx_word' id='word_1_77' title='bbox 1999 1137 2219 1203; x_wconf 85' lang='lat' dir='ltr'>Georgio</span> <span class='ocrx_word' id='word_1_78' title='bbox 2252 1138 2380 1187; x_wconf 86' lang='lat' dir='ltr'>Reid</span> 
     </span>
     <span class='ocr_line' id='line_1_11' title="bbox 343 1229 2377 1299; baseline -0.004 -16"><span class='ocrx_word' id='word_1_79' title='bbox 343 1234 594 1299; x_wconf 88' lang='lat' dir='ltr'>capellano</span> <span class='ocrx_word' id='word_1_80' title='bbox 631 1262 640 1271; x_wconf 92' lang='lat'><strong>·</strong></span> <span class='ocrx_word' id='word_1_81' title='bbox 679 1232 899 1280; x_wconf 89' lang='lat' dir='ltr'>Niniano</span> <span class='ocrx_word' id='word_1_82' title='bbox 924 1231 1053 1279; x_wconf 91' lang='lat' dir='ltr'>Liell</span> <span class='ocrx_word' id='word_1_83' title='bbox 1090 1257 1099 1267; x_wconf 90' lang='lat'><strong>·</strong></span> <span class='ocrx_word' id='word_1_84' title='bbox 1139 1230 1358 1279; x_wconf 89' lang='lat' dir='ltr'>Roberto</span> <span class='ocrx_word' id='word_1_85' title='bbox 1383 1229 1589 1295; x_wconf 91' lang='lat' dir='ltr'>Dunlop</span> <span class='ocrx_word' id='word_1_86' title='bbox 1625 1260 1634 1269; x_wconf 93' lang='lat'><strong>·</strong></span> <span class='ocrx_word' id='word_1_87' title='bbox 1679 1230 1900 1294; x_wconf 85' lang='lat' dir='ltr'>Georgio</span> <span class='ocrx_word' id='word_1_88' title='bbox 1926 1229 2058 1294; x_wconf 90' lang='lat' dir='ltr'>Boys</span> <span class='ocrx_word' id='word_1_89' title='bbox 2094 1258 2104 1267; x_wconf 88' lang='lat'><em>-</em></span> <span class='ocrx_word' id='word_1_90' title='bbox 2147 1238 2196 1278; x_wconf 92' lang='lat' dir='ltr'>et</span> <span class='ocrx_word' id='word_1_91' title='bbox 2220 1229 2330 1276; x_wconf 86' lang='lat' dir='ltr'>aliis</span> <span class='ocrx_word' id='word_1_92' title='bbox 2368 1257 2377 1266; x_wconf 88' lang='lat'>-</span> 
     </span>
    </p>
   </div>
   <div class='ocr_carea' id='block_1_4' title="bbox 341 1325 890 1376">
    <p class='ocr_par' dir='ltr' id='par_1_4' title="bbox 341 1325 890 1376">
     <span class='ocr_line' id='line_1_12' title="bbox 341 1325 890 1376; baseline -0.007 -2"><span class='ocrx_word' id='word_1_93' title='bbox 341 1331 398 1374; x_wconf 84' lang='lat'>21</span> <span class='ocrx_word' id='word_1_94' title='bbox 430 1325 720 1374; x_wconf 89' lang='lat' dir='ltr'>Decembris</span> <span class='ocrx_word' id='word_1_95' title='bbox 749 1326 890 1376; x_wconf 86' lang='lat'>1517.</span> 
     </span>
    </p>
   </div>
   <div class='ocr_carea' id='block_1_5' title="bbox 338 1582 2376 2484">
    <p class='ocr_par' dir='ltr' id='par_1_5' title="bbox 338 1582 2376 2484">
     <span class='ocr_line' id='line_1_13' title="bbox 344 1582 2376 1663; baseline -0.003 -12"><span class='ocrx_word' id='word_1_96' title='bbox 344 1582 670 1651; x_wconf 84' lang='lat' dir='ltr'>Allexander</span> <span class='ocrx_word' id='word_1_97' title='bbox 698 1599 834 1649; x_wconf 88' lang='lat' dir='ltr'>Crail</span> <span class='ocrx_word' id='word_1_98' title='bbox 871 1599 1094 1663; x_wconf 88' lang='lat' dir='ltr'>supprior</span> <span class='ocrx_word' id='word_1_99' title='bbox 1130 1606 1179 1646; x_wconf 95' lang='lat' dir='ltr'>et</span> <span class='ocrx_word' id='word_1_100' title='bbox 1215 1605 1487 1646; x_wconf 90' lang='lat' dir='ltr'>conuentus</span> <span class='ocrx_word' id='word_1_101' title='bbox 1524 1597 1826 1646; x_wconf 89' lang='lat' dir='ltr'>constituunt</span> <span class='ocrx_word' id='word_1_102' title='bbox 1863 1597 2120 1662; x_wconf 87' lang='lat' dir='ltr'>magistros</span> <span class='ocrx_word' id='word_1_103' title='bbox 2144 1597 2376 1646; x_wconf 85' lang='lat' dir='ltr'>Allexan-</span> 
     </span>
     <span class='ocr_line' id='line_1_14' title="bbox 343 1688 2374 1756; baseline -0.001 -17"><span class='ocrx_word' id='word_1_104' title='bbox 343 1694 482 1739; x_wconf 94' lang='lat' dir='ltr'>drum</span> <span class='ocrx_word' id='word_1_105' title='bbox 531 1691 673 1756; x_wconf 93' lang='lat' dir='ltr'>Myln</span> <span class='ocrx_word' id='word_1_106' title='bbox 734 1692 1025 1740; x_wconf 88' lang='lat' dir='ltr'>canonicum</span> <span class='ocrx_word' id='word_1_107' title='bbox 1078 1689 1484 1739; x_wconf 89' lang='lat' dir='ltr'>Dunkeldensem</span> <span class='ocrx_word' id='word_1_108' title='bbox 1531 1706 1589 1737; x_wconf 89' lang='lat' dir='ltr'>ac</span> <span class='ocrx_word' id='word_1_109' title='bbox 1636 1688 1851 1737; x_wconf 90' lang='lat' dir='ltr'>eiusdem</span> <span class='ocrx_word' id='word_1_110' title='bbox 1898 1689 2025 1737; x_wconf 90' lang='lat' dir='ltr'>sedis</span> <span class='ocrx_word' id='word_1_111' title='bbox 2073 1689 2326 1737; x_wconf 91' lang='lat' dir='ltr'>officialem</span> <span class='ocrx_word' id='word_1_112' title='bbox 2366 1718 2374 1726; x_wconf 90' lang='lat'><strong>·</strong></span> 
     </span>
     <span class='ocr_line' id='line_1_15' title="bbox 343 1779 2375 1847; baseline -0.001 -18"><span class='ocrx_word' id='word_1_113' title='bbox 343 1783 591 1830; x_wconf 86' lang='lat' dir='ltr'>Andream</span> <span class='ocrx_word' id='word_1_114' title='bbox 618 1782 803 1847; x_wconf 86' lang='lat' dir='ltr'>Sybald</span> <span class='ocrx_word' id='word_1_115' title='bbox 836 1782 1192 1830; x_wconf 88' lang='lat' dir='ltr'>thesaurarium</span> <span class='ocrx_word' id='word_1_116' title='bbox 1232 1781 1583 1846; x_wconf 86' lang='lat' dir='ltr'>Glasguensem</span> <span class='ocrx_word' id='word_1_117' title='bbox 1625 1808 1635 1817; x_wconf 92' lang='lat'><strong>·</strong></span> <span class='ocrx_word' id='word_1_118' title='bbox 1680 1779 1942 1829; x_wconf 87' lang='lat' dir='ltr'>Ualterum</span> <span class='ocrx_word' id='word_1_119' title='bbox 1966 1779 2104 1828; x_wconf 92' lang='lat' dir='ltr'>Lesse</span> <span class='ocrx_word' id='word_1_120' title='bbox 2134 1783 2375 1828; x_wconf 68' lang='lat' dir='ltr'>re&amp;orem</span> 
     </span>
     <span class='ocr_line' id='line_1_16' title="bbox 341 1870 2373 1938; baseline -0.001 -18"><span class='ocrx_word' id='word_1_121' title='bbox 341 1874 400 1920; x_wconf 93' lang='lat' dir='ltr'>de</span> <span class='ocrx_word' id='word_1_122' title='bbox 449 1874 713 1938; x_wconf 87' lang='lat' dir='ltr'>Menmuyr</span> <span class='ocrx_word' id='word_1_123' title='bbox 762 1902 770 1911; x_wconf 93' lang='lat'><em>-</em></span> <span class='ocrx_word' id='word_1_124' title='bbox 820 1873 1093 1922; x_wconf 90' lang='lat' dir='ltr'>Martinum</span> <span class='ocrx_word' id='word_1_125' title='bbox 1136 1872 1376 1921; x_wconf 89' lang='lat' dir='ltr'>Baulfour</span> <span class='ocrx_word' id='word_1_126' title='bbox 1423 1871 1665 1920; x_wconf 90' lang='lat' dir='ltr'>uicarium</span> <span class='ocrx_word' id='word_1_127' title='bbox 1713 1872 1774 1919; x_wconf 92' lang='lat' dir='ltr'>de</span> <span class='ocrx_word' id='word_1_128' title='bbox 1824 1870 2017 1921; x_wconf 90' lang='lat' dir='ltr'>Coultis</span> <span class='ocrx_word' id='word_1_129' title='bbox 2062 1901 2072 1911; x_wconf 88' lang='lat'><strong>·</strong></span> <span class='ocrx_word' id='word_1_130' title='bbox 2122 1872 2373 1919; x_wconf 89' lang='lat' dir='ltr'>dominum</span> 
     </span>
     <span class='ocr_line' id='line_1_17' title="bbox 339 1963 2374 2014; baseline 0 -2"><span class='ocrx_word' id='word_1_131' title='bbox 339 1965 373 2012; x_wconf 88' lang='lat' dir='ltr'>J</span> <span class='ocrx_word' id='word_1_132' title='bbox 376 1964 616 2012; x_wconf 86' lang='lat' dir='ltr'>ohannem</span> <span class='ocrx_word' id='word_1_133' title='bbox 643 1965 885 2013; x_wconf 88' lang='lat' dir='ltr'>Dunbrek</span> <span class='ocrx_word' id='word_1_134' title='bbox 911 1993 920 2003; x_wconf 91' lang='lat'><strong>·</strong></span> <span class='ocrx_word' id='word_1_135' title='bbox 948 1965 1203 2013; x_wconf 91' lang='lat' dir='ltr'>Andream</span> <span class='ocrx_word' id='word_1_136' title='bbox 1232 1963 1348 2014; x_wconf 92' lang='lat' dir='ltr'>Scot</span> <span class='ocrx_word' id='word_1_137' title='bbox 1374 1994 1383 2003; x_wconf 92' lang='lat'>-</span> <span class='ocrx_word' id='word_1_138' title='bbox 1411 1973 1461 2014; x_wconf 93' lang='lat' dir='ltr'>et</span> <span class='ocrx_word' id='word_1_139' title='bbox 1484 1965 1848 2014; x_wconf 87' lang='lat' dir='ltr'>Allexandrum</span> <span class='ocrx_word' id='word_1_140' title='bbox 1876 1965 2016 2013; x_wconf 92' lang='lat' dir='ltr'>Dure</span> <span class='ocrx_word' id='word_1_141' title='bbox 2042 1992 2051 2003; x_wconf 89' lang='lat'><strong>·</strong></span> <span class='ocrx_word' id='word_1_142' title='bbox 2078 1964 2343 2012; x_wconf 88' lang='lat' dir='ltr'>monachos</span> <span class='ocrx_word' id='word_1_143' title='bbox 2364 1992 2374 2002; x_wconf 90' lang='lat'><strong>·</strong></span> 
     </span>
     <span class='ocr_line' id='line_1_18' title="bbox 339 2055 2373 2120; baseline 0 -18"><span class='ocrx_word' id='word_1_144' title='bbox 339 2057 446 2103; x_wconf 90' lang='lat' dir='ltr'>suos</span> <span class='ocrx_word' id='word_1_145' title='bbox 481 2064 825 2119; x_wconf 84' lang='lat' dir='ltr'>procuratores</span> <span class='ocrx_word' id='word_1_146' title='bbox 861 2057 923 2104; x_wconf 89' lang='lat' dir='ltr'>ad</span> <span class='ocrx_word' id='word_1_147' title='bbox 959 2057 1342 2119; x_wconf 88' lang='lat' dir='ltr'>comparendum</span> <span class='ocrx_word' id='word_1_148' title='bbox 1380 2074 1545 2105; x_wconf 85' lang='lat' dir='ltr'>coram</span> <span class='ocrx_word' id='word_1_149' title='bbox 1570 2058 1775 2105; x_wconf 85' lang='lat' dir='ltr'>Andrea</span> <span class='ocrx_word' id='word_1_150' title='bbox 1798 2056 2164 2120; x_wconf 85' lang='lat' dir='ltr'>archiepiscopo</span> <span class='ocrx_word' id='word_1_151' title='bbox 2191 2055 2373 2104; x_wconf 64' lang='lat' dir='ltr'>Sancti-</span> 
     </span>
     <span class='ocr_line' id='line_1_19' title="bbox 339 2146 2371 2213; baseline 0 -19"><span class='ocrx_word' id='word_1_152' title='bbox 339 2148 521 2194; x_wconf 85' lang='lat' dir='ltr'>andree</span> <span class='ocrx_word' id='word_1_153' title='bbox 558 2147 812 2210; x_wconf 89' lang='lat' dir='ltr'>eidemque</span> <span class='ocrx_word' id='word_1_154' title='bbox 848 2146 1201 2195; x_wconf 89' lang='lat' dir='ltr'>ostendendum</span> <span class='ocrx_word' id='word_1_155' title='bbox 1236 2148 1426 2197; x_wconf 87' lang='lat' dir='ltr'>litteras</span> <span class='ocrx_word' id='word_1_156' title='bbox 1462 2149 1647 2196; x_wconf 90' lang='lat' dir='ltr'>domini</span> <span class='ocrx_word' id='word_1_157' title='bbox 1682 2148 1760 2197; x_wconf 91' lang='lat' dir='ltr'>Pii</span> <span class='ocrx_word' id='word_1_158' title='bbox 1795 2165 1921 2213; x_wconf 87' lang='lat' dir='ltr'>pape</span> <span class='ocrx_word' id='word_1_159' title='bbox 1955 2147 2154 2196; x_wconf 90' lang='lat' dir='ltr'>secundi</span> <span class='ocrx_word' id='word_1_160' title='bbox 2189 2148 2371 2195; x_wconf 91' lang='lat' dir='ltr'>dudum</span> 
     </span>
     <span class='ocr_line' id='line_1_20' title="bbox 338 2236 2372 2302; baseline 0.001 -19"><span class='ocrx_word' id='word_1_161' title='bbox 338 2237 630 2285; x_wconf 86' lang='lat' dir='ltr'>monasterio</span> <span class='ocrx_word' id='word_1_162' title='bbox 657 2236 898 2285; x_wconf 82' lang='lat' dir='ltr'>concessas</span> <span class='ocrx_word' id='word_1_163' title='bbox 924 2246 973 2286; x_wconf 92' lang='lat' dir='ltr'>et</span> <span class='ocrx_word' id='word_1_164' title='bbox 997 2238 1271 2302; x_wconf 87' lang='lat' dir='ltr'>preuilegia</span> <span class='ocrx_word' id='word_1_165' title='bbox 1295 2239 1579 2288; x_wconf 87' lang='lat' dir='ltr'>monasterii</span> <span class='ocrx_word' id='word_1_166' title='bbox 1605 2240 1915 2288; x_wconf 90' lang='lat' dir='ltr'>continentes</span> <span class='ocrx_word' id='word_1_167' title='bbox 1939 2268 1950 2278; x_wconf 90' lang='lat'><strong>·</strong></span> <span class='ocrx_word' id='word_1_168' title='bbox 1975 2255 2169 2287; x_wconf 90' lang='lat' dir='ltr'>necnon</span> <span class='ocrx_word' id='word_1_169' title='bbox 2195 2239 2372 2302; x_wconf 86' lang='lat' dir='ltr'>suppli-</span> 
     </span>
     <span class='ocr_line' id='line_1_21' title="bbox 340 2312 2372 2396; baseline 0.001 -21"><span class='ocrx_word' id='word_1_170' title='bbox 340 2330 548 2376; x_wconf 91' lang='lat' dir='ltr'>candum</span> <span class='ocrx_word' id='word_1_171' title='bbox 569 2329 797 2392; x_wconf 89' lang='lat' dir='ltr'>quatinus</span> <span class='ocrx_word' id='word_1_172' title='bbox 817 2330 880 2377; x_wconf 92' lang='lat' dir='ltr'>ad</span> <span class='ocrx_word' id='word_1_173' title='bbox 899 2331 1238 2378; x_wconf 85' lang='lat' dir='ltr'>executionem</span> <span class='ocrx_word' id='word_1_174' title='bbox 1266 2333 1532 2380; x_wconf 89' lang='lat' dir='ltr'>earundem</span> <span class='ocrx_word' id='word_1_175' title='bbox 1555 2312 1826 2396; x_wconf 78' lang='lat' dir='ltr'>procedere</span> <span class='ocrx_word' id='word_1_176' title='bbox 1851 2333 2083 2396; x_wconf 84' lang='lat' dir='ltr'>dignetur</span> <span class='ocrx_word' id='word_1_177' title='bbox 2102 2360 2112 2369; x_wconf 92' lang='lat'><strong>·</strong></span> <span class='ocrx_word' id='word_1_178' title='bbox 2134 2340 2183 2379; x_wconf 91' lang='lat' dir='ltr'>et</span> <span class='ocrx_word' id='word_1_179' title='bbox 2208 2331 2372 2378; x_wconf 86' lang='lat' dir='ltr'>omnia</span> 
     </span>
     <span class='ocr_line' id='line_1_22' title="bbox 339 2419 1918 2484; baseline 0.003 -17"><span class='ocrx_word' id='word_1_180' title='bbox 339 2420 435 2467; x_wconf 85' lang='lat' dir='ltr'>alia</span> <span class='ocrx_word' id='word_1_181' title='bbox 458 2420 738 2468; x_wconf 88' lang='lat' dir='ltr'>faciendum</span> <span class='ocrx_word' id='word_1_182' title='bbox 761 2420 814 2467; x_wconf 90' lang='lat' dir='ltr'>in</span> <span class='ocrx_word' id='word_1_183' title='bbox 837 2419 1074 2484; x_wconf 87' lang='lat' dir='ltr'>premiffis</span> <span class='ocrx_word' id='word_1_184' title='bbox 1099 2420 1367 2470; x_wconf 75' lang='lat' dir='ltr'>necessaria</span> <span class='ocrx_word' id='word_1_185' title='bbox 1391 2450 1400 2459; x_wconf 93' lang='lat'>·</span> <span class='ocrx_word' id='word_1_186' title='bbox 1430 2427 1490 2477; x_wconf 87' lang='lat'>19</span> <span class='ocrx_word' id='word_1_187' title='bbox 1514 2423 1549 2471; x_wconf 85' lang='lat' dir='ltr'>J</span> <span class='ocrx_word' id='word_1_188' title='bbox 1552 2423 1745 2471; x_wconf 88' lang='lat' dir='ltr'>anuarii</span> <span class='ocrx_word' id='word_1_189' title='bbox 1774 2424 1918 2476; x_wconf 87' lang='lat'>1517.</span> 
     </span>
    </p>
   </div>
   <div class='ocr_carea' id='block_1_6' title="bbox 194 2668 2369 2762">
    <p class='ocr_par' dir='ltr' id='par_1_6' title="bbox 194 2668 2369 2762">
     <span class='ocr_line' id='line_1_23' title="bbox 194 2668 2369 2762; baseline 0.005 -27"><span class='ocrx_word' id='word_1_190' title='bbox 194 2690 290 2737; x_wconf 84' lang='lat'>546</span> <span class='ocrx_word' id='word_1_191' title='bbox 340 2668 571 2739; x_wconf 83' lang='lat' dir='ltr'>-Jacobus</span> <span class='ocrx_word' id='word_1_192' title='bbox 590 2691 897 2755; x_wconf 84' lang='lat' dir='ltr'>Glasguenfis</span> <span class='ocrx_word' id='word_1_193' title='bbox 922 2693 1175 2756; x_wconf 90' lang='lat' dir='ltr'>episcopus</span> <span class='ocrx_word' id='word_1_194' title='bbox 1195 2702 1244 2742; x_wconf 93' lang='lat' dir='ltr'>et</span> <span class='ocrx_word' id='word_1_195' title='bbox 1263 2698 1707 2747; x_wconf 89' lang='lat' dir='ltr'>commendatarius</span> <span class='ocrx_word' id='word_1_196' title='bbox 1726 2705 1991 2762; x_wconf 88' lang='lat' dir='ltr'>perpetuus</span> <span class='ocrx_word' id='word_1_197' title='bbox 2009 2699 2070 2746; x_wconf 92' lang='lat' dir='ltr'>de</span> <span class='ocrx_word' id='word_1_198' title='bbox 2098 2697 2369 2746; x_wconf 80' lang='lat' dir='ltr'>Abirbroth</span> 
     </span>
    </p>
   </div>
   <div class='ocr_carea' id='block_1_7' title="bbox 340 2781 2371 3214">
    <p class='ocr_par' dir='ltr' id='par_1_7' title="bbox 340 2781 2371 3214">
     <span class='ocr_line' id='line_1_24' title="bbox 341 2781 2371 2853; baseline 0.004 -26"><span class='ocrx_word' id='word_1_199' title='bbox 341 2788 389 2827; x_wconf 90' lang='lat' dir='ltr'>et</span> <span class='ocrx_word' id='word_1_200' title='bbox 413 2788 682 2828; x_wconf 92' lang='lat' dir='ltr'>conuentus</span> <span class='ocrx_word' id='word_1_201' title='bbox 708 2781 1007 2830; x_wconf 89' lang='lat' dir='ltr'>constituunt</span> <span class='ocrx_word' id='word_1_202' title='bbox 1029 2784 1285 2847; x_wconf 88' lang='lat' dir='ltr'>magistros</span> <span class='ocrx_word' id='word_1_203' title='bbox 1311 2795 1359 2835; x_wconf 92' lang='lat' dir='ltr'>et</span> <span class='ocrx_word' id='word_1_204' title='bbox 1384 2789 1608 2837; x_wconf 89' lang='lat' dir='ltr'>dominos</span> <span class='ocrx_word' id='word_1_205' title='bbox 1634 2790 1883 2837; x_wconf 89' lang='lat' dir='ltr'>Andream</span> <span class='ocrx_word' id='word_1_206' title='bbox 1915 2788 2098 2853; x_wconf 88' lang='lat' dir='ltr'>Sybald</span> <span class='ocrx_word' id='word_1_207' title='bbox 2127 2788 2371 2837; x_wconf 87' lang='lat' dir='ltr'>thesaura-</span> 
     </span>
     <span class='ocr_line' id='line_1_25' title="bbox 340 2871 2370 2935; baseline 0.005 -18"><span class='ocrx_word' id='word_1_208' title='bbox 340 2872 464 2919; x_wconf 88' lang='lat' dir='ltr'>rium</span> <span class='ocrx_word' id='word_1_209' title='bbox 495 2871 839 2935; x_wconf 85' lang='lat' dir='ltr'>Glasguensem</span> <span class='ocrx_word' id='word_1_210' title='bbox 873 2899 883 2910; x_wconf 92' lang='lat'><strong>·</strong></span> <span class='ocrx_word' id='word_1_211' title='bbox 914 2873 1185 2922; x_wconf 87' lang='lat' dir='ltr'>Martinum</span> <span class='ocrx_word' id='word_1_212' title='bbox 1211 2875 1430 2925; x_wconf 88' lang='lat' dir='ltr'>Baufour</span> <span class='ocrx_word' id='word_1_213' title='bbox 1455 2879 1695 2927; x_wconf 87' lang='lat' dir='ltr'>uicarium</span> <span class='ocrx_word' id='word_1_214' title='bbox 1720 2880 1781 2928; x_wconf 94' lang='lat' dir='ltr'>de</span> <span class='ocrx_word' id='word_1_215' title='bbox 1809 2879 2001 2928; x_wconf 91' lang='lat' dir='ltr'>Coultis</span> <span class='ocrx_word' id='word_1_216' title='bbox 2038 2907 2048 2917; x_wconf 89' lang='lat'><strong>·</strong></span> <span class='ocrx_word' id='word_1_217' title='bbox 2088 2879 2122 2927; x_wconf 83' lang='lat' dir='ltr'><strong>J</strong></span> <span class='ocrx_word' id='word_1_218' title='bbox 2126 2879 2370 2927; x_wconf 87' lang='lat' dir='ltr'>ohannem</span> 
     </span>
     <span class='ocr_line' id='line_1_26' title="bbox 342 2961 2370 3034; baseline 0.004 -26"><span class='ocrx_word' id='word_1_219' title='bbox 342 2961 599 3009; x_wconf 87' lang='lat' dir='ltr'>Dumbrek</span> <span class='ocrx_word' id='word_1_220' title='bbox 643 2990 652 2999; x_wconf 94' lang='lat'><strong>·</strong></span> <span class='ocrx_word' id='word_1_221' title='bbox 696 2961 961 3010; x_wconf 90' lang='lat' dir='ltr'>Uilelmum</span> <span class='ocrx_word' id='word_1_222' title='bbox 1014 2962 1129 3013; x_wconf 90' lang='lat' dir='ltr'>Scot</span> <span class='ocrx_word' id='word_1_223' title='bbox 1172 2992 1181 3002; x_wconf 92' lang='lat'><strong>·</strong></span> <span class='ocrx_word' id='word_1_224' title='bbox 1226 2965 1468 3015; x_wconf 89' lang='lat' dir='ltr'>Thomam</span> <span class='ocrx_word' id='word_1_225' title='bbox 1517 2969 1697 3034; x_wconf 87' lang='lat' dir='ltr'>Ueych</span> <span class='ocrx_word' id='word_1_226' title='bbox 1741 3000 1751 3010; x_wconf 88' lang='lat'><strong>·</strong></span> <span class='ocrx_word' id='word_1_227' title='bbox 1793 2969 2059 3018; x_wconf 88' lang='lat' dir='ltr'>monachos</span> <span class='ocrx_word' id='word_1_228' title='bbox 2100 2998 2110 3008; x_wconf 92' lang='lat'><strong>·</strong></span> <span class='ocrx_word' id='word_1_229' title='bbox 2153 2969 2370 3017; x_wconf 89' lang='lat' dir='ltr'>Alanum</span> 
     </span>
     <span class='ocr_line' id='line_1_27' title="bbox 342 3051 2368 3123; baseline 0.003 -24"><span class='ocrx_word' id='word_1_230' title='bbox 342 3052 524 3100; x_wconf 85' lang='lat' dir='ltr'>Baxtar</span> <span class='ocrx_word' id='word_1_231' title='bbox 554 3060 602 3100; x_wconf 90' lang='lat' dir='ltr'>et</span> <span class='ocrx_word' id='word_1_232' title='bbox 635 3051 802 3100; x_wconf 89' lang='lat' dir='ltr'>Dauid</span> <span class='ocrx_word' id='word_1_233' title='bbox 837 3052 1006 3101; x_wconf 90' lang='lat' dir='ltr'>Broun</span> <span class='ocrx_word' id='word_1_234' title='bbox 1042 3054 1333 3116; x_wconf 81' lang='lat' dir='ltr'>presbiteros</span> <span class='ocrx_word' id='word_1_235' title='bbox 1372 3086 1381 3095; x_wconf 93' lang='lat'><strong>·</strong></span> <span class='ocrx_word' id='word_1_236' title='bbox 1421 3059 1530 3107; x_wconf 92' lang='lat' dir='ltr'>suos</span> <span class='ocrx_word' id='word_1_237' title='bbox 1563 3068 1910 3123; x_wconf 87' lang='lat' dir='ltr'>procuratores</span> <span class='ocrx_word' id='word_1_238' title='bbox 1946 3061 2009 3108; x_wconf 87' lang='lat' dir='ltr'>ad</span> <span class='ocrx_word' id='word_1_239' title='bbox 2042 3059 2368 3108; x_wconf 89' lang='lat' dir='ltr'>intimandum</span> 
     </span>
     <span class='ocr_line' id='line_1_28' title="bbox 341 3142 2368 3214; baseline 0.003 -24"><span class='ocrx_word' id='word_1_240' title='bbox 341 3142 576 3191; x_wconf 79' lang='lat' dir='ltr'>uniuersis</span> <span class='ocrx_word' id='word_1_241' title='bbox 612 3142 849 3207; x_wconf 88' lang='lat' dir='ltr'>episcopis</span> <span class='ocrx_word' id='word_1_242' title='bbox 884 3143 1201 3208; x_wconf 92' lang='lat' dir='ltr'>locorumque</span> <span class='ocrx_word' id='word_1_243' title='bbox 1238 3148 1499 3197; x_wconf 87' lang='lat' dir='ltr'>ordinariis</span> <span class='ocrx_word' id='word_1_244' title='bbox 1534 3150 1586 3197; x_wconf 92' lang='lat' dir='ltr'>in</span> <span class='ocrx_word' id='word_1_245' title='bbox 1622 3168 1830 3214; x_wconf 90' lang='lat' dir='ltr'>quorum</span> <span class='ocrx_word' id='word_1_246' title='bbox 1863 3150 2133 3199; x_wconf 84' lang='lat' dir='ltr'>diocefibus</span> <span class='ocrx_word' id='word_1_247' title='bbox 2169 3149 2368 3198; x_wconf 89' lang='lat' dir='ltr'>ecclefie</span> 
     </span>
    </p>
   </div>
  </div>
 </body>
</html>
