2762 3834
9 196 18 506 ι

13 590 20 812 -ἲ

648 356 1072 410 REGISTRUM
1105 360 1204 411 DE
1240 359 1797 415 ABERBROTHOC.
2147 371 2239 418 133

197 555 497 627 Concordia
530 577 662 625 inter
687 578 887 627 abbates
912 581 973 629 (16
998 582 1333 634 Abirbrothoc
1359 593 1408 634 et
1431 587 1492 635 (16
1518 576 1881 651 Balmorynach
1906 604 2056 651 penes
2082 589 2234 637 eccle·

194 667 308 716 fiam
335 669 395 716 de
421 667 589 717 Barre.

17 819 21 921 ξ
55 851 140 895 152
193 828 372 913 Apud
408 848 592 897 Dunde
628 848 832 913 septimo
871 850 951 898 die
989 851 1163 900 mensis
1200 853 1390 918 Aprilis
1427 872 1556 904 anno
1594 856 1800 905 Domini
1831 857 2083 905 millefimo
2113 874 2228 920 qua-

16 947 22 1138 ³

190 940 570 1006 dringentefimo
593 941 890 1006 sexagesimo
915 950 1091 1006 quarto
1121 944 1171 992 in
1200 945 1452 1007 presencia
1491 986 1499 994 .
1532 986 1540 994 .
1576 986 1584 995 .
1622 947 1829 996 Patricii
1862 987 1871 996 .
1914 988 1922 996 .
1967 987 1976 996 .
2015 948 2227 1012 episcopi

190 1032 535 1081 Brechinenfis
567 1073 575 1081 .
617 1073 625 1081 .
669 1073 677 1082 .
713 1040 763 1082 et
799 1073 807 1082 .
844 1073 852 1082 .
891 1073 900 1082 .
938 1033 1109 1083 Dauid
1133 1037 1324 1085 comitis
1351 1037 1646 1087 Craufurdie
1671 1046 1720 1087 et
1741 1040 1948 1088 aliorum
1981 1079 1989 1087 .
2028 1080 2036 1087 .
2072 1080 2079 1088 .
2115 1057 2227 1087 con-

188 1123 425 1173 trauerfia
463 1125 594 1174 inter
633 1126 833 1175 abbates
870 1160 882 1172 .
923 1163 933 1173 .
974 1162 985 1174 .
1024 1126 1085 1174 de
1133 1128 1468 1178 Abirbrothoc
1515 1138 1563 1178 et
1604 1131 1951 1179 Balmorinach
1998 1132 2059 1189 de
2100 1169 2110 1178 .
2158 1169 2167 1178 .
2214 1169 2224 1178 .

189 1217 419 1265 oneribus
456 1216 809 1282 episcopalibus
849 1255 859 1266 .
900 1255 912 1266 .
952 1255 962 1265 .
1000 1235 1057 1266 ac
1096 1219 1205 1267 aliis
1242 1220 1643 1284 reparacionibus
1677 1221 1876 1270 ecclefie
1904 1223 2226 1286 parrochialis

187 1309 248 1357 de
274 1308 431 1357 Barre
466 1347 476 1357 .
514 1347 524 1357 .
565 1347 575 1357 .
612 1309 769 1374 sopita
807 1310 971 1359 extitit
1007 1310 1059 1358 in
1098 1310 1231 1358 hunc
1259 1311 1458 1359 modum
1500 1349 1511 1360 .
1557 1350 1567 1360 .
1609 1350 1619 1359 .
1659 1312 1807 1370 Quod
1843 1350 1853 1360 .
1893 1350 1903 1361 .
1944 1350 1955 1361 .
1995 1315 2141 1363 abbas
2178 1323 2226 1363 et

187 1408 458 1449 conuentus
484 1438 495 1450 .
525 1439 535 1449 .
566 1439 574 1449 ,
600 1402 857 1451 annuatim
896 1441 906 1450 .
946 1440 957 1450 .
1004 1439 1015 1450 .
1056 1402 1336 1467 persoluent
1371 1403 1536 1450 omnia
1571 1420 1722 1451 onera
1750 1403 2043 1469 episcopalia
2066 1407 2222 1454 eidem

186 1493 387 1541 ecclefie
437 1531 447 1541 .
500 1531 511 1542 .
557 1531 567 1540 .
615 1495 886 1558 spectantia
909 1494 1037 1543 utin
1075 1532 1085 1541 .
1122 1532 1133 1542 .
1168 1533 1179 1544 .
1217 1494 1555 1543 conuencione
1589 1531 1598 1541 .
1637 1531 1647 1541 .
1685 1533 1694 1543 .
1730 1511 1789 1542 ex
1825 1495 2026 1559 antiquo
2058 1497 2226 1545 habita

185 1586 468 1635 continetur
486 1586 719 1635 videlicet
740 1587 1123 1651 procuraciones
1147 1585 1363 1651 episcopi
1386 1592 1436 1634 et
1459 1585 1795 1634 archidiaconi
1821 1586 2051 1650 expensas
2069 1588 2226 1636 archi-

183 1676 380 1724 diaconi
406 1684 455 1725 et
480 1677 656 1726 decani
682 1676 997 1726 caritatiuum
1020 1676 1283 1726 subfidium
1307 1684 1357 1726 et
1379 1676 1662 1741 pensionem
1687 1677 1928 1741 capellani
1956 1678 2031 1726 vel
2056 1679 2227 1726 vicarii

183 1785 244 1816 ex
281 1769 483 1833 antiquo
518 1806 528 1816 .
563 1808 573 1818 .
612 1807 622 1817 .
659 1768 911 1818 consuetas
945 1807 955 1816 .
991 1806 1002 1817 .
1043 1807 1053 1817 .
1091 1777 1140 1818 et
1179 1777 1516 1833 competenter
1557 1769 1895 1819 reformabunt
1934 1771 2078 1818 vnica
2121 1771 2225 1818 vice

183 1867 374 1909 tantum
399 1861 604 1909 chorum
629 1861 756 1910 diste
791 1860 994 1910 ecclefie
1031 1870 1172 1911 extra
1206 1869 1256 1910 et
1288 1861 1418 1910 infra
1454 1899 1463 1909 .
1503 1899 1513 1910 .
1547 1902 1555 1910 .
1591 1863 1654 1910 ad
1679 1861 1832 1910 visum
1873 1901 1882 1910 .
1922 1899 1932 1909 .
1969 1900 1978 1909 .
2018 1862 2226 1926 episcopi

183 1952 525 2003 Brechinenfis
557 1961 606 2004 et
637 1955 814 2004 decani
835 1954 1054 2019 Angufie
1079 1982 1089 1991 ·
1114 1963 1163 2004 et
1198 1952 1476 2019 persoluent
1515 1991 1525 2001 .
1574 1992 1583 2001 .
1627 1991 1637 2000 .
1675 1954 1840 2003 abbati
1876 1962 1924 2002 et
1961 1955 2226 2002 conuentui

184 2081 194 2092 .
228 2082 238 2092 .
279 2083 289 2093 .
328 2047 389 2094 de
414 2045 779 2112 Balmorynach
804 2047 982 2112 viginti
1017 2046 1195 2095 solidos
1231 2047 1425 2110 argenti
1462 2046 1526 2095 ad
1550 2047 1672 2094 duos
1708 2048 1825 2095 anni
1853 2047 2087 2095 terminos
2112 2065 2224 2095 con-

181 2137 343 2185 suetos
377 2174 387 2185 .
427 2173 438 2186 .
479 2175 489 2185 .
527 2155 649 2202 quos
675 2138 853 2204 viginti
887 2138 1064 2187 solidos
1101 2176 1110 2185 .
1146 2176 1155 2185 .
1194 2175 1203 2185 .
1242 2139 1360 2187 diffi
1394 2138 1543 2186 abbas
1568 2146 1617 2186 et
1643 2144 1913 2186 conuentus
1952 2176 1961 2185 .
2000 2175 2010 2185 .
2049 2175 2058 2184 .
2094 2138 2225 2186 leua-

181 2228 304 2278 bunt
328 2230 389 2277 de
413 2229 560 2279 terris
587 2268 597 2277 .
632 2268 642 2278 .
671 2269 679 2278 .
708 2230 897 2279 abbatis
922 2238 972 2279 et
996 2238 1271 2279 conuentus
1296 2232 1357 2279 de
1377 2229 1714 2279 Abirbrothoc
1738 2231 1788 2276 in
1812 2227 2023 2293 paffagio
2048 2229 2223 2276 boriali

182 2338 306 2386 aque
331 2323 392 2371 de
420 2322 565 2389 Taya
588 2324 667 2371 vel
704 2361 715 2371 .
752 2362 762 2372 .
801 2362 811 2373 .
848 2324 910 2372 de
934 2323 1171 2388 proximis
1207 2338 1377 2370 eorum
1413 2320 1558 2369 terris
1583 2319 2042 2368 circumiacentibus
2068 2348 2077 2357 ·
2104 2328 2221 2367 tem—

180 2430 300 2478 pore
325 2431 444 2462 vero
468 2415 913 2478 primessolucionis
939 2453 949 2463 .
983 2454 993 2463 .
1021 2453 1030 2463 .
1056 2415 1327 2480 incipiente
1351 2413 1402 2460 in
1426 2411 1547 2460 festo
1575 2411 1742 2461 Sancti
1766 2410 1973 2461 Martini
1997 2411 2220 2474 proximo

182 2543 190 2551 .
228 2543 239 2553 .
278 2543 287 2552 .
324 2506 432 2570 post
472 2506 638 2555 datam
676 2507 984 2571 presencium
1026 2536 1036 2546 ·
1075 2524 1168 2571 pro
1210 2506 1385 2570 quibus
1427 2503 1603 2568 viginti
1645 2502 1808 2550 solidi-s
1846 2540 1857 2550 .
1893 2539 1904 2550 .
1943 2540 1952 2549 .
1990 2502 2138 2550 abbas
2174 2510 2222 2548 et

182 2603 454 2645 conuentus
486 2637 495 2645 .
535 2634 546 2644 .
581 2635 590 2644 .
627 2597 689 2645 de
724 2597 1075 2646 Balmorinach
1110 2638 1119 2646 .
1157 2636 1167 2646 .
1204 2595 1582 2649 ,sustenta—bunt
1616 2594 1820 2642 chorum
1860 2593 1986 2641 diae
2021 2592 2221 2641 ecclesie

181 2689 232 2736 in
277 2689 502 2738 omnibus
549 2690 781 2738 oneribus
823 2730 831 2739 .
869 2730 878 2738 .
917 2731 926 2738 .
970 2690 1188 2755 exceptis
1237 2687 1477 2736 oneribus
1514 2685 1948 2750 supraspecificatis
1994 2702 2083 2749 per
2118 2724 2126 2732 .
2164 2724 2173 2732 .
2211 2724 2219 2733 .

36 2842 37 2849 ἵ
104 2762 108 2765 ’
182 2780 406 2829 abbatem
442 2821 450 2829 .
489 2821 498 2829 .
536 2821 545 2830 .
582 2782 643 2829 (16
669 2781 1006 2831 Abirbrothoc
1039 2822 1047 2831 .
1085 2821 1094 2830 .
1133 2821 1142 2830 .
1178 2780 1515 2847 per-soluendis
1541 2809 1551 2820 ·
1577 2779 1661 2827 Ad
1694 2796 1788 2842 que
1814 2819 1822 2827 .
1849 2790 1857 2827 “.
1886 2819 1894 2827 .
1922 2778 2220 2827 obseruanda

181 2873 360 2936 prefati
385 2874 585 2924 abbates
619 2914 628 2923 .
667 2915 675 2923 .
713 2915 722 2923 .
758 2875 856 2924 fide
886 2875 1050 2923 media
1082 2914 1090 2923 .
1129 2914 1138 2922 .
1177 2911 1187 2921 .
1225 2872 1517 2922 exstiterunt
1541 2871 1743 2935 obligati
1770 2910 1777 2918 .
1806 2909 1814 2918 .
1844 2908 1854 2917 .
