2742 3848
393 2545 488 2589 584

542 375 639 419 442
987 363 1414 418 REGISTRUM
1448 362 1547 412 DE
1583 358 2147 410 ABERBROTHOC.

543 506 685 554 lanus
725 502 982 552 annuatim
1020 500 1186 549 videat
1229 497 1362 562 quod
1402 511 1514 544 mea
1548 493 1646 542 tria
1676 491 2019 542 anniuersario,
2054 492 2263 542 fundata
2299 510 2391 558 pro
2430 495 2597 544 anima

543 613 653 645 mea
692 605 742 645 et
782 594 1037 644 animabus
1083 589 1239 656 patris
1279 595 1328 636 et
1365 586 1537 635 mat-ris
1575 602 1685 634 mee
1723 591 1773 633 et
1811 583 2033 632 omnium
2072 592 2337 649 parentum
2374 604 2596 636 meorum

542 688 859 751 omniumque
907 684 1128 733 fidelium
1185 680 1532 729 defunctorum
1585 674 1950 743 [celebrentur]
1999 705 2011 717 ·
2060 676 2195 726 Volo
2249 678 2407 727 eciam
2465 681 2599 743 quod

542 779 742 845 singulis
766 777 909 826 annis
933 776 985 824 in
1010 775 1090 823 die
1115 774 1278 823 obitus
1303 772 1400 820 mei
1426 771 1594 820 videat
1618 768 1754 834 quod
1777 786 1932 817 unum
1954 768 2160 818 istorum
2190 769 2341 819 trium
2366 771 2597 820 anniuer-

545 871 780 919 sariorum
807 867 1084 916 celebretur
1122 882 1236 914 cum
1272 862 1411 912 missa
1436 863 1497 911 de
1520 861 1696 926 requie
1731 861 1938 911 honeste
1975 861 2098 911 sicut
2133 863 2279 913 decet
2316 892 2327 903 ·
2369 863 2597 914 Tandem

543 962 653 1010 volo
683 961 816 1024 quod
844 958 979 1007 omni
1002 958 1130 1006 feria
1152 956 1369 1005 secunda
1393 955 1520 1003 hora
1554 955 1692 1003 sexta
1728 954 1887 1004 dictus
1926 955 2213 1021 capellanus
2251 956 2385 1006 dicat
2413 958 2596 1006 miffam

543 1056 602 1103 de
627 1053 799 1117 requie
825 1069 935 1101 cum
969 1051 1027 1100 fit
1060 1049 1316 1116 dispofitus
1349 1057 1398 1098 et
1437 1066 1467 1097 a
1501 1047 1691 1112 duplici
1722 1047 1846 1097 festo
1877 1048 2133 1099 vacauerit
2167 1066 2280 1099 cum
2313 1050 2598 1115 pulsacione

542 1161 890 1209 campanarum
914 1151 1029 1193 ante
1054 1143 1228 1192 horam
1253 1142 1437 1191 sextam
1463 1141 1545 1189 uel
1569 1141 1768 1190 eocirca
1803 1169 1814 1181 ·
1847 1140 2024 1191 Eciam
2050 1141 2164 1191 uolo
2189 1150 2239 1191 et
2263 1142 2440 1193 ordino
2465 1145 2599 1208 quod

541 1239 822 1303 capellanus
845 1237 1095 1302 predictus
1119 1236 1253 1284 omni
1275 1235 1402 1284 feria
1424 1234 1642 1283 secunda
1666 1251 1779 1283 cum
1803 1232 1863 1283 fit
1887 1234 2144 1299 dispofitus
2171 1234 2390 1285 celebret
2413 1235 2598 1285 missam

541 1332 601 1379 de
638 1330 812 1394 requie
849 1346 941 1394 pro
980 1328 1146 1377 anima
1182 1345 1295 1376 mea
1326 1335 1376 1377 et
1409 1327 1669 1376 animabus
1706 1327 2045 1392 predictorum
2081 1328 2133 1377 in
2170 1329 2461 1378 fundatione
2497 1359 2507 1369 ·
2549 1338 2599 1378 ct

540 1424 646 1488 post
670 1423 879 1488 primam
903 1421 1149 1471 locionem
1173 1437 1410 1470 manuum
1433 1420 1486 1468 in
1512 1420 1648 1468 omni
1669 1418 1808 1469 missa
1826 1420 1986 1482 dictus
2007 1420 2294 1485 capellanus
2314 1422 2597 1487 quicunque

540 1533 629 1579 pro
666 1525 888 1580 tempore
927 1514 1140 1563 existens
1178 1513 1279 1562 alta
1314 1529 1437 1562 voce
1473 1513 1552 1562 De
1579 1513 1850 1578 profundis
1885 1529 1998 1561 cum
2023 1513 2278 1562 Fidelium
2307 1513 2443 1563 dicat
2482 1552 2493 1562 .
2534 1552 2544 1563 .
2586 1553 2596 1562 .

541 1609 600 1657 In
626 1609 764 1658 cuius
788 1608 862 1657 rei
886 1607 1217 1657 testimonium
1236 1607 1354 1656 huic
1376 1605 1595 1671 presenti
1621 1613 1758 1654 carte
1782 1622 1891 1654 mee
1916 1604 2129 1671 figillum
2152 1622 2317 1655 meum
2339 1607 2599 1672 proprium

542 1718 751 1749 vnacum
784 1699 941 1766 figillo
976 1699 1224 1749 Johannis
1258 1698 1403 1749 Seras
1438 1697 1613 1748 balliui
1649 1706 1699 1747 et
1736 1697 1894 1764 figillo
1931 1699 2182 1748 communi
2219 1699 2348 1749 dicte
2381 1699 2499 1749 ville
2536 1701 2597 1749 de

541 1792 799 1858 Arbroyth
823 1810 912 1857 per
935 1810 1013 1841 me
1040 1810 1152 1841 cum
1175 1792 1421 1841 instancia
1454 1791 1736 1856 procuratis
1772 1791 1883 1840 sunt
1918 1793 2136 1857 appensa
2170 1792 2303 1857 apud
2333 1792 2596 1858 Arbroyth

538 1892 714 1948 quarto
739 1885 819 1933 die
843 1884 1019 1933 mensis
1042 1884 1077 1933 J
1081 1885 1276 1934 anuarii
1298 1902 1429 1933 anno
1462 1883 1672 1933 Domini
1711 1890 1781 1934 m⁰
1811 1884 2201 1950 quingentefimo
2236 1885 2431 1934 decimo
2463 1902 2596 1934 nono

537 1976 841 2040 presentibus
864 1976 1049 2024 ibidem
1073 1976 1108 2025 J
1112 1976 1306 2025 ohanne
1335 1976 1482 2027 Seras
1506 1978 1694 2027 balliuo
1718 2005 1729 2017 ·
1753 1978 1926 2028 Dauid
1946 1977 2103 2028 Farar
2127 2006 2139 2018 ·
2167 1977 2364 2027 Thema
2387 1978 2596 2028 Brown·

539 2069 728 2118 Karolo
754 2068 998 2117 Browster
1030 2099 1041 2109 ·
1075 2069 1110 2119 J
1114 2070 1309 2120 ohanne
1336 2071 1491 2120 Mude
1526 2100 1536 2111 ·
1568 2071 1883 2142 Allexandro
1908 2069 2138 2119 Mustard
2170 2099 2182 2110 ·
2213 2069 2412 2120 Thoma
2434 2070 2559 2121 Lam
2585 2101 2594 2110 ·

538 2168 588 2209 et
630 2159 826 2210 Thoma
869 2160 1055 2211 Croftis
1105 2192 1115 2202 ·
1166 2180 1278 2211 cum
1319 2163 1525 2213 diuerfis
1567 2165 1677 2214 aliis
1728 2202 1739 2214 .
1791 2201 1803 2214 .
1856 2201 1867 2214 .
1916 2163 2052 2214 Data
2095 2164 2488 2214 confirmationis
2533 2168 2594 2213 18

537 2252 767 2302 Januarii
795 2256 940 2301 1524.

543 2514 737 2587 Abbas
759 2538 1007 2601 presentat
1031 2538 1317 2602 magistrum
1344 2539 1708 2589 Allexandrum
1728 2539 1942 2590 Dunbar
1961 2541 2026 2590 ad
2043 2541 2284 2590 uicariam
2302 2550 2593 2608 perpetuam

542 2626 742 2676 ecclesie
781 2628 1081 2693 parochialis
1118 2630 1180 2678 de
1220 2630 1416 2680 Taruas
1454 2632 1815 2681 Abirdonenfis
1852 2633 2058 2683 diocefis
2092 2651 2217 2686 vcum
2265 2651 2374 2684 eam
2415 2653 2593 2685 vacare

543 2718 809 2784 contigerit
853 2736 944 2783 per
989 2719 1378 2785 refignacionem
1425 2724 1613 2772 domini
1664 2725 1859 2774 Thome
1916 2725 2155 2792 Myrtone
2206 2728 2593 2792 permutacionis

545 2811 689 2859 causa
723 2827 835 2859 cum
870 2812 1177 2876 prepofitura
1211 2812 1311 2863 fiue
1335 2815 1524 2865 vicaria
1557 2816 1760 2866 ecclefie
1796 2818 2060 2884 collegiate
2083 2819 2147 2869 de
2174 2817 2378 2885 Craylle
2405 2817 2592 2870 Sancti-

545 2902 729 2952 andree
754 2901 957 2951 diocesis
981 2931 992 2942 ·
1018 2907 1079 2951 21
1106 2902 1337 2955 Januarii
1364 2909 1506 2956 1524.
