2762 3834
611 332 701 382 RE
709 334 1038 385 GISTRUM
1074 337 1169 385 DE
1206 336 1763 387 ABERBROTHOC.
2118 345 2204 388 135

163 480 391 527 cunque·
420 470 504 511 aut
535 461 569 509 fi
609 501 619 510 .
661 500 671 510 .
715 502 725 512 .
766 467 969 528 prefatis
1008 470 1087 517 vel
1125 469 1373 532 quibusuis
1415 469 1524 518 aliis
1560 508 1569 517 .
1607 508 1618 518 .
1660 507 1670 518 .
1709 471 1770 518 ab
1803 471 1973 518 eadem
1998 470 2109 518 sede
2133 471 2204 517 in-

162 555 352 604 dultum
377 553 550 602 existat
575 555 707 617 quod
744 555 977 605 interdici
1015 558 1239 623 suspendi
1277 561 1355 609 vel
1393 562 1810 610 excommunicari
1844 569 1927 609 aut
1961 569 2101 610 extra.
2127 562 2203 609 vel

162 640 290 695 vltra
316 653 452 694 certa
474 645 585 693 loca
609 646 672 692 ad
710 646 944 695 iudicium
985 651 1183 698 euocari
1220 669 1321 700 non
1356 651 1532 716 poffint
1570 669 1659 717 per
1691 653 1880 701 litteras
1914 652 2202 717 apostolicas

160 756 259 787 non
285 738 522 787 facientes
558 777 566 785 .
606 776 615 785 .
654 776 663 784 .
701 737 762 785 de
786 737 979 786 indulto
1003 739 1278 791 huiusmodi
1311 745 1620 793 mencionem
1645 772 1654 782 ·
1680 747 1863 793 Datum
1890 744 2047 793 Rome
2072 745 2203 809 apud

161 831 584 895 San&umpetrum
613 846 743 878 anno
777 829 1142 880 incarnacionis
1167 834 1411 883 dominice
1447 836 1697 884 millefimo
1722 836 2202 901 quadringentesimo

159 921 452 987 sexagesimo
479 928 654 986 quarto
679 938 837 969 nonas
862 920 897 968 J
900 921 1003 968 unii
1029 924 1340 986 pontificatus
1365 926 1517 974 nostri
1543 945 1673 976 anno
1698 928 1844 976 sexto.

162 1172 336 1245 Carta
360 1195 577 1258 quinque
601 1194 840 1242 librarum
865 1193 1018 1241 annui
1043 1195 1265 1243 redditus
1289 1196 1340 1244 in
1365 1198 1522 1262 burgo
1548 1200 1609 1246 de
1634 1200 1905 1249 Abbirden.

165 1357 426 1430 Omnibus
468 1418 476 1426 .
522 1418 529 1427 .
574 1418 582 1427 .
626 1378 882 1427 Johannes
919 1378 979 1426 de
1016 1377 1136 1443 Fyff
1162 1379 1416 1444 burgensis
1459 1421 1467 1428 .
1512 1421 1519 1429 .
1564 1422 1572 1430 .
1616 1384 1677 1430 de
1707 1384 1964 1433 Abbirden
2001 1387 2201 1435 salutem

163 1512 171 1520 .
269 1511 277 1520 .
333 1471 591 1519 Noueritis
625 1487 704 1518 me
746 1510 755 1518 .
798 1510 808 1518 .
853 1510 861 1518 .
903 1487 995 1534 pro
1032 1469 1210 1518 debitis
1247 1470 1368 1518 meis
1405 1472 1712 1535 acquitandis
1746 1491 1896 1538 penes
1929 1476 2202 1526 Ranaldum

166 1563 336 1614 Chene
359 1563 421 1610 de
447 1561 674 1611 Straloch
701 1562 762 1610 de
800 1601 808 1609 .
847 1602 855 1609 .
894 1602 902 1610 .
941 1569 1078 1610 certa
1100 1561 1287 1610 summa
1323 1602 1331 1610 .
1370 1601 1379 1610 .
1420 1602 1427 1611 .
1464 1566 1736 1629 nonaginta
1759 1566 1905 1614 trium
1930 1585 2205 1616 marcarum

164 1655 340 1703 vsualis
374 1662 571 1703 monete
617 1653 790 1704 Scocie
829 1693 837 1702 .
878 1693 887 1701 .
929 1693 937 1702 .
980 1671 1072 1718 pro
1109 1654 1409 1718 quaquidem
1447 1694 1455 1702 .
1493 1694 1502 1702 .
1542 1695 1549 1702 .
1586 1656 1949 1722 impingneraui
1983 1659 2066 1706 fibi
2104 1698 2111 1706 .
2151 1698 2159 1706 .

164 1765 380 1797 annuum
405 1747 654 1796 redditum
681 1754 879 1795 centum
900 1746 1166 1794 solidorum
1190 1747 1251 1794 de
1273 1747 1417 1795 terris
1440 1747 1560 1795 meis
1581 1748 1902 1813 infrascriptis
1939 1790 1947 1797 .
1986 1790 1994 1798 .
2033 1789 2043 1798 .
2080 1751 2209 1798 infra

163 1841 342 1888 dietum
368 1842 579 1904 burgum
617 1880 625 1888 .
665 1879 673 1887 .
711 1880 719 1888 .
758 1857 815 1887 ac
841 1839 995 1887 eciam
1021 1856 1112 1903 pro
1135 1838 1289 1887 salute
1314 1839 1476 1887 anime
1501 1857 1608 1887 mee
1633 1848 1681 1889 et
1704 1849 1962 1904 parentum
1990 1859 2207 1890 meorum

166 1941 213 1982 et
239 1934 486 1998 fignanter
509 1939 713 1996 propter
739 1932 954 1980 diuersas
980 1932 1190 1980 summas
1215 1948 1274 1979 ex
1299 1932 1448 1996 longo
1484 1939 1705 1996 tempore
1730 1951 1827 1981 non
1854 1934 2031 1983 solutas
2056 1936 2207 1982 cuius-

165 2027 276 2074 dam
323 2025 474 2073 annui
517 2006 740 2072 redditus
784 2023 938 2072 debiti
987 2063 995 2071 .
1047 2063 1055 2071 .
1107 2063 1114 2071 .
1165 2024 1330 2072 abbati
1371 2031 1420 2072 et
1462 2026 1729 2073 conuentui
1771 2027 1831 2074 de
1873 2026 2207 2075 Abirbrothoc

166 2126 399 2182 tanquam
426 2118 639 2166 dominis
663 2116 995 2181 superioribus
1030 2124 1163 2165 terre
1199 2133 1307 2164 mee
1339 2116 1546 2164 iacentis
1567 2117 1617 2164 in
1640 2116 1769 2165 Vico
1791 2117 1952 2166 Castri
1977 2119 2120 2182 burgi
2146 2120 2206 2166 de

166 2210 420 2259 Abbirden
463 2227 522 2258 ex
563 2209 741 2258 boriali
782 2216 922 2273 parte
963 2208 1175 2257 eiusdem
1219 2209 1317 2256 vici
1360 2249 1368 2257 .
1408 2249 1415 2257 .
1453 2248 1461 2256 .
1506 2209 1771 2257 vendidisse
1811 2247 1819 2256 .
1859 2249 1867 2256 .
1907 2250 1914 2257 .
1959 2209 2206 2257 Malcomo

167 2303 331 2350 abbati
356 2303 418 2350 de
445 2302 783 2350 Abirbrothoc
818 2341 827 2350 .
866 2341 873 2349 .
914 2341 922 2349 .
958 2317 1175 2349 annuum
1212 2300 1459 2348 redditum
1498 2308 1695 2347 centum
1730 2300 1991 2347 solidorum
2030 2301 2204 2347 vsualis

166 2401 360 2442 monete
389 2393 563 2443 Scocie
589 2401 848 2442 exeunt-em
898 2434 905 2441 .
945 2434 953 2441 .
992 2434 1000 2441 .
1045 2394 1106 2441 de
1130 2392 1228 2440 illis
1254 2392 1442 2439 duabus
1468 2391 1612 2439 terris
1636 2391 1758 2439 meis
1794 2431 1802 2438 .
1841 2430 1849 2438 .
1888 2431 1895 2438 .
1934 2391 2206 2439 iacentibus

220 2525 228 2533 .
270 2525 278 2533 .
320 2486 654 2534 colateraliter
678 2486 729 2533 in
755 2485 885 2532 dieto
911 2484 1041 2532 Vico
1069 2483 1231 2533 Castri
1257 2501 1316 2531 ex
1341 2490 1481 2547 parte
1505 2482 1683 2530 boriali
1709 2482 1920 2530 eiusdem
1948 2523 1956 2530 .
1995 2522 2003 2530 .
2044 2522 2051 2529 .
2078 2484 2207 2531 inte-r

167 2584 349 2624 terram
373 2576 580 2625 Patricii
608 2576 894 2624 Baidenach
920 2593 978 2624 ex
1003 2583 1144 2640 parte
1176 2576 1405 2624 orientali
1442 2615 1450 2623 .
1489 2615 1496 2623 .
1535 2615 1543 2623 .
1581 2582 1628 2623 et
1653 2584 1834 2623 terram
1862 2573 2053 2621 Thome
2089 2574 2206 2622 Prat

169 2685 226 2715 ex
252 2668 546 2717 occidentali
590 2709 597 2716 .
638 2709 645 2716 .
684 2709 692 2717 .
734 2669 1145 2733 quarumquidem
1182 2708 1190 2716 .
1230 2708 1238 2716 .
1274 2708 1281 2716 .
1320 2675 1453 2715 terra
1485 2667 1571 2715 illa
1603 2684 1697 2730 que
1726 2667 1855 2714 iacet
1893 2668 2057 2714 uersus
2082 2666 2206 2713 occi-

169 2759 287 2807 dens
314 2766 511 2808 tenetur
547 2760 598 2807 in
634 2760 792 2808 libero
830 2760 1073 2824 burgagio
1109 2761 1170 2807 de
1208 2798 1216 2807 .
1261 2799 1269 2808 .
1315 2799 1323 2807 .
1361 2777 1478 2824 rege
1521 2789 1530 2798 ·
1569 2766 1617 2806 et
1655 2759 1751 2806 alia
1791 2798 1799 2805 .
1844 2798 1852 2805 .
1897 2798 1905 2807 .
1949 2776 2042 2821 que
2080 2759 2204 2805 iacet

169 2851 331 2899 versus
357 2852 519 2899 oriens
542 2868 698 2916 prope
722 2859 907 2900 terram
932 2851 1138 2900 Patricii
1176 2851 1461 2900 Baidenach
1486 2859 1681 2899 tenetur
1706 2852 1767 2898 de
1792 2850 2047 2914 regalitate
2090 2888 2098 2896 .
2143 2888 2150 2895 .
2195 2887 2204 2896 .

170 2942 356 2991 abbatis
391 2980 402 2991 .
441 2982 449 2991 .
486 2980 497 2991 .
535 2944 597 2991 de
633 2943 968 2992 Abirbrothoc
1011 2982 1019 2991 .
1064 2980 1074 2991 .
1117 2981 1127 2991 .
1167 2944 1218 2991 in
1252 2943 1541 2992 feodofirma
1575 2959 1665 3006 pro
1692 2959 1788 2989 vno
1821 2959 1984 2989 annuo
2010 2941 2202 2988 redditu

168 3041 306 3096 petre
332 3051 442 3082 cere
481 3074 488 3082 .
528 3074 536 3082 .
575 3073 584 3083 .
620 3051 710 3098 pro
738 3043 875 3083 certa
900 3036 1084 3083 summa
1107 3035 1316 3098 pecunie
1341 3051 1487 3098 quam
1524 3073 1533 3081 .
1574 3072 1583 3081 .
1623 3071 1633 3081 .
1671 3034 1818 3081 abbas
1852 3041 1900 3081 et
1936 3039 2203 3080 conuentus

171 3123 287 3171 mihi
333 3164 341 3172 .
385 3163 394 3173 .
437 3164 448 3175 .
490 3125 834 3189 persoluebant
876 3163 886 3173 .
931 3162 941 3172 .
988 3162 998 3173 .
1045 3125 1340 3174 Tenendum
1391 3164 1399 3173 .
1444 3164 1452 3172 .
1496 3164 1504 3172 .
1549 3125 1601 3172 in
1647 3124 1791 3172 feodo
1839 3131 1886 3170 et
1932 3122 2201 3170 hereditate
