2586 3834
639 366 730 416 RE
738 364 1068 416 GISTRUM
1102 364 1200 414 DE
1236 363 1799 416 ABERBROTHOC.
2146 369 2240 421 437

45 588 103 641 57
110 592 138 635 8
192 567 676 640 commendatarius
703 588 933 638 concedit
958 587 1185 637 seruitori
1208 589 1293 637 suo
1320 588 1514 638 Thome
1543 589 1816 639 Otirburne
1850 589 2114 639 heredibus
2151 591 2243 638 suis
2299 611 2302 613 “

191 690 240 732 et
265 681 514 748 assignatis
539 682 738 730 domum
765 681 902 730 illam
926 681 979 729 in
1006 698 1104 746 qua
1128 680 1245 729 olim
1269 680 1305 729 J
1308 681 1527 730 ohannes
1562 681 1823 731 Matheson
1858 682 2101 731 habitauit
2133 666 2241 730 cum

190 781 298 822 orto
318 775 382 822 ad
401 774 608 822 eandem
628 772 910 837 pertinente
936 772 1183 821 iacentem
1201 772 1253 820 in
1275 773 1614 822 elemosinaria
1626 775 1758 824 inter
1774 781 1931 824 terras
1946 776 2030 823 seu
2045 776 2243 823 domum

188 865 358 914 relifite
384 864 633 930 quondam
660 864 854 914 Thome
878 865 1101 930 Peyrson
1120 865 1183 912 ad
1203 865 1509 914 occidentem
1530 883 1588 915 ac
1607 874 1765 915 terras
1788 866 2028 916 heredum
2049 867 2244 916 Thome

187 956 409 1022 Peyrson
431 956 704 1022 vulgariter
726 963 928 1005 vocatas
951 956 1004 1022 ly
1027 955 1170 1022 Guys
1191 956 1342 1022 Puyll
1366 957 1430 1005 ad
1455 958 1696 1007 orientem
1717 976 1775 1007 ac
1795 959 2004 1007 croftum
2023 959 2244 1024 magistri

187 1049 376 1098 fabrice
401 1049 465 1097 ad
487 1049 691 1099 boream
719 1066 831 1098 cum
869 1048 1119 1098 communi
1154 1049 1363 1097 introitu
1400 1056 1449 1098 et
1485 1050 1620 1098 exitu
1651 1050 1714 1098 ad
1745 1050 1960 1099 austrum
1993 1052 2159 1100 versus
2191 1052 2242 1116 ly

190 1140 537 1207 Homlogreyn
563 1141 789 1206 partibus
814 1141 876 1189 ab
901 1140 1120 1205 utrisque
1145 1169 1156 1179 ·
1182 1140 1459 1190 Reddendo
1482 1142 1724 1190 monacho
1749 1143 2086 1192 elemosinario
2121 1144 2243 1191 duos

191 1233 370 1282 solidos
393 1240 592 1283 monete
622 1232 796 1283 Scocie
822 1250 935 1283 cum
959 1232 1068 1282 aliis
1093 1232 1327 1282 oneribus
1365 1263 1375 1273 ·
1412 1250 1471 1282 ac
1506 1233 1751 1283 veniendo
1787 1236 1850 1283 ad
1886 1251 2055 1283 omnes
2084 1235 2244 1283 curias

189 1326 379 1375 abbatis
404 1326 455 1374 in
481 1324 820 1375 elemosinaria
842 1332 1005 1375 tentas
1026 1351 1036 1362 ·
1065 1329 1129 1374 28
1154 1324 1329 1374 Martii
1358 1330 1498 1375 1524.

190 1584 346 1657 Idem
373 1604 626 1654 constituit
645 1604 679 1654 J
684 1603 928 1653 ohannem
949 1603 1203 1653 Andirson
1222 1605 1358 1653 suum
1379 1613 1752 1669 procuratorem
1777 1607 1840 1655 ad
1865 1609 2244 1670 comparendum

193 1715 361 1747 coram
386 1697 645 1762 prepositis
672 1705 721 1747 et
744 1696 942 1746 balliuis
965 1696 1112 1762 burgi
1138 1696 1199 1745 de
1223 1696 1391 1763 Elgyn
1415 1697 1496 1746 seu
1528 1698 1894 1763 quibuscunque
1930 1700 2038 1748 aliis
2073 1700 2245 1748 iudici-

192 1791 282 1839 bus
308 1790 683 1854 quibuscunque
709 1790 882 1839 diebus
908 1796 993 1838 aut
1016 1789 1141 1838 locis
1165 1790 1229 1838 ad
1252 1790 1523 1854 petendum
1549 1807 1738 1839 annuos
1761 1792 1984 1840 redditus
2002 1799 2245 1840 terrarum

193 1890 467 1932 conuentus
526 1879 786 1947 firmasque
844 1882 927 1931 seu
987 1882 1159 1931 census
1203 1882 1590 1947 subscriptorum
1631 1883 1854 1932 locorum
1904 1912 1914 1923 ·
1965 1884 2194 1932 videlicet
2234 1913 2244 1922 ·

190 1975 392 2042 Eylgyn
428 1975 481 2023 in
516 1974 749 2024 Morauia
786 2002 796 2013 ·
838 1974 995 2024 Foras
1035 2004 1046 2015 ·
1085 1974 1231 2024 Narn
1271 2001 1282 2011 ·
1320 1973 1565 2023 Innernes
1603 2004 1613 2014 ·
1652 1974 1833 2041 Thayn
1872 2003 1882 2013 ·
1919 1975 2157 2041 Dynguel
2194 1977 2244 2023 in

191 2065 352 2115 Roffia
379 2096 389 2107 ·
416 2067 757 2133 Rosmerkyne
784 2095 794 2106 ·
821 2075 871 2115 et
897 2066 1138 2132 Cromaty
1164 2095 1175 2105 ·
1202 2083 1232 2114 a
1256 2065 1628 2130 quibuscunque
1659 2067 1881 2132 personis
1917 2067 2246 2131 cuiuscunque

192 2158 345 2208 status
386 2189 396 2198 ·
435 2176 493 2208 ac
529 2159 686 2208 di&as
723 2166 882 2208 terras
919 2158 1235 2208 ass'edandum
1270 2175 1519 2222 manuque
1558 2158 1826 2207 tenendum
1865 2185 1875 2195 ·
1912 2165 1960 2206 et
2000 2157 2248 2222 signanter

193 2268 339 2300 vnam
364 2251 662 2315 perticatam
686 2252 770 2300 seu
794 2251 972 2300 rudam
996 2258 1130 2300 terre
1148 2250 1394 2300 iacentem
1418 2250 1471 2298 in
1498 2250 1627 2299 dieto
1648 2250 1806 2315 burgo
1829 2267 1888 2299 ex
1908 2258 2049 2314 parte
2067 2250 2243 2297 boriali

193 2343 405 2392 eiusdem
441 2343 494 2391 in
531 2342 752 2408 opposito
789 2342 952 2392 crucis
984 2342 1082 2391 fori
1113 2359 1326 2392 vnacum
1359 2358 1456 2391 vna
1491 2348 1630 2390 certa
1663 2341 1807 2404 pecia
1841 2348 1973 2389 terre
2003 2341 2055 2388 in
2087 2342 2243 2388 crofto

192 2442 366 2484 vocato
395 2434 631 2500 Croftcry
654 2452 812 2500 prope
837 2435 1022 2483 di&um
1046 2434 1260 2500 burgum
1284 2462 1296 2473 ·
1323 2450 1381 2482 ac
1406 2432 1573 2481 omnia
1603 2432 1702 2481 alia
1735 2432 2014 2481 faciendum
2051 2449 2145 2495 que
2182 2432 2244 2479 ad

193 2527 403 2576 officium
428 2527 767 2592 procuratoris
790 2527 1046 2592 pertinent
1072 2521 1094 2563 ¹·
1129 2523 1475 2591 procuratorio
1499 2541 1591 2588 per
1615 2523 1885 2572 triennium
1921 2524 2158 2571 duraturo
2196 2530 2243 2570 et

193 2619 324 2668 ultra
348 2619 560 2669 durante
586 2619 842 2668 voluntate
867 2619 1060 2668 abbatis
1086 2645 1095 2655 ·
1120 2621 1185 2667 24
1209 2616 1399 2682 Aprilis
1427 2619 1571 2663 1524.

85 2888 146 2933 80
198 2866 509 2939 Conuentus
555 2891 808 2956 presentat
853 2889 1140 2955 magistrum
1188 2889 1223 2938 J
1227 2889 1472 2938 ohannem
1528 2888 1754 2937 Boiswell
1806 2887 2126 2952 presbiterum
2185 2888 2246 2934 ad

0 3042 6 3069 s

0 3135 9 3164 st

0 3224 13 3257 [ἲ

200 2980 437 3030 uicariam
475 2982 678 3032 ecclesie
713 2980 1013 3047 parochialis
1050 2980 1480 3030 deInnerkelour
1512 2980 1866 3030 Sanfitiandree
1901 2980 2101 3028 diocesis
2137 2995 2244 3027 cum

200 3089 376 3122 vacare
403 3074 670 3139 contigerit
692 3090 783 3139 per
807 3071 1196 3138 resignacionem
1231 3072 1454 3136 magistri
1486 3071 1663 3121 Jacobi
1704 3070 2035 3136 Scrymgeour
2071 3070 2244 3133 simpli-

199 3163 322 3211 citer
347 3164 425 3213 vel
448 3164 836 3229 permutacionis
862 3162 1007 3212 causa
1031 3189 1040 3200 ·
1067 3167 1096 3210 8
1123 3161 1247 3211 Maii
1275 3166 1421 3210 1524.
