2742 3848
514 360 613 404 584

515 498 677 548 Lovale,
699 498 848 552 Henry,
868 499 911 539 of
926 491 1148 551 Ballumby,
1171 498 1263 548 290,
1285 499 1379 537 291.

654 570 858 622 Ricardus,
905 569 1086 610 dominus
1130 569 1178 607 de
1207 568 1431 621 Ballumby,
1462 570 1527 619 47,

574 645 639 682 72.

517 715 669 765 Lowar,
690 712 926 763 Willelmus,
947 710 1154 762 burgensis
1182 710 1229 749 de
1255 709 1528 759 Abirbrothoc,

575 787 640 825 99.

517 857 656 907 Lowis‚
678 855 861 905 Thomas,
882 852 930 892 de
950 852 1101 903 Menar,
1123 854 1217 892 258.

517 929 702 977 Lownan,
725 926 935 972 Lownane‚
956 923 1168 974 Johannes,
1192 926 1242 963 77
1248 954 1257 963 .

572 1069 661 1109 hed.

515 1142 737 1192 Lowthian,
758 1141 960 1180 Laurence
978 1140 1027 1192 of,
1048 1139 1167 1180 bailie
1187 1139 1230 1180 of
1244 1139 1394 1192 Forfar,
1420 1141 1510 1179 140.

515 1213 731 1264 Lumberti,
754 1212 905 1263 Petrus,
928 1213 1022 1252 458.

516 1285 727 1336 Lumsden,
749 1283 987 1334 Alexander,
1009 1288 1135 1324 rector
1153 1283 1201 1323 de
1222 1282 1347 1334 Flisk,
1370 1284 1463 1322 211.

641 1356 829 1407 magister
865 1355 1073 1406 Henricus,
1119 1355 1333 1407 presbyter,
1376 1367 1530 1406 presen—

572 1433 678 1469 tatus
698 1428 747 1467 ad
766 1427 955 1467 vicariam
969 1427 1018 1466 de
1038 1427 1202 1478 Tarnas,
1225 1427 1318 1466 519.

573 1578 637 1611 tus
656 1571 706 1610 ad
723 1570 912 1610 vicariam
927 1569 975 1609 de
994 1570 1156 1621 Tervas,
1178 1570 1272 1608 284.

518 1642 780 1693 Lumtrethin,
802 1635 1082 1692 Lunthrethin,
1108 1635 1401 1692 Lunthrethyn,
1422 1640 1532 1680 Lun-

571 1715 703 1766 treith,
717 1714 980 1765 Luntrethyn,
996 1713 1178 1753 dominus
1192 1712 1252 1764 de,
1267 1712 1354 1752 vide
1369 1711 1529 1764 Ogilvy.

518 1787 670 1838 Lunde,
691 1786 847 1838 Lundy,
867 1786 895 1826 J
897 1785 1081 1837 ohannes,
1103 1785 1151 1824 de
1170 1784 1319 1836 eodem,
1343 1786 1433 1824 125.

645 1858 833 1910 magister
853 1856 1059 1909 Georgius,
1089 1861 1335 1910 presentatus
1354 1856 1405 1896 ad
1423 1856 1528 1896 vica-

573 1931 673 1969 riam
692 1929 740 1969 de
759 1928 954 1980 Abbirlot,
978 1930 1072 1969 256.

643 2001 831 2052 magister
845 1995 1082 2051 Willelmus,
1098 2003 1345 2052 presentatus
1357 1999 1406 2040 ad
1426 1999 1531 2039 vica-

574 2072 673 2111 riam
692 2072 740 2111 de
762 2072 884 2122 Dron,
906 2072 1000 2110 401.

650 2143 823 2183 Thomas
842 2142 891 2193 of,
913 2143 1006 2184 356.

519 2215 726 2265 Lundoris,
748 2214 940 2264 Lundors,
962 2214 1092 2253 Adam
1112 2213 1234 2253 abbas
1253 2213 1314 2264 de,
1337 2215 1430 2253 541.

648 2286 853 2327 Johannes
872 2286 994 2325 abbas
1013 2285 1073 2335 de,
1096 2286 1160 2335 95,
1181 2286 1273 2324 145.

520 2358 671 2409 Lutair,
720 2358 856 2408 Lutar,
905 2356 1093 2396 Marioria
1145 2369 1287 2409 sponsa
1324 2356 1531 2407 Willelmi,

579 2431 671 2469 151.

648 2500 887 2551 Willelmus,
907 2500 1113 2551 burgensis
1132 2499 1180 2539 de
1200 2499 1390 2551 Abirden,
1415 2501 1506 2539 151.

520 2575 624 2625 Lyn,
645 2573 770 2624 Lyne,
792 2572 928 2623 Agnes
949 2571 1052 2611 Cant
1072 2585 1213 2624 sponsa
1231 2571 1401 2623 Andree,
1423 2573 1519 2612 445.

536 2667 632 2674 ——-
651 2643 815 2683 Alisona
834 2656 973 2696 sponsa
993 2643 1157 2694 Thome,
1182 2644 1273 2683 197.

652 2714 842 2764 Andreas,
859 2714 954 2762 445,
975 2715 1070 2754 463.

523 2809 633 2818 --—-
651 2786 796 2836 David,
818 2787 910 2835 223,
932 2786 1026 2834 259,
1043 2786 1136 2836 260,
1159 2787 1252 2825 373.
1312 2784 1315 2786 ’

664 2857 844 2897 dominus
865 2856 1010 2907 David,
1032 2859 1126 2896 462.

654 2927 865 2968 Elizabeth
887 2927 980 2967 Scot
999 2941 1140 2979 sponsa
1158 2928 1187 2968 J
1189 2928 1311 2979 acobi,
1333 2930 1426 2968 439.

653 3001 681 3041 J
685 3000 840 3050 acobus,
861 3000 956 3038 439.

654 3071 682 3113 J
685 3075 801 3112 oneta
819 3070 867 3110 de
886 3069 1044 3120 Guthry
1062 3082 1162 3109 uxor
1180 3069 1366 3123 Philippi,
1389 3073 1454 3112 73.

653 3145 810 3194 Joneta,
832 3142 918 3181 vide
936 3141 1082 3181 Broun.

656 3215 836 3265 Katrina,
856 3213 944 3253 vide
963 3212 1147 3265 Annand,
1169 3211 1335 3253 Guthre.

645 997 815 1037 vicarius
833 996 893 1047 de,
915 995 1002 1035 vide
1022 995 1129 1045 Blar,
1149 995 1359 1044 Cristeson,
1378 994 1530 1047 Quhyt-

642 1499 830 1551 magister
857 1498 1071 1549 Johannes,
1100 1498 1312 1550 presbyter,
1332 1503 1531 1550 presenta-

1228 356 1466 406 INDEX
1504 351 1889 405 NOMINUM.

1535 492 1539 496 ’
1600 497 1703 547 Lyn,
1723 494 1911 546 magister
1929 493 2113 544 Jacobus,
2143 492 2263 532 frater
2290 492 2458 541 Andree,
2481 496 2609 531 rector

1656 566 1704 605 de
1725 565 1930 616 Crowden,
1952 565 2046 603 445.

1601 658 1701 666 -—
1731 637 1918 688 magister
1936 636 1964 676 J
1967 635 2120 687 acobus‚
2137 634 2415 687 prebendarius
2434 633 2482 673 de
2503 632 2617 672 Abir-

1657 707 1758 758 lade,
1781 709 1878 748 439.

1734 779 1948 831 Margreta,
1967 781 2053 819 vide
2073 779 2177 819 Scot.

1731 850 1911 891 Matildis
1932 850 2025 890 Scot
2044 864 2184 904 sponsa
2203 850 2347 901 David,
2371 852 2419 891 37
2427 851 2464 889 3.

1734 922 1942 975 Philippus
1958 923 2017 973 de,
2040 925 2105 972 73,
2128 924 2194 963 79.

1733 1000 1859 1035 rector
1877 995 1938 1044 de,
1960 997 2046 1035 vide
2066 995 2186 1047 Tyre.

1732 1067 1936 1118 RobertuS,
1966 1066 2070 1107 filius
2099 1066 2250 1106 Thome
2281 1066 2329 1106 L.
2361 1071 2401 1105 et
2441 1064 2614 1113 Alisone,

1663 1139 1754 1177 197.
2242 1137 2245 1139 ’

1602 1208 1909 1261 Lynclowdane,
1946 1210 2164 1263 prepositus
2200 1209 2260 1260 de,
2297 1210 2382 1248 vide
2418 1208 2539 1247 abbas
2571 1207 2619 1245 de

1658 1281 1932 1321 Abirbrothoc.

1599 1352 1729 1404 Lyon,
1752 1353 1904 1405 Lyoun,
1926 1353 2079 1405 Lyovn,
2100 1352 2291 1403 Andreas,
2315 1354 2409 1391 421.

1731 1424 1912 1465 dominus
1939 1424 2155 1473 Johannes‚
2189 1423 2254 1478 (de
2285 1422 2522 1476 Glammys),
2554 1436 2617 1462 ca-

1657 1496 1850 1536 merarius
1871 1496 2016 1547 Scocie,
2038 1498 2104 1547 34,
2128 1497 2194 1536 36.

1731 1569 1913 1609 dominus
1932 1568 2140 1620 Patricius,
2163 1570 2227 1620 72,
2249 1568 2336 1609 vide
2354 1566 2567 1607 Glammes.

1732 1642 1947 1693 Johannes,
1972 1643 2065 1681 428.

1729 1715 1920 1767 magister
1931 1715 1959 1755 J
1961 1714 2143 1765 ohannes,
2158 1713 2338 1753 dominus
2352 1713 2399 1753 de
2413 1713 2618 1762 Glammis,

1658 1787 1751 1837 255,
1775 1788 1868 1837 285,
1891 1788 1984 1838 308,
2007 1787 2100 1837 489,
2124 1787 2216 1826 515.

1730 1858 1917 1909 magister
1928 1858 1957 1898 J
1959 1858 2142 1909 ohannes,
2160 1858 2340 1897 dominus
2352 1858 2399 1896 de
2413 1856 2618 1906 Glammis,

1659 1930 1763 1970 filius
1782 1935 1822 1970 et
1839 1930 1953 1971 heres
1979 1930 2159 1982 magistri
2177 1930 2206 1970 J
2208 1929 2383 1979 ohannis,
2413 1930 2505 1978 253,
2526 1931 2618 1978 285,

1660 2003 1752 2053 308,
1776 2003 1869 2042 515.

1605 2067 1879 2113 --—'master
1907 2073 2147 2125 Alexander,
2181 2074 2344 2113 chanter
2372 2072 2415 2112 of
2443 2072 2617 2123 Murray,

1660 2145 1818 2185 brother
1836 2145 1879 2185 of
1893 2144 2001 2186 John
2021 2145 2127 2185 Lord
2147 2144 2365 2196 Glammys,
2387 2146 2481 2184 489.

1605 2360 1935 2411 MACKULLOUCH,
1955 2360 2144 2411 magister
2162 2359 2367 2410 Patricius,
2382 2359 2550 2399 vicarius
2569 2360 2616 2399 de

1661 2431 1935 2482 Abirbrothoc,
1960 2433 2052 2472 186.

1605 2503 1786 2555 Maddyr,
1809 2503 1953 2554 David,
1976 2505 2071 2542 222.

1606 2574 1817 2625 Mailvene,
1839 2573 2078 2626 Mailveyne,
2100 2574 2300 2626 Malveyn,
2322 2574 2500 2626 Malvyn,
2517 2575 2616 2614 Mel-

1662 2660 1762 2697 wen,
1785 2645 1927 2696 Adam,
1950 2647 2044 2686 332.

1735 2717 1914 2756 Andreas
1942 2717 2002 2768 de,
2032 2717 2238 2770 burgensis
2267 2718 2315 2757 de
2345 2718 2616 2767 Abirbrothoc,

1662 2791 1729 2840 37,
1751 2790 1818 2828 47.

1737 2859 1952 2911 Johannes,
1974 2861 2068 2900 269.

1735 2932 1763 2972 J
1765 2931 1949 2982 ohannes,
1971 2932 2018 2971 de
2039 2932 2186 2983 Disart,
2209 2934 2274 2972 96.

1737 3003 1921 3053 Thomas,
1943 3003 2168 3055 monachus,
2189 3006 2283 3044 410.

1607 3074 1801 3126 Mailwill,
1822 3074 1993 3126 Maluill,
2015 3075 2062 3114 de
2082 3074 2299 3125 Malavilla,
2321 3075 2462 3126 Adam,
2484 3077 2575 3115 284.

1736 3140 1925 3196 Andreas,
1947 3146 2126 3197 armiger,
2148 3148 2214 3185 42.

1738 3217 1951 3268 Johannes,
1973 3218 2020 3257 de
2042 3217 2207 3268 Oarnbe,
2230 3219 2322 3258 516.
