2762 3834
570 379 666 424 304
1014 370 1437 424 REGISTRUM
1473 369 1569 418 DE
1606 364 2164 416 ABERBROTHOC.

575 507 925 557 Sanaiandree
946 507 1148 555 diocefis
1191 542 1201 552 .
1244 541 1255 552 .
1302 541 1311 551 .
1356 501 1493 551 vobis
1539 538 1548 547 .
1589 537 1600 548 .
1648 538 1657 548 .
1702 499 2039 564 presentamus
2083 536 2094 547 .
2141 536 2152 546 .
2199 535 2208 546 .
2251 499 2403 562 Apud
2433 503 2617 548 monas—

573 600 750 647 terium
792 636 803 647 .
833 634 842 645 .
872 635 882 646 .
922 598 983 646 de
1008 594 1343 645 Abirbrothoc
1387 630 1398 642 .
1445 629 1455 639 .
1501 628 1511 639 .
1553 590 1723 639 vltimo
1746 591 1826 639 die
1850 589 2025 639 mensis
2051 589 2231 639 Marcii
2256 607 2386 638 anno
2412 590 2617 639 Domini

574 698 641 739 m·
663 689 1136 755 quadringentesimo
1162 684 1474 750 nonagefimo
1502 682 1723 747 septimo.

574 944 1040 1026 Banquhoryterne
1065 959 1374 1024 presentatur
1407 956 1661 1021 [dominus
1685 955 1914 1004 Andreas
1942 954 2217 1021 Symsone]

579 1183 588 1192 .
632 1183 641 1192 .
686 1183 695 1192 .
738 1142 988 1191 Willelmo
1014 1141 1240 1204 episcopo
1264 1138 1604 1187 Aberdonensi
1649 1176 1659 1186 .
1704 1175 1713 1185 .
1759 1176 1767 1185 .
1804 1138 1973 1187 Dauid
2008 1139 2157 1188 abbas
2193 1140 2254 1187 de
2290 1139 2623 1188 Abirbrothoc
2713 1190 2717 1195 ,

621 1275 631 1283 .
670 1274 679 1283 .
717 1234 1029 1283 reuerencias
1067 1270 1076 1280 .
1113 1271 1121 1278 .
1160 1270 1170 1280 .
1204 1231 1284 1278 Ad
1333 1229 1567 1278 vicariam
1612 1239 1902 1295 perpetuam
1952 1230 2153 1280 ecclesie
2194 1231 2515 1295 parrochialis
2563 1233 2624 1279 de

577 1326 1025 1391 Banquhoryterny
1061 1361 1069 1369 .
1108 1361 1118 1371 .
1152 1362 1161 1372 .
1200 1339 1311 1371 cum
1334 1338 1512 1370 vacare
1537 1322 1804 1387 contigerit
1827 1338 1917 1386 per
1952 1359 1962 1370 .
2001 1362 2009 1371 .
2047 1361 2056 1371 .
2090 1322 2412 1371 dimiffionem
2439 1324 2624 1371 domini

576 1417 849 1467 Alexandri
877 1416 1112 1482 Symsone
1143 1453 1152 1462 .
1186 1451 1196 1462 .
1230 1452 1239 1462 .
1276 1413 1528 1462 dominum
1553 1414 1808 1463 Andream
1830 1413 2066 1478 Symsone
2085 1414 2405 1480 presbiterum
2427 1416 2626 1464 Breehi—

578 1509 736 1559 nensis
783 1509 984 1557 diocesis
1024 1508 1180 1555 vestre
1222 1505 1510 1570 paternitati
1560 1543 1571 1553 .
1623 1544 1633 1554 .
1686 1544 1696 1553 .
1745 1507 2080 1571 presentamus
2130 1544 2140 1554 .
2183 1545 2193 1554 .
2239 1544 2249 1554 .
2294 1507 2446 1572 Apud
2498 1509 2626 1573 capi-

578 1602 730 1650 tulum
777 1639 787 1649 .
828 1639 838 1649 .
879 1636 889 1647 .
928 1598 1208 1648 monasterii
1233 1598 1447 1646 secunda
1468 1598 1549 1646 die
1574 1597 1749 1646 meniis
1774 1598 1964 1662 Aprilis
1989 1615 2120 1647 anno
2144 1598 2349 1647 Domini
2375 1599 2626 1648 millesimo

491 1745 495 1748 Δ
577 1699 739 1743 cccc¹¹¹⁰
762 1691 1073 1757 nonogesimo
1098 1689 1318 1754 septimo.

436 2150 532 2200 375

584 1941 971 2023 Glenfarquhar
996 1958 1236 2007 afl'edatur
1262 1958 1462 2006 domino
1486 1958 1548 2006 de
1574 1956 1739 2023 Leyis.

586 2179 596 2189 .
638 2182 646 2190 .
689 2180 697 2189 .
738 2142 953 2190 Pateat.
995 2177 1005 2187 .
1046 2178 1054 2188 .
1098 2155 1186 2187 nos
1234 2138 1402 2187 Dauid
1449 2138 1674 2186 abbatem
1716 2176 1724 2185 .
1775 2176 1784 2185 .
1834 2176 1843 2185 .
1893 2137 1954 2185 de
2002 2135 2339 2185 Abirbrothoc
2376 2175 2383 2184 .
2420 2176 2428 2184 .
2468 2175 2476 2184 .
2518 2135 2631 2183 affie·

584 2233 710 2282 daffe
748 2273 756 2281 .
792 2273 800 2280 .
836 2272 844 2280 .
878 2231 1167 2280 Alexandro
1193 2230 1414 2278 Burnate
1440 2229 1501 2277 de
1526 2229 1676 2294 Leyis
1698 2236 1747 2278 et
1770 2228 2059 2277 Alexandro
2083 2228 2184 2277 filio
2211 2227 2293 2276 suo
2319 2228 2495 2276 seniori
2521 2245 2631 2275 nec-

584 2342 681 2373 non
705 2324 989 2373 Alexandro
1013 2322 1182 2386 nepoti
1201 2320 1348 2386 ipfius
1364 2321 1644 2371 Alexandri
1667 2319 1871 2369 senioris
1908 2359 1918 2369 .
1952 2359 1960 2369 .
2000 2360 2008 2368 .
2047 2321 2236 2385 suisque
2263 2320 2631 2368 coadiutoribus

584 2425 632 2465 et
656 2415 1022 2464 subtenentibus
1046 2413 1311 2462 dummodo
1334 2413 1648 2462 coadiutores
1671 2413 1745 2461 illi
1779 2413 1841 2461 de
1878 2412 2112 2462 consensu
2138 2413 2305 2461 nostro
2329 2412 2632 2476 recipiantur

586 2547 594 2555 .
626 2546 636 2555 .
674 2546 682 2554 .
719 2516 876 2554 terras
911 2506 1101 2554 nostras
1125 2506 1186 2553 de
1214 2504 1615 2569 Glenfarquhare
1652 2522 1761 2554 cum
1799 2504 2097 2553 molendinis
2121 2513 2170 2553 et
2194 2504 2302 2552 aliis
2339 2542 2349 2552 .
2387 2543 2395 2551 .
2437 2540 2446 2550 .
2484 2503 2630 2567 perti—

588 2598 774 2647 nenciis
810 2636 820 2645 .
860 2634 870 2644 .
905 2635 914 2645 .
951 2597 1125 2660 quibus
1169 2635 1177 2644 .
1222 2635 1230 2643 .
1274 2634 1284 2644 .
1329 2596 1556 2645 dominus
1581 2598 1643 2646 de
1666 2596 1817 2661 Leyis
1841 2596 2144 2660 temporibus
2168 2595 2423 2644 retroactis
2438 2595 2631 2660 gauisus

590 2690 659 2738 est
682 2705 772 2753 pro
795 2696 899 2737 toto
924 2696 1144 2751 tempore
1167 2687 1266 2735 vite
1292 2689 1561 2737 eorundem
1597 2727 1607 2737 .
1645 2727 1658 2739 ,
1697 2727 1707 2736 .
1743 2705 1835 2753 pro
1860 2695 1997 2736 certa
2020 2687 2206 2736 summa
2229 2687 2468 2752 peccunie
2492 2687 2631 2734 nobis

589 2782 650 2829 de
674 2779 976 2845 gratitudine
1002 2788 1221 2842 tempore
1249 2779 1566 2827 confectionis
1589 2779 1894 2844 presencium
1920 2779 2077 2827 soluta
2111 2816 2122 2827 .
2157 2815 2167 2826 .
2206 2816 2215 2825 .
2255 2778 2504 2827 Soluendo
2542 2815 2551 2824 .
2584 2816 2591 2824 .
2622 2817 2630 2824 .

590 2876 696 2920 οᾶο
720 2871 870 2919 libras
907 2906 916 2917 .
952 2906 963 2917 .
998 2907 1008 2916 .
1044 2877 1238 2918 monete
1277 2907 1286 2916 .
1323 2907 1333 2917 .
1372 2907 1382 2918 .
1421 2869 1593 2918 Scocie
1612 2871 1676 2918 ad
1692 2871 1815 2919 duos
1839 2870 1956 2918 anni
1981 2869 2217 2919 terminos
2253 2906 2264 2917 .
2298 2907 2307 2917 .
2344 2907 2354 2916 .
2389 2886 2499 2917 curn
2525 2869 2632 2917 aliis

590 2962 808 3012 seruiciis
832 2969 881 3009 et
906 2961 1134 3009 oneribus
1165 2998 1175 3008 .
1211 2998 1220 3007 .
1253 2997 1263 3007 .
1294 2978 1350 3008 ac
1377 2961 1531 3009 eciam
1551 2962 1698 3010 ducet
1728 2998 1740 3010 .
1779 2999 1790 3009 .
1830 2998 1841 3009 .
1876 2961 1955 3009 sex
1975 2978 2130 3010 onera
2148 2977 2385 3025 equorum
2406 2961 2466 3008 de
2485 2960 2630 3024 lignis

592 3053 937 3103 cimstoriorum
964 3051 1195 3100 videlicet
1218 3052 1264 3100 le
1288 3051 1655 3117 gyrthsteyngis
1678 3053 1952 3117 granitario
1977 3051 2141 3101 nostro
2182 3089 2192 3099 .
2230 3089 2240 3099 .
2281 3089 2291 3099 .
2329 3050 2451 3100 vafis
2470 3052 2630 3099 nostre

591 3145 782 3195 brafine
807 3143 933 3207 aptis
954 3169 965 3181 ·
989 3142 1055 3191 Et
1078 3142 1182 3207 ipso
1206 3142 1492 3191 Alexandro
1518 3144 1716 3191 domino
1739 3144 1800 3191 de
1826 3143 1976 3208 Leyis
1997 3144 2058 3191 de
2083 3142 2244 3191 medio
2270 3143 2455 3191 sublato
2484 3142 2629 3190 Alex·
