2762 3834
445 790 535 841 170

449 1891 538 1943 171

582 381 675 425 152
1026 363 1450 422 REGISTRUM
1485 362 1582 414 DE
1618 359 2179 413 ABERBROTHOC.

583 578 712 651 The
736 595 947 647 marchis
972 594 1028 642 of
1049 591 1338 656 thheryn.
1364 666 1367 669 Ι

586 762 656 834 In
681 779 851 847 primis
879 774 1180 842 begynnand
1204 780 1255 822 at
1278 771 1428 821 Ellok
1464 776 1515 819 at
1549 769 1633 819 the
1672 769 2031 829 Quheitscheid
2056 769 2221 820 Newk
2260 801 2271 813 ·
2309 770 2406 820 swa
2438 771 2636 836 paffand

585 873 672 923 eist
706 871 788 921 the
816 871 991 934 Greyn
1016 865 1179 931 Reyfk
1204 872 1254 913 to
1279 862 1495 913 Laithan
1520 861 1636 911 Den
1672 891 1683 902 ·
1721 862 1822 911 and
1855 863 1952 911 swa
1986 861 2191 927 paffand
2215 879 2291 927 wp
2316 861 2400 911 the
2423 861 2636 914 Laithan

584 966 699 1014 Den
737 962 835 1012 and
872 967 968 1009 owt
1002 958 1160 1006 throw
1197 963 1249 1005 to
1284 954 1369 1005 the
1405 953 1522 1002 wast
1560 955 1648 1021 syd
1683 955 1738 1003 of
1776 955 2044 1022 Grundaly
2080 955 2181 1004 and
2215 955 2293 1004 fra
2327 955 2435 1005 that
2469 966 2520 1005 to
2555 956 2637 1006 the

586 1059 757 1122 Greyn
782 1053 959 1103 Wellis
984 1051 1082 1100 and
1106 1050 1431 1113 Drumnagar
1458 1073 1469 1084 ·
1494 1048 1595 1096 and
1618 1046 1715 1096 swa
1736 1046 1939 1112 paffand
1963 1047 2054 1096 eist
2074 1047 2344 1096 downwart
2362 1046 2446 1097 the
2468 1047 2639 1114 Greyn

586 1149 741 1199 Laich
766 1155 816 1196 to
844 1144 1121 1211 Gemmylis
1146 1142 1265 1209 Myr
1290 1142 1390 1191 and
1413 1141 1491 1190 fra
1515 1140 1622 1190 that
1645 1139 1849 1206 paffand
1873 1140 2018 1188 down
2043 1156 2146 1189 owr
2170 1157 2280 1189 awn
2315 1139 2476 1189 landis
2511 1167 2522 1179 ·
2557 1141 2638 1191 the

588 1242 679 1290 laif
697 1239 858 1288 beand
881 1238 934 1286 in
959 1252 1218 1287 commone
1254 1233 1477 1300 outwyth
1514 1233 1613 1282 thir
1648 1232 1871 1281 bowndis
1907 1239 1958 1281 to
1994 1231 2079 1281 the
2114 1231 2203 1281 teil
2238 1232 2409 1299 ryggis
2445 1232 2640 1297 quhair·

591 1336 843 1398 sumewyr.

592 1586 856 1659 Namacio
882 1612 1126 1654 terrarum
1150 1602 1185 1652 J
1188 1601 1396 1651 ohannis
1431 1600 1473 1652 F
1474 1601 1552 1667 yff
1579 1617 1670 1668 pro
1707 1618 1873 1651 annuo
1910 1601 2110 1651 redditu
2146 1602 2313 1652 debito
2349 1602 2643 1652 monasterio

593 1701 654 1749 de
679 1697 1035 1749 Abirbrothoc.

594 1862 669 1933 In
694 1882 792 1930 Dei
817 1882 1015 1929 nomine
1040 1896 1183 1929 amen
1210 1910 1220 1920 ·
1246 1879 1343 1928 Per
1366 1879 1461 1928 hoc
1499 1918 1509 1928 .
1554 1918 1564 1928 .
1608 1917 1618 1927 .
1657 1886 1832 1944 pateat.
1867 1918 1876 1929 .
1917 1919 1926 1928 .
1966 1919 1976 1928 .
2019 1879 2154 1944 quod
2178 1897 2309 1929 anno
2335 1880 2396 1930 ab
2420 1880 2644 1930 incarna-

598 1977 739 2024 cione
776 1974 981 2023 Domini
1015 1979 1114 2021 m¹¹¹⁰
1135 1978 1269 2022 cccc⁶
1291 1973 1584 2038 sexagesimo
1620 1972 1754 2020 sexto
1792 1999 1803 2011 ·
1842 1972 2017 2021 menfis
2053 1989 2172 2021 vero
2210 1972 2353 2022 Junii
2392 1973 2473 2022 die
2510 1981 2643 2022 ante-

596 2068 867 2133 penultima
896 2096 906 2106 ·
941 2060 1207 2116 indifflene
1231 2067 1370 2115 xiiiia
1395 2096 1405 2105 ·
1429 2067 1746 2131 pontificatus
1782 2105 1792 2115 .
1831 2105 1840 2114 .
1878 2105 1888 2115 .
1925 2064 2071 2115 Pauli
2114 2105 2123 2115 .
2172 2105 2182 2115 .
2231 2104 2241 2114 .
2283 2083 2410 2131 pape
2446 2066 2646 2115 secundi

597 2177 725 2209 anno
763 2159 975 2208 secundo
1018 2198 1027 2207 .
1074 2198 1083 2207 .
1132 2198 1141 2208 .
1184 2157 1462 2207 Malcomus
1498 2158 1647 2207 abbas
1683 2197 1693 2208 .
1731 2196 1743 2208 .
1782 2198 1791 2207 .
1830 2158 1891 2206 de
1926 2158 2266 2208 Abirbrothoc
2306 2197 2315 2207 .
2354 2198 2363 2207 .
2401 2198 2410 2207 .
2452 2157 2644 2208 acceffit

596 2253 659 2300 ad
694 2259 876 2299 terram
912 2250 946 2299 J
950 2250 1158 2299 ohannis
1194 2251 1255 2299 de
1291 2250 1394 2317 Fyf
1422 2251 1676 2316 burgenfis
1712 2251 1774 2301 de
1810 2250 2074 2300 Abbirden
2098 2250 2344 2300 iacentem
2377 2268 2437 2299 ex
2467 2250 2645 2300 boriali

596 2351 735 2406 parte
762 2342 878 2391 Vici
905 2341 1067 2392 Castri
1099 2342 1220 2391 diffl
1256 2342 1403 2408 burgi
1427 2343 1573 2406 ¹'inter
1610 2342 2043 2392 terramvPatricii
2082 2343 2368 2392 Baidenach
2405 2361 2464 2392 ex
2503 2350 2643 2408 parte

600 2434 825 2483 orientali
862 2473 871 2482 .
909 2474 918 2483 .
956 2472 967 2483 .
1003 2441 1052 2482 et
1077 2434 1222 2483 aliam
1248 2442 1432 2483 terram
1468 2435 1615 2500 ipfius
1638 2434 1673 2483 J
1677 2435 1886 2484 ohannis
1912 2436 1973 2484 de
1997 2434 2100 2501 Fyf
2126 2453 2187 2485 ex
2211 2436 2508 2485 occidentali
2542 2474 2554 2485 .
2586 2473 2597 2485 .
2633 2474 2643 2483 .

599 2526 662 2573 ad
686 2525 983 2572 namandum
1007 2525 1186 2573 dietam
1211 2532 1392 2574 terram
1418 2543 1510 2591 pro
1534 2526 1719 2592 septem
1743 2527 1885 2575 libris
1911 2535 1960 2576 et
1984 2525 2156 2576 deeem
2193 2527 2356 2576 solidis
2381 2528 2443 2576 de
2469 2528 2644 2577 annuis

601 2616 874 2664 redditibus
899 2616 960 2664 de
985 2615 1141 2664 tribus
1166 2617 1389 2665 terminis
1413 2618 1669 2667 retroaffis
1708 2656 1719 2667 .
1759 2656 1771 2668 .
1811 2656 1823 2668 .
1859 2626 1908 2669 et
1939 2619 2147 2669 intrauit
2182 2637 2427 2668 cameram
2453 2619 2645 2669 Thome

601 2707 702 2773 Fyf
738 2707 826 2756 filii
866 2715 916 2755 et
956 2707 1237 2770 apparentis
1276 2707 1472 2756 heredis
1513 2709 1631 2757 dieti
1670 2709 1918 2759 ,Iohannis
1956 2719 2006 2760 et
2043 2711 2229 2760 ibidem
2265 2728 2377 2760 cum
2414 2711 2645 2760 consensu

603 2798 722 2846 dieu
748 2796 939 2845 Thome
966 2797 1115 2862 elegit
1151 2835 1162 2846 .
1202 2835 1213 2846 .
1254 2836 1265 2845 .
1302 2797 1472 2847 Dauid
1508 2799 1695 2849 Herice
1734 2830 1743 2840 -
1787 2802 2032 2851 Thomam
2072 2802 2315 2869 Ogistoun
2355 2833 2365 2843 ·
2405 2811 2455 2852 et
2478 2803 2645 2852 Dauid

605 2888 845 2952 Symsoun
880 2888 1170 2951 burgensem
1195 2889 1256 2936 de
1280 2888 1539 2938 Abbirden
1575 2920 1586 2929 ·
1624 2893 1687 2941 ad
1722 2895 2112 2958 appreciandum
2148 2894 2235 2944 fibi
2272 2903 2410 2944 certa
2443 2896 2574 2944 bona
2597 2902 2644 2942 et

604 2978 827 3027 vtenfilia
850 2977 1117 3027 existencia
1137 2978 1269 3027 infra
1293 2979 1469 3028 dietam
1490 2998 1733 3031 cameram
1758 3002 1850 3048 pro
1877 2986 2008 3035 dieta
2030 2987 2219 3036 summa
2245 3025 2256 3035 .
2285 3024 2296 3035 .
2325 3024 2335 3035 .
2358 2987 2424 3036 Et
2449 2988 2644 3036 denium

602 3071 826 3135 partibus
850 3069 1050 3118 remotis
1075 3076 1125 3118 et
1149 3070 1266 3117 diffl
1290 3071 1656 3135 appreciatores
1680 3083 1871 3126 mature
1907 3078 2037 3127 inter
2072 3080 2120 3127 se
2157 3079 2329 3128 auisati
2364 3087 2412 3128 et
2447 3080 2641 3128 tandem

604 3162 855 3211 reintratis
888 3161 1301 3226 appreciauerunt
1337 3178 1483 3211 vnam
1519 3162 1676 3213 {istam
1702 3166 1934 3218 videlicet
1965 3187 1996 3218 a
2033 3178 2247 3236 cowntyr
2281 3170 2427 3236 ipfius
2455 3170 2643 3219 Thome
2729 3210 2732 3235 s

2728 3254 2730 3283 ι
