2762 3834
601 356 1026 408 REGISTRUM
1060 355 1157 405 DE
1195 356 1748 408 ABERBROTHOC.
1938 389 1940 391 ν
2097 366 2190 416 24ῖ

158 566 438 638 Affedacio
466 583 647 632 vicarie
672 582 872 631 ecclesie
897 584 958 631 de
984 581 1264 647 Monyfuth.

15 750 113 828 {298
160 743 285 818 Nos
323 764 493 813 Dauid
528 764 677 812 abbas
719 803 728 812 .
773 803 780 811 .
826 803 835 811 .
878 764 939 811 de
976 762 1316 810 Abirbrothoc
1355 799 1366 809 .
1409 798 1419 809 .
1462 799 1472 809 .
1513 761 1778 811 assedamus
1818 802 1827 811 .
1868 802 1878 811 .
1918 801 1928 811 .
1965 764 2196 830 magistro

162 856 351 906 Thome
396 855 616 903 Durram
664 854 851 903 vicario
899 854 960 902 de
1009 853 1181 902 Mathe
1230 861 1280 902 et
1324 852 1420 900 suis
1467 852 1714 918 affignatis
1758 891 1768 902 .
1811 892 1822 902 .
1869 893 1878 902 .
1923 872 2022 903 non
2070 893 2082 904 .
2128 893 2138 903 .
2184 894 2194 903 .

160 947 355 996 maioris
390 945 543 994 status
579 963 726 1009 quam
749 945 981 1010 magister
1007 943 1227 992 Thomas
1250 943 1471 991 Durram
1498 944 1558 992 de
1585 945 1811 1010 Grangia
1853 985 1863 995 .
1907 985 1916 994 .
1964 985 1973 995 .
2016 948 2198 996 &ustus

160 1038 378 1088 redditus
418 1044 467 1085 et
509 1076 518 1086 .
563 1076 572 1085 .
615 1074 626 1085 .
669 1036 886 1101 decimas
928 1074 937 1084 .
989 1074 998 1084 .
1041 1075 1049 1083 .
1097 1035 1278 1083 vicarie
1320 1035 1483 1084 nostre
1525 1037 1586 1084 de
1629 1036 1895 1103 Monyfuth
1940 1075 1951 1086 .
1999 1076 2009 1086 .
2054 1077 2063 1086 .
2108 1055 2198 1103 pro

163 1129 381 1179 terminis
405 1128 720 1176 triumdeeim
754 1143 998 1176 annorum
1041 1167 1049 1176 .
1086 1166 1094 1175 .
1129 1166 1138 1176 .
1182 1128 1395 1176 termino
1430 1129 1662 1177 introitus
1704 1169 1712 1177 .
1749 1169 1757 1177 .
1795 1170 1803 1178 .
1845 1130 2113 1194 incipiente
2148 1131 2199 1177 in

164 1222 279 1272 festo
307 1221 472 1272 Sanffl
496 1221 706 1270 Martini
725 1221 889 1269 datam
908 1220 1218 1285 presencium
1239 1220 1521 1269 immediate
1544 1222 1773 1285 sequente
1810 1262 1818 1269 .
1858 1261 1865 1270 .
1904 1262 1912 1270 .
1954 1222 2201 1272 Soluendo

275 1354 284 1363 .
326 1313 503 1378 viginti
528 1313 680 1360 libras
721 1330 731 1360 ς
769 1351 777 1359 .
817 1351 826 1360 .
868 1320 1065 1360 monete
1090 1311 1261 1361 Scocie
1287 1314 1351 1361 ad
1375 1314 1498 1362 duos
1523 1315 1640 1362 anni
1666 1315 1899 1363 terminos
1942 1355 1950 1363 .
1989 1355 1997 1363 .
2036 1355 2044 1364 .
2092 1332 2202 1363 eum

169 1407 354 1456 duabus
377 1406 577 1455 barellis
598 1405 842 1454 bonorum
866 1405 1120 1453 rubiorum
1148 1412 1197 1453 et
1221 1405 1440 1454 dulcium
1465 1406 1731 1454 salmonum
1759 1406 2014 1455 cellerario
2038 1407 2203 1455 nostro

167 1499 416 1548 annuatim
439 1498 490 1546 in
515 1497 637 1546 festo
674 1497 838 1546 Sanffi
875 1496 1085 1546 Martini
1118 1498 1385 1546 secundum
1420 1498 1696 1546 mensuram
1732 1498 1863 1546 infra
1898 1474 2105 1562 burgum
2143 1500 2204 1547 de

168 1590 347 1640 Dunde
371 1606 463 1654 pro
488 1597 710 1655 tempore
735 1588 959 1638 vfitatam
985 1590 1124 1638 fimul
1148 1597 1198 1638 et
1222 1589 1368 1638 semel
1400 1628 1409 1637 .
1443 1629 1452 1638 .
1491 1629 1499 1638 .
1537 1588 1603 1638 Et
1629 1629 1636 1637 .
1665 1630 1673 1638 .
1701 1629 1709 1637 .
1735 1589 1964 1655 magister
1989 1590 2206 1639 Thomas

171 1690 218 1732 et
248 1682 320 1731 sui
343 1682 567 1748 affignati
609 1721 618 1731 .
663 1722 672 1731 .
716 1722 726 1732 .
771 1685 924 1731 onera
947 1683 1202 1731 ordinaria
1236 1688 1286 1730 et
1321 1681 1496 1729 vicarii
1532 1698 1746 1730 annuam
1769 1681 2050 1746 pensionem
2093 1721 2101 1730 .
2145 1722 2153 1730 .
2199 1722 2206 1730 .

171 1773 445 1839 persoluent
471 1814 479 1824 .
507 1814 516 1824 .
542 1814 552 1823 .
578 1773 659 1824 De
684 1760 982 1840 quaquidem
1007 1775 1194 1823 summa
1215 1773 1305 1823 xxti
1324 1774 1564 1823 librarum
1597 1815 1605 1824 .
1645 1815 1653 1823 .
1692 1815 1700 1824 .
1737 1775 1967 1840 magister
1994 1774 2210 1824 Thomas

292 1907 301 1916 .
351 1869 492 1917 nobis
515 1885 604 1933 pre
634 1869 861 1918 manibus
895 1869 949 1917 in
983 1868 1228 1933 peccunia
1261 1875 1523 1916 numerata
1551 1875 1808 1932 gratanter
1830 1867 2065 1932 persoluit
2088 1868 2210 1915 sum-

175 1977 300 2009 mam
334 1961 581 2026 ofitoginta
616 1960 855 2009 librarum
892 2000 901 2010 .
939 2001 947 2010 .
985 2000 994 2009 .
1031 1967 1228 2009 monete
1267 1959 1441 2010 Scocie
1479 1959 1618 2008 fimul
1655 1967 1704 2008 et
1741 1960 1890 2008 semel
1925 1960 1978 2007 in
2018 1959 2212 2024 vrgenti

175 2051 337 2101 nostra
372 2052 652 2102 necestitate
694 2090 705 2101 .
751 2090 762 2100 .
809 2090 819 2100 .
859 2051 1048 2101 Datum
1085 2052 1171 2100 sub
1207 2052 1365 2116 figillo
1405 2051 1653 2100 communi
1678 2051 1883 2116 capituli
1906 2051 2059 2099 nostri
2083 2050 2214 2115 apud

177 2144 301 2193 idem
343 2144 612 2209 capitulum
653 2161 752 2193 vna
798 2161 909 2193 cum
954 2144 1263 2193 manualibus
1304 2143 1745 2208 subscripcionibus
1790 2142 1967 2190 nostris
2011 2147 2092 2189 xx⁰
2135 2142 2213 2189 die

180 2235 347 2283 menfis
370 2235 670 2301 Septembris
697 2253 827 2285 anno
852 2235 1059 2284 Domini
1087 2236 1232 2285 1486.

183 2479 460 2552 Affedacio
485 2504 751 2568 garbarum
777 2502 1088 2551 decimalium
1116 2503 1232 2551 ville
1257 2503 1318 2551 de
1344 2501 1642 2567 Kyngenny.

52 2687 139 2738 299
172 2660 311 2733 .N0s
356 2684 525 2734 Dauid
572 2686 722 2734 abbas
767 2722 777 2733 .
825 2722 836 2732 .
881 2723 891 2733 .
934 2686 994 2733 de
1040 2683 1378 2733 Abirbrothoc
1422 2718 1432 2729 .
1479 2718 1489 2728 .
1535 2717 1546 2727 .
1590 2678 1856 2728 affedamus
1898 2718 1906 2726 .
1951 2717 1959 2726 .
2003 2717 2011 2726 .
2053 2677 2221 2725 Dauid

190 2772 486 2840 Fodringam
509 2774 738 2840 burgensi
764 2776 824 2824 de
849 2774 1034 2825 Dunde
1061 2783 1109 2824 et
1133 2774 1230 2823 suis
1259 2773 1506 2839 affignatis
1550 2810 1561 2821 .
1608 2807 1618 2819 .
1664 2808 1676 2819 .
1715 2787 1815 2818 non
1861 2807 1871 2817 .
1917 2807 1927 2817 .
1973 2807 1983 2817 .
2026 2769 2222 2818 maioris

193 2864 338 2916 status
378 2884 525 2931 quam
565 2867 665 2932 ipse
703 2904 715 2915 .
756 2905 767 2916 .
803 2905 813 2916 .
852 2867 1068 2916 decimas
1109 2867 1334 2931 garbales
1376 2866 1490 2915 ville
1532 2864 1696 2913 nostre
1738 2864 1798 2911 de
1841 2862 2094 2927 Kingenni
2133 2878 2222 2925 pro

196 2959 412 3008 terminis
436 2961 606 3008 decem
631 2967 681 3008 et
703 2960 854 3008 trium
880 2976 1121 3007 annorum
1161 2996 1172 3007 .
1213 2996 1223 3007 .
1263 2996 1274 3007 .
1312 2958 1523 3007 termino
1541 2956 1773 3005 introitus
1810 2990 1822 3004 .
1862 2991 1873 3002 .
1913 2991 1925 3002 .
1961 2953 2225 3017 incipiente

100 3077 105 3081 ψ
198 3048 249 3096 in
281 3049 400 3098 festo
435 3050 600 3099 Sanffi
625 3050 764 3099 Petri
797 3050 1064 3098 aduincula
1100 3050 1265 3099 datam
1301 3049 1608 3114 presencium
1642 3046 1923 3095 immediate
1957 3046 2187 3108 sequent-e
2214 3071 2224 3081 ·

203 3136 442 3189 Soluendo
479 3180 488 3189 .
526 3181 534 3190 .
572 3181 581 3190 .
618 3131 853 3190 summam
890 3139 1073 3204 septem
1107 3139 1345 3190 librarum
1380 3140 1467 3188 xiii
1493 3139 1756 3187 solidorum
1781 3137 1886 3185 iiii0‘
1914 3136 2225 3185 denariorum
