2586 3834
0 889 312 942 5501..

690 393 1117 443 REGISTRUM
1153 393 1249 442 DE
1285 393 1842 444 ABERBROTHOC.
2189 395 2283 448 397

242 598 586 683 Auchinblay
629 618 871 667 affedatur
911 618 1134 667 Johanni
1185 617 1536 667 Strathauchin
1576 628 1624 668 et
1669 620 1884 668 Mariote
1933 618 2138 684 Martyn
2184 619 2287 666 eius

241 709 424 774 sponse.

363 934 371 942 .
423 894 600 943 Pateat
646 934 654 943 .
693 933 702 943 .
739 934 749 943 .
794 912 883 943 nos
910 885 1185 958 Georgium
1227 932 1236 941 .
1281 933 1289 940 .
1333 932 1342 940 .
1387 894 1614 941 abbatem
1658 931 1669 941 .
1712 932 1721 942 .
1762 934 1770 942 .
1822 895 1882 943 de
1906 894 2130 942 Arbroth
2171 932 2179 941 .
2224 931 2233 940 .
2278 930 2287 939 .

243 985 468 1035 affedafl'e
505 1024 516 1035 .
558 1025 568 1035 .
610 1025 620 1035 .
656 987 693 1036 J
695 988 881 1036 ohanni
909 986 1264 1036 Strathauchin
1290 992 1339 1033 et
1364 983 1580 1032 Mariote
1604 984 1839 1050 Mai-tyne
1864 985 1967 1033 eius
1991 985 2159 1050 sponse
2198 1021 2208 1031 .
2236 1019 2247 1030 .
2278 1020 2289 1030 .

246 1078 413 1127 villam
437 1079 653 1128 nostram
691 1080 752 1128 de
786 1079 1107 1145 Auchinblay
1146 1118 1155 1127 .
1206 1118 1214 1125 .
1264 1118 1273 1126 .
1313 1093 1460 1140 quam
1486 1093 1619 1125 nunc
1644 1085 1888 1141 occupant
1919 1117 1927 1126 .
1962 1117 1971 1125 .
2005 1117 2013 1125 .
2052 1093 2110 1125 ac
2134 1076 2289 1124 eciam

243 1170 459 1219 nostram
483 1170 728 1219 brafinam
755 1171 1004 1236 wlgariter
1029 1177 1253 1218 vocatam
1280 1170 1361 1217 tlze
1387 1169 1778 1233 Aurneaylhows
1800 1170 2045 1218 iacentem
2068 1170 2120 1217 in
2146 1168 2290 1217 New-

241 1261 404 1310 landis
429 1279 541 1310 cum
567 1262 726 1311 crofto
752 1270 801 1311 et
826 1262 1075 1310 communi
1099 1260 1299 1326 pastura
1324 1268 1374 1309 et
1399 1261 1596 1326 fingulis
1620 1262 1938 1326 pertinenciis
1962 1262 2176 1310 eiusdem
2199 1278 2291 1325 pro

243 1360 347 1401 toto
383 1361 605 1418 tempore
631 1355 730 1402 vite
767 1354 1038 1403 eorundem
1074 1393 1083 1402 .
1122 1390 1132 1400 .
1167 1392 1176 1402 .
1220 1353 1433 1402 termino
1460 1370 1577 1401 vero
1612 1353 1844 1402 introitus
1881 1394 1889 1401 .
1928 1394 1937 1402 .
1976 1393 1985 1402 .
2021 1353 2291 1417 incipiente

243 1445 324 1492 die
365 1445 478 1494 date
516 1446 824 1510 presencium
860 1486 869 1495 .
907 1484 917 1495 .
955 1485 965 1494 .
1003 1444 1254 1494 Soluendo
1290 1484 1299 1494 .
1338 1484 1347 1494 .
1392 1485 1399 1493 .
1436 1462 1528 1509 pro
1566 1445 1708 1494 firma
1749 1445 1864 1494 ville
1906 1446 2151 1495 antediece
2193 1453 2292 1493 tres

245 1536 397 1585 libras
445 1538 526 1586 sex
574 1537 751 1586 solidos
800 1547 849 1586 et
897 1540 1006 1585 oao
1054 1536 1285 1586 denarios
1326 1577 1336 1587 .
1371 1577 1381 1587 .
1418 1577 1429 1586 .
1469 1545 1667 1586 monete
1709 1576 1718 1585 .
1757 1576 1766 1585 .
1804 1578 1811 1585 .
1855 1536 2027 1586 Scocie
2074 1539 2139 1586 ad
2179 1577 2187 1585 .
2229 1577 2238 1585 .
2282 1578 2291 1585 .

244 1627 366 1677 festa
396 1668 406 1677 .
444 1669 454 1678 .
492 1668 502 1678 .
539 1629 857 1678 Pentecostes
880 1637 931 1678 et
958 1628 1125 1679 Sancti
1150 1628 1362 1678 Martini
1399 1669 1408 1677 .
1448 1669 1456 1677 .
1494 1668 1503 1678 .
1542 1646 1752 1678 vnacum
1777 1638 2003 1694 rynmart
2021 1630 2223 1695 weddyr
2245 1637 2294 1677 et

244 1720 354 1769 aliis
389 1720 754 1769 husbandorum
792 1721 1025 1770 oneribus
1064 1759 1074 1770 .
1115 1760 1124 1769 .
1166 1761 1174 1770 .
1219 1729 1268 1770 et
1301 1739 1392 1786 pro
1429 1722 1572 1770 firma
1603 1722 1796 1770 brafine
1830 1722 2049 1786 predifite
2084 1739 2295 1770 vnacum

242 1813 400 1862 crofto
446 1850 457 1861 .
502 1851 513 1860 .
559 1851 569 1861 .
613 1815 676 1862 ad
712 1851 722 1861 .
764 1851 774 1861 .
817 1851 828 1862 .
869 1813 1106 1862 terminos
1140 1852 1149 1862 .
1187 1852 1196 1862 .
1241 1853 1250 1862 .
1288 1814 1537 1879 predit‘ims
1562 1814 1734 1863 decem
1759 1820 1808 1862 et
1832 1817 1940 1863 octo
1963 1814 2141 1862 solidos
2180 1854 2188 1861 .
2232 1854 2240 1862 .
2284 1855 2293 1862 .

243 1912 440 1954 monete
482 1904 656 1954 Scocie
699 1945 707 1953 .
752 1945 761 1953 .
805 1945 813 1953 .
857 1904 1095 1954 Preterea
1126 1904 1162 1953 fi
1197 1905 1314 1954 dieti
1350 1946 1359 1955 .
1397 1947 1405 1955 .
1445 1946 1454 1955 .
1491 1906 1679 1955 fuerint
1717 1913 1803 1955 aut
1838 1906 2177 1955 inobedientes
2213 1914 2296 1954 aut

246 1998 372 2046 male
397 1998 643 2047 soluentes
680 2038 689 2046 .
723 2037 732 2045 .
767 2038 775 2045 .
813 1997 983 2046 licebit
1008 1997 1151 2046 nobis
1187 2037 1196 2046 .
1235 2038 1243 2046 .
1283 2038 1291 2047 .
1330 1998 1538 2063 desuper
1563 1998 1820 2063 disponere
1852 2037 1862 2046 .
1898 2038 1906 2045 .
1949 2037 1957 2045 .
1990 1997 2144 2061 Apud
2181 2036 2191 2044 .
2232 2036 2242 2045 .
2283 2036 2293 2045 .

246 2089 514 2153 capitulum
563 2089 790 2138 vicefimo
840 2090 920 2138 die
964 2089 1141 2139 menfis
1188 2089 1315 2138 Julii
1359 2107 1490 2139 anno
1538 2089 1747 2137 Domini
1793 2095 1860 2136 m⁰
1908 2088 2293 2153 quingentesimo

244 2180 451 2229 decimo.

244 2431 419 2503 Carta
442 2455 664 2519 magistri
688 2455 859 2504 Dauid
884 2455 1091 2519 Gardyn
1118 2456 1179 2504 de
1203 2454 1349 2503 terris
1374 2454 1435 2501 de
1470 2451 1699 2501 Tulloch.

243 2677 252 2686 .
297 2678 305 2686 .
347 2678 355 2686 .
404 2638 580 2688 Pateat
623 2679 631 2687 .
670 2679 679 2687 .
721 2678 730 2687 .
772 2657 862 2688 nos
890 2639 1166 2705 Georgium
1200 2677 1210 2687 .
1252 2676 1263 2687 .
1305 2675 1316 2686 .
1358 2638 1583 2686 abbatem
1628 2672 1638 2683 .
1684 2672 1694 2682 .
1740 2671 1751 2682 .
1791 2634 1852 2682 de
1884 2634 2124 2682 Arbroith
2167 2670 2178 2681 .
2225 2670 2236 2681 .
2277 2670 2287 2679 .

246 2729 519 2779 conceffifl'e
559 2769 569 2779 .
613 2770 622 2779 .
667 2770 674 2779 .
719 2731 1098 2796 consanguineis
1122 2730 1300 2779 nostris
1324 2728 1557 2794 magistro
1581 2726 1751 2775 Dauid
1775 2726 1983 2791 Gardyn
2007 2726 2069 2774 de
2095 2725 2289 2775 Conan-

246 2822 353 2887 syth
392 2830 441 2871 et
482 2822 518 2871 J
520 2830 664 2872 onete
705 2822 920 2871 Tulloch
959 2823 1063 2872 eius
1103 2823 1272 2887 sponse
1309 2820 1669 2882 heredibusque
1710 2818 1840 2867 inter
1881 2818 2008 2882 ipsos
2049 2817 2286 2882 legittime

245 2913 518 2976 procreatis
560 2953 569 2961 .
614 2952 623 2961 .
668 2953 676 2961 .
720 2914 896 2978 quibus
919 2913 1047 2967 forte
1072 2911 1412 2962 deficientibus
1447 2909 1710 2959 heredibus
1734 2909 1852 2957 dieti
1876 2908 2094 2973 magistri
2117 2907 2286 2956 Dauid

246 3004 617 3069 quibuscunque
656 3044 665 3053 .
702 3044 710 3052 .
750 3042 761 3052 .
800 3004 1156 3053 dimidietatem
1182 3010 1425 3051 terrarum
1451 3002 1728 3050 nostrarum
1753 3001 1958 3050 dominii
1983 3002 2045 3049 de
2071 3000 2283 3049 Tulloch

246 3103 295 3144 et
319 3097 380 3145 de
407 3095 645 3162 Craquhy
669 3114 730 3145 ex
753 3104 894 3160 parte
919 3094 1118 3144 australi
1142 3111 1267 3158 aque
1291 3094 1353 3142 de
1380 3093 1611 3158 Owynyn
1635 3093 1878 3143 iacentem
1914 3130 1924 3140 .
1963 3131 1971 3140 .
2015 3131 2024 3139 .
2067 3089 2282 3155 exceptis

245 3186 529 3235 molendino
571 3187 632 3235 de
674 3186 913 3250 Craquhy
951 3192 1000 3233 et
1040 3185 1187 3233 terris
1228 3184 1388 3233 eidem
1430 3222 1438 3232 .
1477 3222 1485 3231 .
1525 3221 1533 3232 .
1577 3182 1903 3247 spectantibus
1936 3210 1946 3219 ·
1986 3182 2275 3245 quequidem
