<?xml version="1.0" encoding="UTF-8"?>
<!DOCTYPE html PUBLIC "-//W3C//DTD XHTML 1.0 Transitional//EN"
    "http://www.w3.org/TR/xhtml1/DTD/xhtml1-transitional.dtd">
<html xmlns="http://www.w3.org/1999/xhtml" xml:lang="en" lang="en">
 <head>
  <title>
</title>
<meta http-equiv="Content-Type" content="text/html;charset=utf-8" />
  <meta name='ocr-system' content='tesseract 3.04.00' />
  <meta name='ocr-capabilities' content='ocr_page ocr_carea ocr_par ocr_line ocrx_word'/>
</head>
<body>
  <div class='ocr_page' id='page_1' title='image "./libersthomedea8602arbruoft_0444.png"; bbox 0 0 2762 3834; ppageno 0'>
   <div class='ocr_carea' id='block_1_1' title="bbox 428 1069 643 1112">
    <p class='ocr_par' dir='ltr' id='par_1_1' title="bbox 428 1069 643 1112">
     <span class='ocr_line' id='line_1_1' title="bbox 428 1069 643 1112; baseline -0.019 -1"><span class='ocrx_word' id='word_1_1' title='bbox 428 1069 522 1112; x_wconf 72' lang='lat'>432</span> <span class='ocrx_word' id='word_1_2' title='bbox 578 1100 585 1107; x_wconf 91' lang='lat'>.</span> <span class='ocrx_word' id='word_1_3' title='bbox 636 1099 643 1107; x_wconf 93' lang='lat'><strong>.</strong></span> 
     </span>
    </p>
   </div>
   <div class='ocr_carea' id='block_1_2' title="bbox 422 2069 519 2112">
    <p class='ocr_par' dir='ltr' id='par_1_2' title="bbox 422 2069 519 2112">
     <span class='ocr_line' id='line_1_2' title="bbox 422 2069 519 2112; baseline 0.01 -1"><span class='ocrx_word' id='word_1_4' title='bbox 422 2069 519 2112; x_wconf 86' lang='lat'>433</span> 
     </span>
    </p>
   </div>
   <div class='ocr_carea' id='block_1_3' title="bbox 582 371 2177 429">
    <p class='ocr_par' dir='ltr' id='par_1_3' title="bbox 582 371 2177 429">
     <span class='ocr_line' id='line_1_3' title="bbox 582 371 2177 429; baseline -0.002 0"><span class='ocrx_word' id='word_1_5' title='bbox 582 379 678 429; x_wconf 82' lang='lat'>344</span> <span class='ocrx_word' id='word_1_6' title='bbox 1031 372 1450 429; x_wconf 79' lang='lat' dir='ltr'>REGISTRUM</span> <span class='ocrx_word' id='word_1_7' title='bbox 1483 374 1580 425; x_wconf 91' lang='lat' dir='ltr'>DE</span> <span class='ocrx_word' id='word_1_8' title='bbox 1616 371 2177 428; x_wconf 87' lang='lat' dir='ltr'><strong>ABERBROTHOC.</strong></span> 
     </span>
    </p>
   </div>
   <div class='ocr_carea' id='block_1_4' title="bbox 581 507 2627 563">
    <p class='ocr_par' dir='ltr' id='par_1_4' title="bbox 581 507 2627 563">
     <span class='ocr_line' id='line_1_4' title="bbox 581 507 2627 563; baseline -0.001 0"><span class='ocrx_word' id='word_1_9' title='bbox 581 514 759 563; x_wconf 88' lang='lat' dir='ltr'>terium</span> <span class='ocrx_word' id='word_1_10' title='bbox 800 552 810 561; x_wconf 91' lang='lat'>.</span> <span class='ocrx_word' id='word_1_11' title='bbox 851 551 861 561; x_wconf 93' lang='lat'><strong>.</strong></span> <span class='ocrx_word' id='word_1_12' title='bbox 902 551 913 560; x_wconf 90' lang='lat'>.</span> <span class='ocrx_word' id='word_1_13' title='bbox 956 512 1036 560; x_wconf 87' lang='lat' dir='ltr'>die</span> <span class='ocrx_word' id='word_1_14' title='bbox 1060 510 1285 559; x_wconf 73' lang='lat' dir='ltr'>vicesima</span> <span class='ocrx_word' id='word_1_15' title='bbox 1309 512 1481 558; x_wconf 68' lang='lat' dir='ltr'>o&amp;aua</span> <span class='ocrx_word' id='word_1_16' title='bbox 1515 507 1689 557; x_wconf 74' lang='lat' dir='ltr'>mensis</span> <span class='ocrx_word' id='word_1_17' title='bbox 1716 507 1948 558; x_wconf 75' lang='lat' dir='ltr'>O&amp;0bris</span> <span class='ocrx_word' id='word_1_18' title='bbox 1972 526 2104 558; x_wconf 89' lang='lat' dir='ltr'>anno</span> <span class='ocrx_word' id='word_1_19' title='bbox 2129 509 2336 559; x_wconf 83' lang='lat' dir='ltr'>Domini</span> <span class='ocrx_word' id='word_1_20' title='bbox 2375 512 2627 561; x_wconf 77' lang='lat' dir='ltr'>millesimo</span> 
     </span>
    </p>
   </div>
   <div class='ocr_carea' id='block_1_5' title="bbox 582 602 1219 670">
    <p class='ocr_par' dir='ltr' id='par_1_5' title="bbox 582 602 1219 670">
     <span class='ocr_line' id='line_1_5' title="bbox 582 602 1219 670; baseline -0.009 -15"><span class='ocrx_word' id='word_1_21' title='bbox 582 603 968 670; x_wconf 70' lang='lat' dir='ltr'>quingentesimo</span> <span class='ocrx_word' id='word_1_22' title='bbox 993 602 1219 651; x_wconf 90' lang='lat' dir='ltr'>secundo.</span> 
     </span>
    </p>
   </div>
   <div class='ocr_carea' id='block_1_6' title="bbox 580 854 1816 940">
    <p class='ocr_par' dir='ltr' id='par_1_6' title="bbox 580 854 1816 940">
     <span class='ocr_line' id='line_1_6' title="bbox 580 854 1816 940; baseline -0.003 -14"><span class='ocrx_word' id='word_1_23' title='bbox 580 854 720 940; x_wconf 85' lang='lat' dir='ltr'>Nyg</span> <span class='ocrx_word' id='word_1_24' title='bbox 742 875 1050 939; x_wconf 80' lang='lat' dir='ltr'>presentatur</span> <span class='ocrx_word' id='word_1_25' title='bbox 1073 872 1301 922; x_wconf 89' lang='lat' dir='ltr'>dominus</span> <span class='ocrx_word' id='word_1_26' title='bbox 1327 873 1559 922; x_wconf 83' lang='lat' dir='ltr'><strong>Andreas</strong></span> <span class='ocrx_word' id='word_1_27' title='bbox 1586 872 1816 923; x_wconf 86' lang='lat' dir='ltr'>Scherar.</span> 
     </span>
    </p>
   </div>
   <div class='ocr_carea' id='block_1_7' title="bbox 571 1054 2627 1584">
    <p class='ocr_par' dir='ltr' id='par_1_7' title="bbox 571 1054 2627 1584">
     <span class='ocr_line' id='line_1_7' title="bbox 695 1054 2627 1121; baseline 0.001 -15"><span class='ocrx_word' id='word_1_28' title='bbox 695 1099 702 1106; x_wconf 94' lang='lat'><em>.</em></span> <span class='ocrx_word' id='word_1_29' title='bbox 750 1058 942 1106; x_wconf 85' lang='lat' dir='ltr'>Jacobo</span> <span class='ocrx_word' id='word_1_30' title='bbox 988 1094 998 1105; x_wconf 92' lang='lat'><strong><em>.</em></strong></span> <span class='ocrx_word' id='word_1_31' title='bbox 1042 1095 1053 1106; x_wconf 95' lang='lat'>.</span> <span class='ocrx_word' id='word_1_32' title='bbox 1092 1094 1103 1106; x_wconf 91' lang='lat'><strong><em>.</em></strong></span> <span class='ocrx_word' id='word_1_33' title='bbox 1146 1055 1500 1107; x_wconf 66' lang='lat' dir='ltr'>SanEtiandree</span> <span class='ocrx_word' id='word_1_34' title='bbox 1547 1054 1916 1121; x_wconf 84' lang='lat' dir='ltr'>archiepiscopo</span> <span class='ocrx_word' id='word_1_35' title='bbox 1966 1094 1978 1105; x_wconf 92' lang='lat'>.</span> <span class='ocrx_word' id='word_1_36' title='bbox 2024 1095 2035 1106; x_wconf 91' lang='lat'><strong>.</strong></span> <span class='ocrx_word' id='word_1_37' title='bbox 2081 1095 2092 1106; x_wconf 88' lang='lat'><strong><em>.</em></strong></span> <span class='ocrx_word' id='word_1_38' title='bbox 2141 1066 2235 1107; x_wconf 90' lang='lat' dir='ltr'>etc.</span> <span class='ocrx_word' id='word_1_39' title='bbox 2287 1094 2297 1106; x_wconf 88' lang='lat'><strong>.</strong></span> <span class='ocrx_word' id='word_1_40' title='bbox 2344 1096 2354 1107; x_wconf 86' lang='lat'>.</span> <span class='ocrx_word' id='word_1_41' title='bbox 2402 1096 2412 1107; x_wconf 91' lang='lat'><strong><em>.</em></strong></span> <span class='ocrx_word' id='word_1_42' title='bbox 2462 1057 2627 1108; x_wconf 85' lang='lat' dir='ltr'>Dauid</span> 
     </span>
     <span class='ocr_line' id='line_1_8' title="bbox 685 1147 2626 1200; baseline 0.002 -4"><span class='ocrx_word' id='word_1_43' title='bbox 685 1188 694 1196; x_wconf 94' lang='lat'>.</span> <span class='ocrx_word' id='word_1_44' title='bbox 737 1150 886 1199; x_wconf 87' lang='lat' dir='ltr'>abbas</span> <span class='ocrx_word' id='word_1_45' title='bbox 923 1187 934 1197; x_wconf 92' lang='lat'><strong><em>.</em></strong></span> <span class='ocrx_word' id='word_1_46' title='bbox 974 1186 985 1197; x_wconf 90' lang='lat'><strong>.</strong></span> <span class='ocrx_word' id='word_1_47' title='bbox 1026 1186 1037 1197; x_wconf 91' lang='lat'>.</span> <span class='ocrx_word' id='word_1_48' title='bbox 1075 1150 1137 1198; x_wconf 91' lang='lat' dir='ltr'>de</span> <span class='ocrx_word' id='word_1_49' title='bbox 1174 1147 1516 1198; x_wconf 90' lang='lat' dir='ltr'>Abirbrothoc</span> <span class='ocrx_word' id='word_1_50' title='bbox 1563 1185 1574 1196; x_wconf 91' lang='lat'>.</span> <span class='ocrx_word' id='word_1_51' title='bbox 1626 1185 1637 1197; x_wconf 91' lang='lat'>.</span> <span class='ocrx_word' id='word_1_52' title='bbox 1689 1186 1700 1197; x_wconf 94' lang='lat'>.</span> <span class='ocrx_word' id='word_1_53' title='bbox 1748 1150 2067 1198; x_wconf 84' lang='lat' dir='ltr'>reuerencias</span> <span class='ocrx_word' id='word_1_54' title='bbox 2109 1187 2120 1198; x_wconf 88' lang='lat'><strong>.</strong></span> <span class='ocrx_word' id='word_1_55' title='bbox 2161 1188 2172 1198; x_wconf 92' lang='lat'><strong>.</strong></span> <span class='ocrx_word' id='word_1_56' title='bbox 2213 1187 2223 1198; x_wconf 90' lang='lat'><strong>.</strong></span> <span class='ocrx_word' id='word_1_57' title='bbox 2271 1150 2353 1198; x_wconf 90' lang='lat' dir='ltr'>Ad</span> <span class='ocrx_word' id='word_1_58' title='bbox 2392 1151 2626 1200; x_wconf 81' lang='lat' dir='ltr'>vicariam</span> 
     </span>
     <span class='ocr_line' id='line_1_9' title="bbox 573 1240 2626 1307; baseline 0 -16"><span class='ocrx_word' id='word_1_59' title='bbox 573 1242 773 1291; x_wconf 88' lang='lat' dir='ltr'>ecclefie</span> <span class='ocrx_word' id='word_1_60' title='bbox 796 1240 1124 1306; x_wconf 83' lang='lat' dir='ltr'>parrochialis</span> <span class='ocrx_word' id='word_1_61' title='bbox 1148 1241 1209 1289; x_wconf 89' lang='lat' dir='ltr'>de</span> <span class='ocrx_word' id='word_1_62' title='bbox 1235 1240 1357 1307; x_wconf 89' lang='lat' dir='ltr'>Nyg</span> <span class='ocrx_word' id='word_1_63' title='bbox 1381 1256 1494 1290; x_wconf 89' lang='lat' dir='ltr'>cum</span> <span class='ocrx_word' id='word_1_64' title='bbox 1517 1240 1671 1305; x_wconf 86' lang='lat' dir='ltr'>ipsam</span> <span class='ocrx_word' id='word_1_65' title='bbox 1695 1257 1876 1291; x_wconf 84' lang='lat' dir='ltr'>vacare</span> <span class='ocrx_word' id='word_1_66' title='bbox 1901 1242 2169 1307; x_wconf 84' lang='lat' dir='ltr'>contigerit</span> <span class='ocrx_word' id='word_1_67' title='bbox 2192 1259 2283 1307; x_wconf 87' lang='lat' dir='ltr'>per</span> <span class='ocrx_word' id='word_1_68' title='bbox 2320 1281 2330 1290; x_wconf 90' lang='lat'>.</span> <span class='ocrx_word' id='word_1_69' title='bbox 2373 1280 2384 1290; x_wconf 90' lang='lat'><strong>.</strong></span> <span class='ocrx_word' id='word_1_70' title='bbox 2418 1279 2430 1291; x_wconf 89' lang='lat'><strong>.</strong></span> <span class='ocrx_word' id='word_1_71' title='bbox 2467 1243 2626 1291; x_wconf 87' lang='lat' dir='ltr'>dimis-</span> 
     </span>
     <span class='ocr_line' id='line_1_10' title="bbox 573 1331 2623 1397; baseline 0 -15"><span class='ocrx_word' id='word_1_72' title='bbox 573 1335 752 1382; x_wconf 79' lang='lat' dir='ltr'>fionem</span> <span class='ocrx_word' id='word_1_73' title='bbox 804 1370 814 1381; x_wconf 90' lang='lat'><strong>.</strong></span> <span class='ocrx_word' id='word_1_74' title='bbox 860 1369 871 1381; x_wconf 93' lang='lat'><strong>.</strong></span> <span class='ocrx_word' id='word_1_75' title='bbox 918 1371 929 1382; x_wconf 87' lang='lat'><strong>.</strong></span> <span class='ocrx_word' id='word_1_76' title='bbox 977 1331 1198 1397; x_wconf 84' lang='lat' dir='ltr'>magistri</span> <span class='ocrx_word' id='word_1_77' title='bbox 1223 1332 1461 1382; x_wconf 88' lang='lat' dir='ltr'>Duncani</span> <span class='ocrx_word' id='word_1_78' title='bbox 1487 1331 1702 1383; x_wconf 87' lang='lat' dir='ltr'>Scherar</span> <span class='ocrx_word' id='word_1_79' title='bbox 1751 1373 1762 1382; x_wconf 89' lang='lat'><em>.</em></span> <span class='ocrx_word' id='word_1_80' title='bbox 1815 1372 1825 1383; x_wconf 94' lang='lat'><strong><em>.</em></strong></span> <span class='ocrx_word' id='word_1_81' title='bbox 1876 1371 1888 1383; x_wconf 89' lang='lat'><strong><em>.</em></strong></span> <span class='ocrx_word' id='word_1_82' title='bbox 1937 1335 1989 1383; x_wconf 91' lang='lat' dir='ltr'>in</span> <span class='ocrx_word' id='word_1_83' title='bbox 2024 1335 2250 1384; x_wconf 86' lang='lat' dir='ltr'>manibus</span> <span class='ocrx_word' id='word_1_84' title='bbox 2283 1335 2443 1383; x_wconf 89' lang='lat' dir='ltr'>vestre</span> <span class='ocrx_word' id='word_1_85' title='bbox 2489 1373 2498 1383; x_wconf 92' lang='lat'><strong>.</strong></span> <span class='ocrx_word' id='word_1_86' title='bbox 2537 1342 2561 1383; x_wconf 76' lang='grc'>’.</span> <span class='ocrx_word' id='word_1_87' title='bbox 2614 1374 2623 1383; x_wconf 91' lang='grc'><strong>.</strong></span> 
     </span>
     <span class='ocr_line' id='line_1_11' title="bbox 571 1425 2623 1492; baseline -0 -15"><span class='ocrx_word' id='word_1_88' title='bbox 571 1427 883 1492; x_wconf 83' lang='lat' dir='ltr'>paternitatis</span> <span class='ocrx_word' id='word_1_89' title='bbox 913 1434 997 1476; x_wconf 90' lang='lat' dir='ltr'>aut</span> <span class='ocrx_word' id='word_1_90' title='bbox 1027 1426 1175 1476; x_wconf 88' lang='lat' dir='ltr'>vestri</span> <span class='ocrx_word' id='word_1_91' title='bbox 1206 1425 1452 1477; x_wconf 89' lang='lat' dir='ltr'>substituti</span> <span class='ocrx_word' id='word_1_92' title='bbox 1493 1463 1504 1475; x_wconf 93' lang='lat'>.</span> <span class='ocrx_word' id='word_1_93' title='bbox 1549 1463 1560 1474; x_wconf 89' lang='lat'>.</span> <span class='ocrx_word' id='word_1_94' title='bbox 1600 1462 1613 1474; x_wconf 88' lang='lat'><strong>.</strong></span> <span class='ocrx_word' id='word_1_95' title='bbox 1655 1425 1869 1475; x_wconf 88' lang='lat' dir='ltr'>fiendam</span> <span class='ocrx_word' id='word_1_96' title='bbox 1912 1464 1923 1474; x_wconf 93' lang='lat'><strong>.</strong></span> <span class='ocrx_word' id='word_1_97' title='bbox 1961 1464 1971 1474; x_wconf 91' lang='lat'><strong>.</strong></span> <span class='ocrx_word' id='word_1_98' title='bbox 2017 1464 2028 1475; x_wconf 86' lang='lat'><strong>.</strong></span> <span class='ocrx_word' id='word_1_99' title='bbox 2073 1427 2326 1475; x_wconf 88' lang='lat' dir='ltr'>dominum</span> <span class='ocrx_word' id='word_1_100' title='bbox 2365 1426 2623 1476; x_wconf 85' lang='lat' dir='ltr'>Andream</span> 
     </span>
     <span class='ocr_line' id='line_1_12' title="bbox 576 1516 2625 1584; baseline -0 -15"><span class='ocrx_word' id='word_1_101' title='bbox 576 1520 788 1569; x_wconf 88' lang='lat' dir='ltr'>Scherar</span> <span class='ocrx_word' id='word_1_102' title='bbox 807 1518 1158 1567; x_wconf 87' lang='lat' dir='ltr'>subdiaconum</span> <span class='ocrx_word' id='word_1_103' title='bbox 1179 1518 1340 1567; x_wconf 87' lang='lat' dir='ltr'>eidem</span> <span class='ocrx_word' id='word_1_104' title='bbox 1375 1555 1386 1567; x_wconf 91' lang='lat'><em>.</em></span> <span class='ocrx_word' id='word_1_105' title='bbox 1416 1555 1427 1567; x_wconf 92' lang='lat'><strong>.</strong></span> <span class='ocrx_word' id='word_1_106' title='bbox 1459 1555 1470 1566; x_wconf 88' lang='lat'><strong>.</strong></span> <span class='ocrx_word' id='word_1_107' title='bbox 1501 1516 1792 1583; x_wconf 87' lang='lat' dir='ltr'>paternitati</span> <span class='ocrx_word' id='word_1_108' title='bbox 1825 1553 1835 1564; x_wconf 95' lang='lat'><strong><em>.</em></strong></span> <span class='ocrx_word' id='word_1_109' title='bbox 1870 1555 1880 1565; x_wconf 91' lang='lat'><strong>.</strong></span> <span class='ocrx_word' id='word_1_110' title='bbox 1914 1557 1925 1567; x_wconf 91' lang='lat'><strong>.</strong></span> <span class='ocrx_word' id='word_1_111' title='bbox 1956 1519 2296 1583; x_wconf 85' lang='lat' dir='ltr'>presentamus</span> <span class='ocrx_word' id='word_1_112' title='bbox 2333 1558 2341 1567; x_wconf 94' lang='lat'>.</span> <span class='ocrx_word' id='word_1_113' title='bbox 2381 1559 2388 1566; x_wconf 93' lang='lat'><em>.</em></span> <span class='ocrx_word' id='word_1_114' title='bbox 2428 1559 2437 1568; x_wconf 93' lang='lat'>.</span> <span class='ocrx_word' id='word_1_115' title='bbox 2475 1520 2625 1584; x_wconf 88' lang='lat' dir='ltr'>Apud</span> 
     </span>
    </p>
   </div>
   <div class='ocr_carea' id='block_1_8' title="bbox 572 1609 2725 1661">
    <p class='ocr_par' dir='ltr' id='par_1_8' title="bbox 572 1609 2725 1661">
     <span class='ocr_line' id='line_1_13' title="bbox 572 1609 2725 1661; baseline -0 -2"><span class='ocrx_word' id='word_1_116' title='bbox 572 1652 581 1660; x_wconf 95' lang='lat'><strong>.</strong></span> <span class='ocrx_word' id='word_1_117' title='bbox 617 1651 626 1660; x_wconf 92' lang='lat'><strong>.</strong></span> <span class='ocrx_word' id='word_1_118' title='bbox 661 1650 671 1659; x_wconf 93' lang='lat'>.</span> <span class='ocrx_word' id='word_1_119' title='bbox 702 1610 1052 1660; x_wconf 87' lang='lat' dir='ltr'>monasterium</span> <span class='ocrx_word' id='word_1_120' title='bbox 1086 1649 1096 1659; x_wconf 93' lang='lat'>.</span> <span class='ocrx_word' id='word_1_121' title='bbox 1137 1648 1149 1660; x_wconf 92' lang='lat'><strong>.</strong></span> <span class='ocrx_word' id='word_1_122' title='bbox 1193 1648 1204 1660; x_wconf 95' lang='lat'><strong>.</strong></span> <span class='ocrx_word' id='word_1_123' title='bbox 1244 1611 1418 1660; x_wconf 85' lang='lat' dir='ltr'>vltimo</span> <span class='ocrx_word' id='word_1_124' title='bbox 1452 1610 1535 1660; x_wconf 88' lang='lat' dir='ltr'>die</span> <span class='ocrx_word' id='word_1_125' title='bbox 1569 1609 1747 1659; x_wconf 85' lang='lat' dir='ltr'>menfis</span> <span class='ocrx_word' id='word_1_126' title='bbox 1788 1609 2022 1661; x_wconf 70' lang='lat' dir='ltr'>O&amp;obris</span> <span class='ocrx_word' id='word_1_127' title='bbox 2057 1627 2189 1659; x_wconf 88' lang='lat' dir='ltr'>anno</span> <span class='ocrx_word' id='word_1_128' title='bbox 2224 1609 2434 1659; x_wconf 90' lang='lat' dir='ltr'>Domini</span> <span class='ocrx_word' id='word_1_129' title='bbox 2469 1611 2622 1659; x_wconf 89' lang='lat' dir='ltr'>mille·</span> <span class='ocrx_word' id='word_1_130' title='bbox 2719 1629 2725 1634; x_wconf 93' lang='lat'>·</span> 
     </span>
    </p>
   </div>
   <div class='ocr_carea' id='block_1_9' title="bbox 572 1701 1354 1768">
    <p class='ocr_par' dir='ltr' id='par_1_9' title="bbox 572 1701 1354 1768">
     <span class='ocr_line' id='line_1_14' title="bbox 572 1701 1354 1768; baseline 0 -17"><span class='ocrx_word' id='word_1_131' title='bbox 572 1704 688 1752; x_wconf 88' lang='lat' dir='ltr'>fimo</span> <span class='ocrx_word' id='word_1_132' title='bbox 714 1701 1102 1768; x_wconf 70' lang='lat' dir='ltr'>quingentesimo</span> <span class='ocrx_word' id='word_1_133' title='bbox 1124 1701 1354 1752; x_wconf 87' lang='lat' dir='ltr'>secundo.</span> 
     </span>
    </p>
   </div>
   <div class='ocr_carea' id='block_1_10' title="bbox 574 1883 2487 1970">
    <p class='ocr_par' dir='ltr' id='par_1_10' title="bbox 574 1883 2487 1970">
     <span class='ocr_line' id='line_1_15' title="bbox 574 1883 2487 1970; baseline -0.001 -16"><span class='ocrx_word' id='word_1_134' title='bbox 574 1883 736 1970; x_wconf 84' lang='lat' dir='ltr'>Athy</span> <span class='ocrx_word' id='word_1_135' title='bbox 766 1938 774 1946; x_wconf 93' lang='lat'><em>-</em></span> <span class='ocrx_word' id='word_1_136' title='bbox 802 1903 1059 1953; x_wconf 89' lang='lat' dir='ltr'>Burntone</span> <span class='ocrx_word' id='word_1_137' title='bbox 1084 1902 1298 1952; x_wconf 88' lang='lat' dir='ltr'>eiusdem</span> <span class='ocrx_word' id='word_1_138' title='bbox 1326 1917 1438 1951; x_wconf 89' lang='lat' dir='ltr'>cum</span> <span class='ocrx_word' id='word_1_139' title='bbox 1461 1900 1658 1951; x_wconf 83' lang='lat' dir='ltr'>brafina</span> <span class='ocrx_word' id='word_1_140' title='bbox 1682 1901 1928 1950; x_wconf 83' lang='lat' dir='ltr'>affedatur</span> <span class='ocrx_word' id='word_1_141' title='bbox 1950 1899 2201 1951; x_wconf 89' lang='lat' dir='ltr'>Duncano</span> <span class='ocrx_word' id='word_1_142' title='bbox 2228 1902 2487 1952; x_wconf 88' lang='lat' dir='ltr'>Lichtone.</span> 
     </span>
    </p>
   </div>
   <div class='ocr_carea' id='block_1_11' title="bbox 569 2066 2622 2501">
    <p class='ocr_par' dir='ltr' id='par_1_11' title="bbox 569 2066 2622 2501">
     <span class='ocr_line' id='line_1_16' title="bbox 574 2066 2619 2118; baseline 0.001 -4"><span class='ocrx_word' id='word_1_143' title='bbox 574 2105 584 2114; x_wconf 90' lang='lat'>.</span> <span class='ocrx_word' id='word_1_144' title='bbox 627 2104 636 2113; x_wconf 91' lang='lat'><strong>.</strong></span> <span class='ocrx_word' id='word_1_145' title='bbox 679 2105 690 2114; x_wconf 92' lang='lat'>.</span> <span class='ocrx_word' id='word_1_146' title='bbox 730 2066 904 2115; x_wconf 86' lang='lat' dir='ltr'>Pateat</span> <span class='ocrx_word' id='word_1_147' title='bbox 947 2104 957 2114; x_wconf 91' lang='lat'><strong>.</strong></span> <span class='ocrx_word' id='word_1_148' title='bbox 998 2103 1009 2114; x_wconf 92' lang='lat'><strong><em>.</em></strong></span> <span class='ocrx_word' id='word_1_149' title='bbox 1048 2104 1059 2114; x_wconf 85' lang='lat'><strong>.</strong></span> <span class='ocrx_word' id='word_1_150' title='bbox 1094 2084 1183 2115; x_wconf 92' lang='lat' dir='ltr'>nos</span> <span class='ocrx_word' id='word_1_151' title='bbox 1221 2066 1395 2115; x_wconf 88' lang='lat' dir='ltr'>Dauid</span> <span class='ocrx_word' id='word_1_152' title='bbox 1437 2104 1448 2115; x_wconf 95' lang='lat'><strong>.</strong></span> <span class='ocrx_word' id='word_1_153' title='bbox 1491 2104 1502 2116; x_wconf 85' lang='lat'><strong>.</strong></span> <span class='ocrx_word' id='word_1_154' title='bbox 1538 2104 1549 2115; x_wconf 89' lang='lat'><strong>.</strong></span> <span class='ocrx_word' id='word_1_155' title='bbox 1593 2066 1818 2115; x_wconf 87' lang='lat' dir='ltr'>abbatem</span> <span class='ocrx_word' id='word_1_156' title='bbox 1862 2104 1874 2114; x_wconf 93' lang='lat'><strong>.</strong></span> <span class='ocrx_word' id='word_1_157' title='bbox 1910 2104 1920 2114; x_wconf 86' lang='lat'><strong>.</strong></span> <span class='ocrx_word' id='word_1_158' title='bbox 1963 2105 1973 2115; x_wconf 94' lang='lat'>.</span> <span class='ocrx_word' id='word_1_159' title='bbox 2015 2068 2075 2116; x_wconf 90' lang='lat' dir='ltr'>de</span> <span class='ocrx_word' id='word_1_160' title='bbox 2118 2067 2455 2118; x_wconf 91' lang='lat' dir='ltr'>Abirbrothoc</span> <span class='ocrx_word' id='word_1_161' title='bbox 2500 2107 2510 2117; x_wconf 89' lang='lat'><strong>.</strong></span> <span class='ocrx_word' id='word_1_162' title='bbox 2557 2107 2566 2117; x_wconf 91' lang='lat'>.</span> <span class='ocrx_word' id='word_1_163' title='bbox 2612 2109 2619 2116; x_wconf 95' lang='lat'>.</span> 
     </span>
     <span class='ocr_line' id='line_1_17' title="bbox 571 2157 2622 2224; baseline 0.001 -17"><span class='ocrx_word' id='word_1_164' title='bbox 571 2158 794 2207; x_wconf 79' lang='lat' dir='ltr'>affedasse</span> <span class='ocrx_word' id='word_1_165' title='bbox 835 2198 846 2207; x_wconf 88' lang='lat'><em>.</em></span> <span class='ocrx_word' id='word_1_166' title='bbox 890 2197 901 2207; x_wconf 93' lang='lat'><em>.</em></span> <span class='ocrx_word' id='word_1_167' title='bbox 945 2196 956 2208; x_wconf 90' lang='lat'><strong>.</strong></span> <span class='ocrx_word' id='word_1_168' title='bbox 997 2159 1244 2208; x_wconf 89' lang='lat' dir='ltr'>Duncano</span> <span class='ocrx_word' id='word_1_169' title='bbox 1269 2159 1514 2208; x_wconf 90' lang='lat' dir='ltr'>Lichtone</span> <span class='ocrx_word' id='word_1_170' title='bbox 1544 2187 1555 2198; x_wconf 91' lang='lat'><strong>·</strong></span> <span class='ocrx_word' id='word_1_171' title='bbox 1590 2157 1831 2207; x_wconf 88' lang='lat' dir='ltr'>Mariorie</span> <span class='ocrx_word' id='word_1_172' title='bbox 1856 2159 2026 2224; x_wconf 89' lang='lat' dir='ltr'>sponse</span> <span class='ocrx_word' id='word_1_173' title='bbox 2051 2161 2133 2209; x_wconf 93' lang='lat' dir='ltr'>sue</span> <span class='ocrx_word' id='word_1_174' title='bbox 2157 2161 2394 2211; x_wconf 88' lang='lat' dir='ltr'>moderne</span> <span class='ocrx_word' id='word_1_175' title='bbox 2418 2190 2429 2200; x_wconf 93' lang='lat'><strong>·</strong></span> <span class='ocrx_word' id='word_1_176' title='bbox 2457 2163 2622 2210; x_wconf 85' lang='lat' dir='ltr'>Dauid</span> 
     </span>
     <span class='ocr_line' id='line_1_18' title="bbox 569 2250 2620 2302; baseline 0.001 -3"><span class='ocrx_word' id='word_1_177' title='bbox 569 2251 812 2299; x_wconf 89' lang='lat' dir='ltr'>Lichtone</span> <span class='ocrx_word' id='word_1_178' title='bbox 856 2259 906 2301; x_wconf 89' lang='lat' dir='ltr'>et</span> <span class='ocrx_word' id='word_1_179' title='bbox 943 2251 1169 2301; x_wconf 90' lang='lat' dir='ltr'>Waltero</span> <span class='ocrx_word' id='word_1_180' title='bbox 1204 2250 1449 2300; x_wconf 90' lang='lat' dir='ltr'>Lichtone</span> <span class='ocrx_word' id='word_1_181' title='bbox 1490 2251 1761 2300; x_wconf 86' lang='lat' dir='ltr'>eorundem</span> <span class='ocrx_word' id='word_1_182' title='bbox 1795 2250 1910 2299; x_wconf 86' lang='lat' dir='ltr'>filiis</span> <span class='ocrx_word' id='word_1_183' title='bbox 1949 2288 1962 2300; x_wconf 90' lang='lat'><strong>.</strong></span> <span class='ocrx_word' id='word_1_184' title='bbox 2002 2290 2013 2301; x_wconf 89' lang='lat'>.</span> <span class='ocrx_word' id='word_1_185' title='bbox 2055 2288 2068 2300; x_wconf 88' lang='lat'><strong>.</strong></span> <span class='ocrx_word' id='word_1_186' title='bbox 2110 2260 2267 2301; x_wconf 87' lang='lat' dir='ltr'>terras</span> <span class='ocrx_word' id='word_1_187' title='bbox 2303 2253 2418 2301; x_wconf 87' lang='lat' dir='ltr'>ville</span> <span class='ocrx_word' id='word_1_188' title='bbox 2456 2254 2620 2302; x_wconf 88' lang='lat' dir='ltr'>nostre</span> 
     </span>
     <span class='ocr_line' id='line_1_19' title="bbox 571 2341 2617 2410; baseline 0.001 -19"><span class='ocrx_word' id='word_1_189' title='bbox 571 2344 631 2391; x_wconf 77' lang='lat' dir='ltr'>d‘e</span> <span class='ocrx_word' id='word_1_190' title='bbox 658 2342 914 2392; x_wconf 89' lang='lat' dir='ltr'>Burntone</span> <span class='ocrx_word' id='word_1_191' title='bbox 939 2344 1001 2392; x_wconf 91' lang='lat' dir='ltr'>de</span> <span class='ocrx_word' id='word_1_192' title='bbox 1026 2343 1167 2410; x_wconf 90' lang='lat' dir='ltr'>Athy</span> <span class='ocrx_word' id='word_1_193' title='bbox 1193 2351 1243 2392; x_wconf 88' lang='lat' dir='ltr'>et</span> <span class='ocrx_word' id='word_1_194' title='bbox 1265 2341 1759 2403; x_wconf 74' lang='lat' dir='ltr'>brafinameiusdem</span> <span class='ocrx_word' id='word_1_195' title='bbox 1797 2360 1909 2391; x_wconf 91' lang='lat' dir='ltr'>cum</span> <span class='ocrx_word' id='word_1_196' title='bbox 1945 2343 2150 2392; x_wconf 87' lang='lat' dir='ltr'>decimis</span> <span class='ocrx_word' id='word_1_197' title='bbox 2187 2345 2469 2408; x_wconf 88' lang='lat' dir='ltr'>garbalibus</span> <span class='ocrx_word' id='word_1_198' title='bbox 2507 2382 2517 2393; x_wconf 89' lang='lat'><strong>.</strong></span> <span class='ocrx_word' id='word_1_199' title='bbox 2557 2382 2569 2392; x_wconf 91' lang='lat'><strong>.</strong></span> <span class='ocrx_word' id='word_1_200' title='bbox 2608 2382 2617 2392; x_wconf 87' lang='lat'><strong>.</strong></span> 
     </span>
     <span class='ocr_line' id='line_1_20' title="bbox 570 2433 2617 2501; baseline 0.001 -19"><span class='ocrx_word' id='word_1_201' title='bbox 570 2452 662 2499; x_wconf 90' lang='lat' dir='ltr'>pro</span> <span class='ocrx_word' id='word_1_202' title='bbox 710 2444 813 2484; x_wconf 91' lang='lat' dir='ltr'>toto</span> <span class='ocrx_word' id='word_1_203' title='bbox 861 2445 1083 2501; x_wconf 88' lang='lat' dir='ltr'>tempore</span> <span class='ocrx_word' id='word_1_204' title='bbox 1131 2436 1230 2485; x_wconf 88' lang='lat' dir='ltr'>vite</span> <span class='ocrx_word' id='word_1_205' title='bbox 1279 2436 1549 2484; x_wconf 90' lang='lat' dir='ltr'>eorundem</span> <span class='ocrx_word' id='word_1_206' title='bbox 1594 2462 1604 2472; x_wconf 94' lang='lat'><strong>·</strong></span> <span class='ocrx_word' id='word_1_207' title='bbox 1652 2433 1878 2483; x_wconf 83' lang='lat' dir='ltr'>termino</span> <span class='ocrx_word' id='word_1_208' title='bbox 1918 2451 2036 2483; x_wconf 76' lang='lat' dir='ltr'>vero</span> <span class='ocrx_word' id='word_1_209' title='bbox 2089 2435 2322 2484; x_wconf 86' lang='lat' dir='ltr'>introitus</span> <span class='ocrx_word' id='word_1_210' title='bbox 2376 2437 2617 2485; x_wconf 70' lang='lat' dir='ltr'>di&amp;orum</span> 
     </span>
    </p>
   </div>
   <div class='ocr_carea' id='block_1_12' title="bbox 633 2523 2698 2591">
    <p class='ocr_par' dir='ltr' id='par_1_12' title="bbox 633 2523 2698 2591">
     <span class='ocr_line' id='line_1_21' title="bbox 633 2523 2698 2591; baseline 0.001 -18"><span class='ocrx_word' id='word_1_211' title='bbox 633 2564 642 2573; x_wconf 91' lang='lat'>.</span> <span class='ocrx_word' id='word_1_212' title='bbox 686 2564 696 2575; x_wconf 91' lang='lat'><strong>.</strong></span> <span class='ocrx_word' id='word_1_213' title='bbox 738 2528 788 2574; x_wconf 92' lang='lat' dir='ltr'>in</span> <span class='ocrx_word' id='word_1_214' title='bbox 825 2528 956 2577; x_wconf 70' lang='lat' dir='ltr'>diaa</span> <span class='ocrx_word' id='word_1_215' title='bbox 980 2527 1099 2577; x_wconf 86' lang='lat' dir='ltr'>villa</span> <span class='ocrx_word' id='word_1_216' title='bbox 1131 2528 1300 2577; x_wconf 87' lang='lat' dir='ltr'>nostra</span> <span class='ocrx_word' id='word_1_217' title='bbox 1323 2535 1373 2577; x_wconf 89' lang='lat' dir='ltr'>et</span> <span class='ocrx_word' id='word_1_218' title='bbox 1395 2525 1592 2577; x_wconf 84' lang='lat' dir='ltr'>brafina</span> <span class='ocrx_word' id='word_1_219' title='bbox 1622 2541 1735 2575; x_wconf 90' lang='lat' dir='ltr'>cum</span> <span class='ocrx_word' id='word_1_220' title='bbox 1769 2525 1975 2575; x_wconf 88' lang='lat' dir='ltr'>decimis</span> <span class='ocrx_word' id='word_1_221' title='bbox 2009 2527 2294 2591; x_wconf 86' lang='lat' dir='ltr'>garbalibus</span> <span class='ocrx_word' id='word_1_222' title='bbox 2329 2544 2449 2591; x_wconf 86' lang='lat' dir='ltr'>quas</span> <span class='ocrx_word' id='word_1_223' title='bbox 2485 2545 2617 2576; x_wconf 87' lang='lat' dir='ltr'>nunc</span> <span class='ocrx_word' id='word_1_224' title='bbox 2689 2523 2698 2565; x_wconf 67' lang='grc' dir='ltr'>Ξ</span> 
     </span>
    </p>
   </div>
   <div class='ocr_carea' id='block_1_13' title="bbox 575 2616 2672 2960">
    <p class='ocr_par' dir='ltr' id='par_1_13' title="bbox 575 2616 2672 2960">
     <span class='ocr_line' id='line_1_22' title="bbox 575 2616 2615 2685; baseline 0.001 -19"><span class='ocrx_word' id='word_1_225' title='bbox 575 2627 820 2683; x_wconf 87' lang='lat' dir='ltr'>occupant</span> <span class='ocrx_word' id='word_1_226' title='bbox 869 2658 879 2667; x_wconf 93' lang='lat'>.</span> <span class='ocrx_word' id='word_1_227' title='bbox 930 2656 942 2668; x_wconf 85' lang='lat'><strong>.</strong></span> <span class='ocrx_word' id='word_1_228' title='bbox 991 2656 1003 2668; x_wconf 88' lang='lat'><strong>.</strong></span> <span class='ocrx_word' id='word_1_229' title='bbox 1050 2620 1321 2685; x_wconf 89' lang='lat' dir='ltr'>incipiente</span> <span class='ocrx_word' id='word_1_230' title='bbox 1369 2621 1422 2669; x_wconf 91' lang='lat' dir='ltr'>in</span> <span class='ocrx_word' id='word_1_231' title='bbox 1466 2619 1590 2669; x_wconf 81' lang='lat' dir='ltr'>festo</span> <span class='ocrx_word' id='word_1_232' title='bbox 1633 2616 1800 2668; x_wconf 63' lang='lat' dir='ltr'>sanai</span> <span class='ocrx_word' id='word_1_233' title='bbox 1842 2616 2053 2667; x_wconf 86' lang='lat' dir='ltr'>Martini</span> <span class='ocrx_word' id='word_1_234' title='bbox 2100 2619 2265 2667; x_wconf 89' lang='lat' dir='ltr'>datam</span> <span class='ocrx_word' id='word_1_235' title='bbox 2310 2620 2615 2683; x_wconf 89' lang='lat' dir='ltr'>presencium</span> 
     </span>
     <span class='ocr_line' id='line_1_23' title="bbox 575 2709 2616 2775; baseline 0.001 -18"><span class='ocrx_word' id='word_1_236' title='bbox 575 2710 856 2758; x_wconf 90' lang='lat' dir='ltr'>immediate</span> <span class='ocrx_word' id='word_1_237' title='bbox 900 2711 1135 2775; x_wconf 89' lang='lat' dir='ltr'>sequente</span> <span class='ocrx_word' id='word_1_238' title='bbox 1177 2742 1188 2753; x_wconf 91' lang='lat'><strong>·</strong></span> <span class='ocrx_word' id='word_1_239' title='bbox 1226 2711 1482 2762; x_wconf 89' lang='lat' dir='ltr'>Soluendo</span> <span class='ocrx_word' id='word_1_240' title='bbox 1527 2748 1539 2760; x_wconf 91' lang='lat'><strong>.</strong></span> <span class='ocrx_word' id='word_1_241' title='bbox 1596 2748 1608 2760; x_wconf 92' lang='lat'><strong>.</strong></span> <span class='ocrx_word' id='word_1_242' title='bbox 1658 2746 1670 2758; x_wconf 89' lang='lat'><em>.</em></span> <span class='ocrx_word' id='word_1_243' title='bbox 1719 2725 1812 2774; x_wconf 92' lang='lat' dir='ltr'>pro</span> <span class='ocrx_word' id='word_1_244' title='bbox 1846 2709 1990 2758; x_wconf 87' lang='lat' dir='ltr'>firma</span> <span class='ocrx_word' id='word_1_245' title='bbox 2023 2717 2269 2758; x_wconf 86' lang='lat' dir='ltr'>terrarum</span> <span class='ocrx_word' id='word_1_246' title='bbox 2309 2748 2321 2759; x_wconf 91' lang='lat'><strong>.</strong></span> <span class='ocrx_word' id='word_1_247' title='bbox 2366 2748 2377 2758; x_wconf 95' lang='lat'><strong>.</strong></span> <span class='ocrx_word' id='word_1_248' title='bbox 2422 2748 2433 2758; x_wconf 91' lang='lat'><strong>.</strong></span> <span class='ocrx_word' id='word_1_249' title='bbox 2477 2713 2616 2775; x_wconf 89' lang='lat' dir='ltr'>quin-</span> 
     </span>
     <span class='ocr_line' id='line_1_24' title="bbox 577 2800 2672 2867; baseline 0 -17"><span class='ocrx_word' id='word_1_250' title='bbox 577 2802 737 2850; x_wconf 86' lang='lat' dir='ltr'>decim</span> <span class='ocrx_word' id='word_1_251' title='bbox 777 2801 935 2850; x_wconf 85' lang='lat' dir='ltr'>bollas</span> <span class='ocrx_word' id='word_1_252' title='bbox 974 2802 1145 2850; x_wconf 90' lang='lat' dir='ltr'>mundi</span> <span class='ocrx_word' id='word_1_253' title='bbox 1184 2803 1299 2867; x_wconf 89' lang='lat' dir='ltr'>puri</span> <span class='ocrx_word' id='word_1_254' title='bbox 1343 2811 1394 2853; x_wconf 87' lang='lat' dir='ltr'>et</span> <span class='ocrx_word' id='word_1_255' title='bbox 1437 2801 1553 2852; x_wconf 87' lang='lat' dir='ltr'>ficei</span> <span class='ocrx_word' id='word_1_256' title='bbox 1593 2800 1828 2852; x_wconf 87' lang='lat' dir='ltr'>frumenti</span> <span class='ocrx_word' id='word_1_257' title='bbox 1869 2800 2095 2850; x_wconf 85' lang='lat' dir='ltr'>mensure</span> <span class='ocrx_word' id='word_1_258' title='bbox 2139 2801 2236 2850; x_wconf 79' lang='lat' dir='ltr'>fori</span> <span class='ocrx_word' id='word_1_259' title='bbox 2283 2804 2527 2851; x_wconf 88' lang='lat' dir='ltr'>currentis</span> <span class='ocrx_word' id='word_1_260' title='bbox 2567 2811 2616 2852; x_wconf 86' lang='lat' dir='ltr'>et</span> <span class='ocrx_word' id='word_1_261' title='bbox 2667 2827 2672 2832; x_wconf 93' lang='lat'><strong>·</strong></span> 
     </span>
     <span class='ocr_line' id='line_1_25' title="bbox 576 2892 2615 2960; baseline 0 -18"><span class='ocrx_word' id='word_1_262' title='bbox 576 2893 794 2958; x_wconf 89' lang='lat' dir='ltr'>quinque</span> <span class='ocrx_word' id='word_1_263' title='bbox 824 2892 975 2941; x_wconf 83' lang='lat' dir='ltr'>libras</span> <span class='ocrx_word' id='word_1_264' title='bbox 1017 2929 1029 2940; x_wconf 92' lang='lat'><strong><em>.</em></strong></span> <span class='ocrx_word' id='word_1_265' title='bbox 1070 2928 1084 2942; x_wconf 87' lang='lat'><strong>.</strong></span> <span class='ocrx_word' id='word_1_266' title='bbox 1128 2928 1140 2941; x_wconf 90' lang='lat'><strong>.</strong></span> <span class='ocrx_word' id='word_1_267' title='bbox 1181 2900 1379 2942; x_wconf 85' lang='lat' dir='ltr'>monete</span> <span class='ocrx_word' id='word_1_268' title='bbox 1421 2932 1431 2942; x_wconf 97' lang='lat'><strong><em>.</em></strong></span> <span class='ocrx_word' id='word_1_269' title='bbox 1474 2930 1484 2942; x_wconf 84' lang='lat'><strong>.</strong></span> <span class='ocrx_word' id='word_1_270' title='bbox 1525 2932 1534 2942; x_wconf 92' lang='lat'><strong>.</strong></span> <span class='ocrx_word' id='word_1_271' title='bbox 1578 2893 1752 2944; x_wconf 89' lang='lat' dir='ltr'>Scocie</span> <span class='ocrx_word' id='word_1_272' title='bbox 1798 2922 1809 2933; x_wconf 91' lang='lat'><strong>·</strong></span> <span class='ocrx_word' id='word_1_273' title='bbox 1847 2900 1898 2943; x_wconf 88' lang='lat' dir='ltr'>et</span> <span class='ocrx_word' id='word_1_274' title='bbox 1927 2909 2020 2959; x_wconf 91' lang='lat' dir='ltr'>pro</span> <span class='ocrx_word' id='word_1_275' title='bbox 2051 2893 2193 2942; x_wconf 86' lang='lat' dir='ltr'>firma</span> <span class='ocrx_word' id='word_1_276' title='bbox 2224 2893 2415 2943; x_wconf 82' lang='lat' dir='ltr'>brafine</span> <span class='ocrx_word' id='word_1_277' title='bbox 2442 2895 2615 2960; x_wconf 86' lang='lat' dir='ltr'>viginti</span> 
     </span>
    </p>
   </div>
   <div class='ocr_carea' id='block_1_14' title="bbox 543 2983 2614 3052">
    <p class='ocr_par' dir='ltr' id='par_1_14' title="bbox 543 2983 2614 3052">
     <span class='ocr_line' id='line_1_26' title="bbox 543 2983 2614 3052; baseline 0.001 -19"><span class='ocrx_word' id='word_1_278' title='bbox 543 2986 753 3034; x_wconf 73' lang='lat' dir='ltr'>‚solidos</span> <span class='ocrx_word' id='word_1_279' title='bbox 777 2983 992 3033; x_wconf 84' lang='lat' dir='ltr'>eiusdem</span> <span class='ocrx_word' id='word_1_280' title='bbox 1015 2991 1212 3033; x_wconf 90' lang='lat' dir='ltr'>monete</span> <span class='ocrx_word' id='word_1_281' title='bbox 1236 2985 1300 3033; x_wconf 86' lang='lat' dir='ltr'>ad</span> <span class='ocrx_word' id='word_1_282' title='bbox 1323 2985 1446 3033; x_wconf 86' lang='lat' dir='ltr'>duos</span> <span class='ocrx_word' id='word_1_283' title='bbox 1474 2985 1592 3034; x_wconf 88' lang='lat' dir='ltr'>anni</span> <span class='ocrx_word' id='word_1_284' title='bbox 1626 2985 1866 3034; x_wconf 87' lang='lat' dir='ltr'>terminos</span> <span class='ocrx_word' id='word_1_285' title='bbox 1902 3021 1915 3034; x_wconf 92' lang='lat'><strong>.</strong></span> <span class='ocrx_word' id='word_1_286' title='bbox 1954 3022 1966 3034; x_wconf 93' lang='lat'><strong>.</strong></span> <span class='ocrx_word' id='word_1_287' title='bbox 2009 3022 2019 3034; x_wconf 90' lang='lat'><em>.</em></span> <span class='ocrx_word' id='word_1_288' title='bbox 2056 2994 2108 3033; x_wconf 87' lang='lat' dir='ltr'>et</span> <span class='ocrx_word' id='word_1_289' title='bbox 2139 3001 2232 3049; x_wconf 88' lang='lat' dir='ltr'>pro</span> <span class='ocrx_word' id='word_1_290' title='bbox 2267 2986 2471 3035; x_wconf 83' lang='lat' dir='ltr'>decimis</span> <span class='ocrx_word' id='word_1_291' title='bbox 2505 3002 2614 3052; x_wconf 76' lang='lat' dir='ltr'>gar—</span> 
     </span>
    </p>
   </div>
   <div class='ocr_carea' id='block_1_15' title="bbox 573 3075 2612 3232">
    <p class='ocr_par' dir='ltr' id='par_1_15' title="bbox 573 3075 2612 3232">
     <span class='ocr_line' id='line_1_27' title="bbox 573 3075 2612 3141; baseline 0 -15"><span class='ocrx_word' id='word_1_292' title='bbox 573 3077 764 3126; x_wconf 88' lang='lat' dir='ltr'>balibus</span> <span class='ocrx_word' id='word_1_293' title='bbox 813 3113 825 3124; x_wconf 90' lang='lat'><em>.</em></span> <span class='ocrx_word' id='word_1_294' title='bbox 876 3112 887 3124; x_wconf 93' lang='lat'><strong>.</strong></span> <span class='ocrx_word' id='word_1_295' title='bbox 939 3112 951 3124; x_wconf 92' lang='lat'><strong>.</strong></span> <span class='ocrx_word' id='word_1_296' title='bbox 999 3082 1212 3140; x_wconf 84' lang='lat' dir='ltr'>quatuor</span> <span class='ocrx_word' id='word_1_297' title='bbox 1242 3075 1399 3124; x_wconf 88' lang='lat' dir='ltr'>bollas</span> <span class='ocrx_word' id='word_1_298' title='bbox 1433 3076 1606 3125; x_wconf 90' lang='lat' dir='ltr'>mundi</span> <span class='ocrx_word' id='word_1_299' title='bbox 1639 3076 1754 3141; x_wconf 89' lang='lat' dir='ltr'>puri</span> <span class='ocrx_word' id='word_1_300' title='bbox 1785 3084 1836 3125; x_wconf 84' lang='lat' dir='ltr'>et</span> <span class='ocrx_word' id='word_1_301' title='bbox 1869 3075 1985 3126; x_wconf 87' lang='lat' dir='ltr'>ficei</span> <span class='ocrx_word' id='word_1_302' title='bbox 2018 3075 2252 3125; x_wconf 85' lang='lat' dir='ltr'>frumenti</span> <span class='ocrx_word' id='word_1_303' title='bbox 2289 3092 2401 3125; x_wconf 90' lang='lat' dir='ltr'>cum</span> <span class='ocrx_word' id='word_1_304' title='bbox 2435 3093 2612 3127; x_wconf 88' lang='lat' dir='ltr'>nouem</span> 
     </span>
     <span class='ocr_line' id='line_1_28' title="bbox 573 3165 2609 3232; baseline -0.001 -13"><span class='ocrx_word' id='word_1_305' title='bbox 573 3168 717 3219; x_wconf 88' lang='lat' dir='ltr'>bollis</span> <span class='ocrx_word' id='word_1_306' title='bbox 763 3167 900 3216; x_wconf 89' lang='lat' dir='ltr'>ordei</span> <span class='ocrx_word' id='word_1_307' title='bbox 945 3175 994 3216; x_wconf 87' lang='lat' dir='ltr'>et</span> <span class='ocrx_word' id='word_1_308' title='bbox 1038 3183 1218 3216; x_wconf 89' lang='lat' dir='ltr'>nouem</span> <span class='ocrx_word' id='word_1_309' title='bbox 1264 3165 1408 3215; x_wconf 78' lang='lat' dir='ltr'>bouis</span> <span class='ocrx_word' id='word_1_310' title='bbox 1451 3167 1636 3217; x_wconf 88' lang='lat' dir='ltr'>farrine</span> <span class='ocrx_word' id='word_1_311' title='bbox 1682 3168 1943 3218; x_wconf 84' lang='lat' dir='ltr'>auenatice</span> <span class='ocrx_word' id='word_1_312' title='bbox 1999 3168 2226 3218; x_wconf 85' lang='lat' dir='ltr'>mensure</span> <span class='ocrx_word' id='word_1_313' title='bbox 2279 3168 2497 3232; x_wconf 59' lang='lat' dir='ltr'>mediae</span> <span class='ocrx_word' id='word_1_314' title='bbox 2549 3170 2609 3218; x_wconf 84' lang='lat' dir='ltr'>ad</span> 
     </span>
    </p>
   </div>
  </div>
 </body>
</html>
