2762 3834
450 2067 540 2110 155

596 383 689 432 136
1038 371 1460 429 BEGISTRUM
1494 370 1590 420 DE
1625 364 2184 418 ABERBROTHOC.

593 516 949 579 imperpetuum
975 517 1024 559 et
1053 508 1343 574 capiendum
1382 543 1392 554 .
1429 539 1440 550 .
1478 542 1486 550 .
1524 501 1588 550 ad
1611 502 1734 549 duos
1769 499 1887 547 anni
1923 498 2161 547 terminos
2187 497 2373 547 vsuales
2411 538 2419 546 .
2465 537 2474 546 .
2516 535 2528 546 .
2572 496 2631 545 In

594 605 730 653 cuius
754 604 826 652 rei
851 599 1178 651 testimonium
1207 596 1415 660 sigillum
1450 609 1613 641 meum
1647 591 1772 640 huic
1801 629 1812 638 .
1849 627 1859 638 .
1897 628 1907 638 .
1945 587 2081 639 carte
2105 604 2214 639 mee
2237 589 2309 639 est
2332 589 2598 655 appensum
2623 616 2633 625 ·

594 706 642 745 et
665 702 866 759 propter
888 691 1122 739 maiorem
1148 685 1455 736 euidenciam
1491 683 1700 748 figillum
1736 698 1996 733 commune
2039 723 2047 731 .
2092 722 2100 730 .
2145 722 2154 732 .
2196 683 2341 748 burgi
2366 683 2428 731 de
2452 682 2634 731 Abbir-

592 788 687 836 den
722 802 819 850 quo
859 784 1008 832 vtitur
1042 781 1107 830 ad
1141 778 1308 828 causas
1351 817 1359 826 .
1404 816 1413 825 .
1456 815 1466 825 .
1509 776 1692 840 apponi
1727 775 1996 840 procuraui
2032 775 2164 840 apud
2201 775 2383 823 ᾶὶᾶιιω
2421 775 2633 838 burgum

591 883 762 925 octauo
786 876 867 924 die
889 873 1066 922 mensis
1089 871 1125 921 J
1127 870 1232 920 unii
1256 885 1386 919 anno
1411 866 1618 916 Domini
1642 866 1898 915 millefimo
1935 871 2071 915 cccc⁰
2092 865 2386 931 sexagefimo
2421 872 2597 929 quarto
2623 892 2633 902 ·

591 968 791 1016 testibus
815 965 1031 1014 Ricardo
1057 963 1118 1011 de
1144 960 1345 1026 Kyntor
1379 957 1626 1023 preposito
1665 985 1675 995 ·
1712 957 1920 1025 Andrea
1955 956 2219 1023 Meingnes
2259 986 2270 997 ·
2308 956 2542 1006 Johanne
2574 957 2635 1004 de

592 1058 704 1107 Mar
742 1086 750 1095 ·
783 1056 988 1104 Andrea
1010 1053 1161 1102 Alani
1197 1079 1207 1090 ·
1243 1051 1455 1100 dominis
1480 1058 1529 1099 et
1552 1050 1799 1115 magistris
1822 1049 2050 1099 Waltero
2076 1049 2195 1099 Ydil
2221 1050 2461 1099 canonico
2485 1049 2633 1097 Abir-

592 1149 788 1198 donenfi
820 1174 830 1185 ·
861 1147 897 1195 J
899 1146 1092 1195 ohanne
1120 1143 1274 1195 Clerk
1294 1145 1485 1192 refflmre
1510 1143 1572 1190 de
1596 1142 1741 1207 Logy
1772 1169 1782 1178 -
1813 1140 2102 1191 Alexandro
2125 1141 2423 1190 Thorntoun
2450 1141 2635 1190 vicario

592 1242 651 1288 de
689 1240 807 1305 Nyg
843 1266 854 1276 ·
890 1238 925 1286 J
928 1238 1122 1286 ohanne
1164 1237 1226 1284 de
1262 1235 1466 1300 Kyntor
1501 1250 1599 1282 vno
1639 1232 1938 1281 balliuorum
1986 1250 2045 1282 ac
2093 1233 2266 1282 datore
2312 1232 2481 1281 saifine
2519 1232 2634 1280 diai

591 1332 741 1381 annui
766 1330 987 1379 redditus
1012 1358 1022 1368 ·
1049 1328 1278 1378 Gilberto
1304 1327 1365 1375 de
1391 1326 1594 1392 Kyntor
1631 1355 1641 1364 ·
1682 1324 1854 1374 Dauid
1890 1324 2061 1374 Blabir
2101 1357 2111 1366 ·
2150 1323 2370 1390 Angufio
2395 1324 2633 1373 Lilburn·

591 1422 910 1488 burgensibus
932 1449 942 1459 ·
968 1428 1019 1469 et
1042 1419 1241 1468 domino
1266 1418 1488 1467 Roberto
1513 1416 1629 1466 Leis
1665 1416 1922 1483 capellano
1947 1425 1997 1466 et
2031 1417 2228 1467 notario
2262 1416 2462 1482 publico
2488 1443 2498 1455 ·
2525 1432 2636 1464 cum

591 1516 757 1565 multis
779 1514 889 1564 aliis
920 1541 931 1551 ·
964 1530 1074 1562 cum
1100 1511 1391 1561 Alexandro
1416 1510 1478 1559 de
1506 1508 1720 1559 Camera
1743 1538 1753 1549 ·
1778 1508 2071 1559 Alexandro
2106 1508 2371 1576 Blyndsele
2396 1538 2406 1547 ·
2433 1508 2638 1557 Andrea

596 1608 806 1658 Scherer
831 1636 841 1645 ·
868 1614 918 1656 et
940 1605 975 1654 J
978 1605 1172 1654 ohanne
1196 1602 1394 1652 Knollis
1420 1631 1430 1640 ·
1455 1601 1789 1667 burgensibus.

594 1860 765 1931 Carta
792 1877 984 1944 [sasme]
1009 1877 1226 1941 quinque
1249 1875 1489 1924 librarum
1514 1874 1667 1922 annui
1691 1872 1915 1922 redditus
1937 1872 1990 1920 in
2014 1873 2173 1937 burgo
2195 1874 2254 1920 de
2279 1869 2552 1920 Abbirden.

595 2037 665 2109 In
691 2059 791 2108 Dei
814 2058 1011 2107 nomine
1036 2074 1178 2105 amen
1203 2084 1213 2095 ·
1241 2055 1338 2104 Per
1362 2054 1457 2103 hoc
1490 2093 1498 2102 .
1534 2093 1543 2102 .
1577 2092 1587 2101 .
1620 2058 1789 2117 pateat
1821 2090 1831 2100 .
1869 2090 1878 2099 .
1915 2089 1925 2100 .
1962 2050 2098 2115 quod
2118 2065 2250 2099 anno
2275 2048 2638 2098 incarnacionis

594 2151 838 2199 dominice
895 2149 1148 2198 millefimo
1195 2145 1681 2212 quadringentesimo
1726 2142 2021 2209 scxagefimo
2074 2149 2252 2207 quarto
2298 2140 2474 2191 menfis
2521 2157 2637 2189 vero

594 2244 731 2292 Junii
756 2243 836 2292 die
861 2243 1036 2290 o&aua
1060 2270 1070 2280 ·
1096 2240 1364 2289 indictione
1389 2239 1480 2287 xii*
1503 2265 1514 2276 ·
1537 2236 1854 2303 pontificatus
1890 2275 1900 2285 .
1938 2275 1947 2285 .
1986 2275 1996 2284 .
2033 2234 2113 2283 Pii
2149 2274 2158 2283 .
2193 2274 2203 2283 .
2239 2274 2249 2283 .
2285 2251 2413 2299 pape
2437 2232 2637 2283 secundi

596 2352 725 2383 anno
763 2333 898 2382 sexto
940 2372 949 2380 .
993 2371 1001 2380 .
1045 2371 1054 2379 .
1097 2330 1373 2380 Malcomus
1415 2329 1567 2379 abbas
1608 2369 1617 2378 .
1661 2369 1670 2379 .
1713 2368 1723 2378 .
1760 2328 1829 2378 de
1862 2326 2199 2376 Abirbrothoc
2234 2342 2295 2375 ex
2331 2325 2478 2375 certis
2521 2364 2529 2372 .
2573 2363 2582 2372 .
2626 2363 2635 2371 .

597 2427 748 2475 causis
785 2464 793 2473 .
831 2464 840 2473 .
878 2464 887 2473 .
921 2423 1168 2488 quandam
1192 2430 1375 2472 terram
1398 2421 1434 2471 J
1437 2421 1645 2471 ohannis
1669 2421 1732 2471 de
1754 2419 1842 2470 Fif
1858 2417 2113 2485 burgenfis
2149 2457 2159 2466 .
2196 2457 2206 2467 .
2245 2457 2254 2467 .
2290 2418 2353 2466 de
2377 2416 2638 2466 Abbirden

601 2519 839 2566 iacentem
874 2516 927 2563 in
952 2515 1081 2563 Vico
1109 2514 1272 2564 Castri
1313 2553 1321 2562 .
1366 2553 1375 2562 .
1418 2553 1427 2563 .
1470 2531 1530 2563 ex
1563 2512 1742 2563 boriali
1764 2518 1908 2578 parte
1934 2510 2148 2560 eiusdem
2172 2509 2271 2559 vici
2298 2509 2430 2558 inter
2453 2517 2638 2558 terram

600 2608 805 2657 Patricii
841 2606 1125 2656 Baidenach
1149 2623 1210 2654 ex
1234 2605 1465 2655 orientali
1501 2613 1644 2670 parte
1681 2645 1690 2655 .
1727 2645 1736 2654 .
1775 2612 1873 2654 ..et
1895 2612 2087 2654 terram
2103 2603 2226 2652 diai
2248 2601 2497 2651 «Iohannis
2532 2640 2542 2649 .
2579 2640 2589 2650 .
2626 2640 2635 2648 .

603 2718 663 2749 ex
704 2699 999 2748 occidentali
1041 2735 1053 2746 .
1097 2734 1109 2746 .
1154 2735 1166 2746 .
1203 2697 1258 2746 in
1297 2698 1522 2747 manibus
1560 2698 1658 2747 suis
1695 2705 1934 2763 tanquam
1977 2695 2165 2745 domini
2207 2694 2469 2760 superioris
2513 2730 2524 2742 .
2569 2730 2579 2741 .
2624 2730 2635 2740 .

603 2791 894 2856 recognouit
936 2817 945 2826 ·
989 2789 1335 2853 quamquidem
1379 2790 1779 2854 recognicionem
1812 2817 1834 2839 -.
1878 2827 1890 2838 .
1936 2826 1948 2838 .
1991 2789 2175 2838 virtute
2214 2787 2468 2837 cuiuidam
2511 2824 2523 2836 .
2568 2822 2580 2834 .
2623 2822 2635 2833 .

605 2884 882 2932 contractus
933 2917 944 2928 .
995 2916 1007 2928 .
1057 2917 1068 2927 .
1115 2879 1245 2928 inter
1293 2915 1305 2927 .
1355 2915 1368 2927 .
1418 2916 1429 2927 .
1477 2880 1704 2930 abbatem
1745 2889 1797 2930 et
1833 2880 2116 2930 ,Iohannem
2157 2879 2220 2928 de
2257 2878 2362 2944 Fyf
2397 2894 2493 2927 vna
2528 2893 2637 2926 cum

605 2973 831 3024 Ranaldo
858 2971 1029 3022 Chene
1054 2970 1224 3019 vltimo
1247 2968 1500 3035 poffefl'ore
1524 2971 1667 3020 vnius
1701 2972 1854 3021 annui
1887 2971 2111 3021 redditus
2146 2972 2344 3020 centum
2366 2969 2637 3019 solidorum

606 3066 692 3115 fibi
727 3063 879 3113 debiti
918 3063 979 3111 de
1016 3061 1303 3126 supradictis
1339 3061 1487 3110 terris
1523 3098 1536 3110 .
1575 3099 1586 3109 .
1625 3100 1637 3111 .
1673 3069 1724 3111 et
1754 3063 1983 3112 maxime·
2005 3071 2211 3128 propter
2242 3062 2635 3126 redempcionem

607 3155 819 3206 eiusdem
857 3191 868 3203 .
908 3190 919 3202 .
959 3190 973 3203 .
1007 3152 1230 3202 redditus
1253 3152 1428 3201 fa&am
1453 3168 1542 3217 per
1573 3190 1584 3201 .
1621 3190 1632 3201 .
1665 3190 1677 3201 .
1709 3154 1934 3203 abbatem
1958 3155 2019 3204 de
2041 3154 2270 3204 manibus
2292 3154 2411 3203 diai
2430 3151 2637 3203 Ranaldi
