2762 3834
139 607 470 690 Aichmuthy
497 632 672 689 quarta
694 642 810 689 pars
836 624 1080 673 affedatur
1110 626 1328 692 Symony
1354 627 1531 694 Fethy.

582 398 1010 450 REGISTRUM
1044 399 1141 448 DE
1177 400 1731 454 ABERBROTHOC.
2089 410 2182 463 377

21 731 25 759 Ι

20 767 89 989 172
139 789 265 863 Nos
293 809 542 874 Georgius
578 847 587 857 .
627 846 637 856 .
677 847 686 857 .
722 809 872 857 abbas
903 846 914 857 .
953 847 962 856 .
1001 847 1009 855 .
1045 809 1107 857 de
1135 808 1356 858 Arbroth
1389 850 1397 858 .
1437 849 1446 858 .
1485 850 1494 859 .
1532 812 1799 861 affedamus
1837 852 1846 861 .
1884 851 1895 862 .
1935 852 1942 860 .
1984 812 2189 879 Symoni

138 903 298 968 Fethy
323 910 372 951 et
396 902 613 950 Mariote
645 901 815 966 sponse
851 901 933 949 sue
968 902 1206 949 moderne
1246 939 1256 948 .
1303 940 1313 950 .
1358 943 1365 951 .
1411 913 1634 966 quartam
1667 912 1856 969 partem
1884 906 1999 954 ville
2024 906 2187 955 nostre

23 988 26 1049 ἓ
138 997 198 1045 de
222 994 530 1060 Aichmuthy
571 1032 580 1041 .
626 1032 636 1042 .
681 1033 690 1042 .
733 1011 825 1058 pro
858 1001 962 1042 toto
987 1001 1210 1058 tempore
1237 994 1335 1043 vite
1374 1032 1384 1042 .
1423 1034 1432 1044 .
1471 1035 1480 1044 .
1519 1014 1612 1060 que
1638 1005 1814 1061 quarta
1842 1015 1957 1062 pars
1981 1006 2187 1048 vocatur

24 1058 27 1146 ἔ
143 1087 416 1138 Schawddo
451 1114 462 1124 ·
503 1085 755 1135 Soluendo
793 1124 804 1133 .
843 1123 853 1133 .
890 1124 899 1133 .
936 1093 1036 1133 tres
1060 1085 1212 1134 libras
1252 1123 1262 1133 .
1299 1124 1309 1134 .
1344 1126 1353 1135 .
1391 1096 1587 1136 monete
1616 1087 1788 1138 Scocie
1813 1090 1876 1138 ad
1916 1127 1927 1138 .
1967 1128 1978 1138 .
2017 1128 2028 1139 .
2066 1090 2187 1138 festa

141 1217 152 1227 .
193 1217 204 1227 .
246 1217 256 1227 .
303 1178 655 1227 Penthecostes
680 1184 729 1226 et
757 1176 922 1226 Sanffi
958 1176 1169 1225 Martini
1209 1216 1219 1226 .
1261 1216 1272 1226 .
1316 1216 1326 1227 .
1364 1196 1475 1227 cum
1500 1190 1725 1245 rynmart
1750 1189 1799 1230 et
1820 1181 2184 1231 husbandorum

139 1271 367 1320 oneribus
405 1308 417 1319 .
458 1308 469 1319 .
509 1309 519 1318 .
564 1270 774 1335 Insuper
815 1269 1076 1319 inuenient
1119 1310 1128 1318 .
1174 1307 1185 1318 .
1232 1307 1242 1317 .
1288 1271 1542 1320 annuatim
1590 1272 1856 1337 sumptibus
1902 1274 1996 1322 suis
2038 1292 2184 1323 vnam

26 1364 29 1414 l
140 1364 363 1428 cymbam
397 1380 489 1427 pro
525 1362 796 1427 piscatione
837 1363 966 1411 bene
1004 1371 1321 1427 preparatam
1361 1380 1471 1411 cum
1512 1363 1791 1413 hominibus
1831 1373 1879 1414 et
1919 1403 1929 1414 .
1972 1403 1983 1413 .
2024 1405 2041 1431 ·‚
2077 1367 2185 1414 aliis

27 1448 31 1519 ἰ
139 1455 415 1504 necessariis
452 1492 464 1503 .
505 1492 516 1503 .
555 1492 566 1502 .
603 1454 746 1503 nobis
784 1492 795 1503 .
836 1492 847 1503 .
887 1492 899 1503 .
937 1454 1004 1504 Et
1037 1455 1070 1503 fi
1110 1494 1119 1503 .
1158 1495 1166 1503 .
1213 1495 1220 1503 .
1261 1455 1314 1503 in
1349 1455 1598 1504 solucione
1634 1457 1815 1505 summe
1849 1457 2067 1521 predifioe
2103 1466 2187 1506 aut

139 1548 191 1596 in
213 1547 570 1612 preparacione
596 1547 771 1612 cymbe
796 1547 927 1596 tardi
952 1547 1138 1596 fuerint
1173 1583 1182 1594 .
1217 1585 1233 1596 ..
1272 1585 1283 1595 .
1323 1554 1408 1596 aut
1443 1548 1662 1597 iniuriofi
1698 1549 1839 1597 nobis
1875 1586 1885 1597 .
1926 1586 1937 1596 .
1977 1586 1988 1597 .
2020 1550 2189 1599 licebit

143 1640 283 1690 nobis
309 1679 318 1688 .
346 1680 355 1689 .
382 1678 393 1689 .
419 1640 481 1688 de
511 1679 520 1689 .
559 1679 568 1689 .
607 1679 615 1688 .
643 1647 821 1704 quarta
844 1646 987 1704 parte
1014 1639 1272 1703 disponere
1310 1681 1318 1690 .
1356 1681 1364 1690 .
1403 1681 1412 1689 .
1449 1640 1636 1690 Datum
1665 1631 1685 1689 ‚⁴
1705 1679 1715 1689 .
1745 1679 1755 1689 .
1783 1641 1887 1690 viii⁰
1910 1642 1990 1691 die
2013 1642 2187 1690 menfis

141 1732 175 1781 J
177 1731 369 1782 anuarii
392 1749 524 1780 anno
549 1731 758 1780 Domini
782 1738 849 1779 m⁰
868 1731 1106 1797 quingen⁰
1131 1736 1321 1781 ostano·

144 1986 476 2071 Aichmuthy
502 2006 696 2055 brafina
719 2006 963 2055 affedatur
987 2005 1238 2055 Duncano
1266 2005 1384 2056 Scot
1410 2014 1459 2056 et
1482 2007 1738 2073 Margrcte
1763 2007 1876 2074 Lyn
1899 2008 2068 2072 sponse
2093 2008 2188 2056 sue.

148 2228 158 2238 .
204 2229 214 2239 .
262 2230 272 2240 .
319 2191 496 2240 Pateat
537 2230 546 2239 .
597 2230 606 2239 .
656 2229 666 2239 .
704 2206 796 2237 nos
823 2189 961 2239 Geor
997 2188 1099 2238 ium
1143 2226 1154 2238 .
1197 2226 1208 2236 .
1251 2226 1261 2236 .
1312 2190 1538 2239 abbatem
1575 2229 1584 2238 .
1626 2229 1634 2237 .
1678 2229 1687 2238 .
1725 2190 1787 2239 de
1819 2189 2042 2238 Arbroth
2083 2228 2091 2237 .
2133 2227 2142 2236 .
2182 2227 2190 2234 .

35 2228 103 2281 &73
150 2281 369 2331 affedaffe
406 2322 416 2332 .
460 2321 469 2331 .
513 2319 525 2331 .
567 2281 818 2331 Duncano
846 2206 1039 2331 Scotget
1063 2280 1321 2346 Margrete
1344 2281 1456 2347 Lyn
1492 2281 1661 2345 sponse
1693 2281 1774 2329 sue
1809 2281 2045 2329 moderne
2077 2318 2086 2328 .
2127 2320 2135 2328 .
2180 2318 2189 2327 .

150 2373 390 2425 brafinam
413 2374 630 2424 nostram
656 2374 717 2422 de
742 2373 1052 2439 Aichmuthy
1078 2413 1088 2422 .
1122 2411 1134 2422 .
1171 2411 1181 2421 .
1209 2390 1299 2438 pro
1324 2381 1429 2423 toto
1454 2380 1676 2437 tempore
1701 2372 1801 2422 vite
1827 2412 1835 2421 .
1862 2410 1872 2420 .
1901 2410 1911 2420 .
1941 2371 2189 2421 Soluendo

154 2500 166 2512 .
193 2503 203 2513 .
232 2503 243 2514 .
278 2466 540 2516 tresdecim
563 2466 742 2514 solidos
767 2472 817 2514 et
841 2473 1054 2530 quatuor
1079 2465 1309 2513 denarios
1346 2502 1356 2512 .
1400 2500 1413 2512 .
1453 2501 1464 2512 .
1499 2471 1695 2512 monete
1727 2500 1738 2511 .
1775 2500 1785 2511 .
1821 2501 1831 2512 .
1869 2462 2042 2512 Scocie
2080 2501 2089 2511 .
2129 2501 2137 2510 .
2179 2500 2188 2509 .

154 2558 212 2605 ad
245 2558 481 2607 terminos
518 2558 775 2607 consuetos
810 2586 820 2596 ·
859 2556 1067 2621 Insuper
1107 2556 1219 2622 [etc.
1245 2564 1300 2606 ut
1331 2557 1475 2621 supra
1511 2556 1606 2604 No.
1632 2554 1766 2620 472]
1810 2593 1821 2603 .
1863 2594 1872 2604 .
1913 2593 1923 2603 .
1967 2554 2189 2620 Sigillum

108 2680 112 2684 -
155 2684 167 2695 .
193 2686 204 2698 .
229 2688 238 2697 .
263 2650 467 2714 capituli
501 2686 512 2698 .
541 2687 552 2699 .
580 2688 590 2699 .
622 2649 931 2714 presentibus
956 2648 1026 2698 est
1051 2649 1319 2714 appensum
1344 2665 1475 2697 anno
1499 2647 1705 2697 Domini
1728 2653 1796 2698 m·
1819 2648 2056 2712 quingen⁰
2074 2646 2191 2695 viii0.

155 2901 484 2990 Aichmuthy
504 2931 683 2988 quarta
699 2941 816 2989 pars
835 2924 1080 2976 afl'edatur
1098 2923 1348 2972 Duncano
1367 2922 1528 2987 Fethy
1549 2929 1598 2970 et
1622 2921 1877 2986 Margrete
1900 2921 2069 2986 sponse
2095 2919 2190 2967 sue.

46 3135 76 3189 :7
83 3144 110 3187 4
157 3081 282 3155 Nos
308 3107 555 3174 Georgius
602 3148 613 3158 .
663 3147 674 3159 .
717 3147 728 3157 .
777 3109 926 3157 abbas
962 3146 972 3156 .
1015 3145 1026 3156 .
1070 3146 1079 3155 .
1125 3107 1187 3155 de
1214 3104 1524 3154 Abbirbroth
1566 3142 1576 3152 .
1627 3142 1635 3151 .
1686 3140 1696 3150 .
1744 3102 2011 3150 affedamus
2061 3137 2071 3147 .
2121 3138 2130 3146 .
2183 3135 2193 3145 .

159 3195 401 3248 Duncano
425 3199 587 3266 Fethy
613 3207 662 3249 et
700 3200 958 3266 Margretc
997 3197 1166 3263 sponse
1206 3198 1289 3246 sue
1321 3197 1558 3245 moderne
1601 3233 1610 3243 .
1653 3231 1663 3242 .
1708 3232 1718 3241 .
1755 3199 1979 3257 quartam
2003 3197 2191 3255 partem

1098 3293 1129 3336 3
1154 3305 1182 3336 B
