2762 3834
609 370 1035 420 REGISTRUM
1068 370 1165 419 DE
1203 369 1761 420 ABERBROTHOC.
2106 370 2203 423 269

162 506 400 578 Balfeith
426 534 474 573 et
499 526 836 575 molendinum
862 529 922 576 de
947 528 1174 578 Conveth
1198 530 1251 577 in
1275 530 1481 578 baronia
1506 531 1567 578 de
1592 529 1814 578 Redehal
1837 527 2108 591 inquificio.

24 697 111 745 332
161 662 293 736 Heo
330 683 587 746 inquisicio
631 684 760 732 faaa
797 686 928 748 apud
965 685 1227 735 Whitelaw
1269 689 1330 736 de
1372 687 1557 737 Futhes
1599 704 1763 735 coram
1814 725 1823 734 .
1875 725 1885 734 .
1936 724 1945 734 .
2000 684 2198 732 domino

16 766 19 800 ἑ
161 775 411 824 Willelmo
438 775 615 823 comite
640 774 875 823 Marscall
899 793 956 824 ac
984 777 1270 826 vicecomite
1296 779 1356 827 de
1382 778 1677 843 Kyncardin
1702 776 1929 826 vicesimo
1961 793 2092 824 nono
2118 775 2197 823 die

159 866 332 916 menfis
355 867 390 915 J
396 867 481 914 ulu
505 884 636 915 anno
662 867 868 915 Domini
893 867 1144 916 millesimo
1171 869 1652 934 quadringentesimo
1687 868 2002 932 nonogesimo
2036 867 2197 932 primo

159 976 246 1024 per
281 995 292 1006 .
329 998 338 1007 .
362 953 386 1007 ’.
423 958 458 1006 J
461 958 706 1006 ohannem
730 958 961 1006 Auchlek
986 960 1047 1007 de
1069 959 1239 1008 eodem
1265 962 1470 1010 militem
1494 991 1503 1000 ·
1529 962 1800 1010 Robertum
1823 960 2111 1008 Arbuthnot
2135 959 2196 1006 de

160 1051 330 1099 eodem
356 1079 366 1088 ·
390 1050 425 1099 J
428 1051 672 1099 ohannem
691 1050 922 1098 Allerdes
947 1052 1007 1098 de
1033 1053 1205 1099 eodem
1230 1080 1239 1092 ·
1268 1053 1610 1101 Alexandrum
1634 1053 1879 1101 Falconar
1898 1052 1958 1099 de
1978 1050 2197 1115 Halkyr-

160 1152 272 1193 tone
299 1172 309 1183 ·
334 1143 504 1192 Dauid
530 1144 645 1192 Rait
670 1143 730 1190 de
756 1142 1075 1206 Drumnager
1107 1171 1117 1181 ·
1143 1144 1419 1192 Walterum
1458 1144 1652 1209 Byss'ate
1677 1145 1737 1191 de
1763 1143 1972 1208 Kynnef
1992 1173 2002 1183 ·
2027 1142 2197 1190 Dauid

161 1235 512 1300 Strathaquhin
539 1237 599 1284 de
626 1235 920 1284 Thorntone
945 1264 954 1274 ·
982 1236 1324 1284 Archbaldum
1355 1236 1471 1284 Rait
1496 1237 1556 1284 de
1582 1234 1860 1284 Drumtoeffi
1885 1263 1896 1273 ·
1922 1234 2195 1282 Robertum

160 1328 274 1378 Rait
317 1357 326 1367 ·
366 1329 649 1377 Johannem
687 1326 974 1391 Mailveyne
1018 1354 1028 1365 ·
1074 1327 1359 1391 Georgeum
1391 1328 1534 1392 Lessy
1560 1328 1620 1376 de
1646 1328 1949 1376 Petnamone
1993 1357 2002 1367 ·
2044 1325 2195 1374 Alex-

159 1421 362 1469 andrum
393 1420 644 1469 Grahame
669 1447 679 1457 ·
704 1418 1045 1466 Alexandrum
1072 1417 1282 1483 Ramsay
1308 1420 1368 1467 de
1394 1419 1724 1467 Kantirlande
1757 1447 1768 1457 ·
1801 1418 1971 1466 Dauid
1994 1416 2196 1465 Middil-

25 1579 26 1583 ,
159 1519 271 1561 tone
296 1540 306 1550 ·
330 1512 605 1560 Robertum
629 1510 920 1558 Arbuthnot
945 1537 954 1546 -
980 1508 1283 1572 Stephanum
1320 1508 1677 1572 Strathaquhin
1711 1510 1770 1557 de
1795 1509 2087 1574 Dulyvarde
2111 1534 2121 1545 ·
2147 1516 2195 1556 et

100 1596 104 1600 ⁸
158 1603 324 1653 Dauid
360 1604 540 1653 Bercla
581 1632 591 1642 ·
634 1603 735 1661 Qui
771 1602 916 1650 iurati
956 1602 1128 1650 dicunt
1163 1596 1295 1664 quod
1320 1601 1809 1664 quondam-‚Iacobus
1834 1600 2109 1648 KVischarte
2134 1599 2194 1646 de

159 1695 401 1746 Pettarow
434 1704 576 1760 pater
612 1694 858 1744 Johannis
885 1693 1134 1742 Wischart
1170 1693 1340 1742 latoris
1375 1695 1681 1758 presencium
1718 1694 1839 1742 obiit
1875 1732 1884 1741 .
1922 1732 1931 1741 .
1969 1732 1978 1741 .
2015 1690 2196 1740 saifitus

209 1827 218 1836 .
261 1827 270 1836 .
313 1788 373 1836 de
415 1827 424 1836 .
467 1827 476 1836 .
517 1827 526 1835 .
567 1787 711 1836 terris
737 1787 797 1834 de
823 1785 1114 1834 Pettarowis
1153 1824 1163 1834 .
1201 1824 1211 1834 .
1250 1825 1259 1835 .
1300 1786 1446 1835 terris
1466 1786 1532 1834 de
1561 1785 1880 1849 Cardinbegy
1915 1824 1922 1833 .
1961 1824 1970 1832 .
2008 1824 2017 1832 .
2052 1784 2195 1831 terris

160 1880 217 1928 de
255 1879 477 1928 Redehal
518 1919 528 1928 .
572 1918 581 1928 .
620 1918 629 1928 .
673 1878 818 1926 terris
860 1878 921 1925 de
958 1877 1244 1926 molendino
1286 1879 1347 1926 de
1392 1878 1619 1928 Conveth
1659 1918 1667 1926 .
1709 1918 1718 1926 .
1759 1917 1768 1926 .
1809 1886 1857 1926 et
1896 1914 1904 1922 .
1947 1914 1955 1922 .
1998 1913 2007 1923 .
2051 1875 2195 1924 terris

161 1972 219 2020 de
254 1970 627 2036 Auchinyortht
675 2010 684 2019 .
733 2009 742 2018 .
793 2009 802 2018 .
850 1969 1125 2018 iacentibus
1165 1969 1297 2018 infra
1326 1970 1721 2019 vicecomitatum
1761 1970 1821 2017 de
1862 1968 2154 2034 Kyncardin
2184 1996 2194 2006 ·

162 2070 208 2111 et
247 2064 378 2127 quod
423 2102 433 2112 .
477 2103 486 2112 .
529 2103 538 2112 .
582 2063 840 2111 Johannes
879 2100 888 2110 .
927 2100 936 2110 .
980 2100 988 2109 .
1033 2059 1102 2108 est
1142 2061 1414 2127 legittimus
1459 2102 1468 2110 .
1518 2102 1527 2110 .
1574 2102 1583 2110 .
1628 2062 1770 2110 heres
1807 2061 2021 2110 eiusdem
2065 2099 2073 2108 .
2123 2097 2133 2107 .
2183 2096 2193 2106 .

159 2154 333 2204 Jacobi
368 2193 378 2203 .
421 2195 430 2204 .
475 2194 484 2203 .
521 2156 583 2204 de
609 2154 749 2203 diais
774 2154 919 2202 terris
959 2192 968 2201 .
1009 2192 1018 2200 .
1058 2192 1069 2202 .
1109 2160 1158 2201 et
1183 2154 1254 2201 est
1277 2153 1518 2218 legittime
1544 2153 1686 2201 etatis
1727 2181 1736 2191 ·
1778 2159 1827 2200 et
1851 2152 1983 2215 quod
2005 2150 2194 2215 prefate

161 2253 287 2295 terre
311 2248 372 2296 de
397 2246 687 2296 Pettarowis
727 2285 736 2295 .
777 2285 785 2294 .
827 2284 836 2294 .
877 2263 1010 2294 nunc
1036 2245 1203 2294 valent
1238 2263 1327 2310 per
1362 2262 1544 2294 annum
1572 2245 1748 2309 viginti
1772 2245 1959 2292 duabus
1985 2243 2121 2291 libris
2146 2251 2194 2290 et

161 2346 374 2404 tempore
409 2340 545 2404 pacis
583 2339 845 2388 valuerunt
885 2340 992 2386 octo
1032 2337 1171 2386 libris
1197 2366 1207 2376 ·
1249 2345 1298 2386 et
1323 2338 1455 2401 quod
1497 2376 1506 2385 .
1548 2374 1558 2385 .
1604 2374 1615 2384 .
1658 2345 1790 2384 terre
1829 2337 1890 2383 de
1931 2334 2194 2398 Carnbegy

211 2468 221 2478 .
262 2469 271 2479 .
313 2448 446 2479 nunc
471 2431 637 2479 valent
664 2447 751 2494 per
783 2447 966 2477 annum
1000 2429 1260 2478 tresdecim
1296 2429 1433 2477 libris
1459 2436 1507 2476 et
1532 2436 1751 2492 tempore
1775 2426 1910 2490 pacis
1939 2425 2194 2473 valuerunt

161 2522 371 2586 quinque
406 2522 544 2570 libris
586 2549 596 2560 ·
639 2530 687 2570 et
725 2522 858 2585 quod
900 2561 909 2570 .
953 2559 963 2569 .
1008 2560 1017 2570 .
1061 2529 1192 2570 terre
1225 2521 1286 2568 de
1319 2520 1535 2568 Balfeith
1579 2556 1589 2567 .
1633 2556 1643 2566 .
1688 2555 1699 2566 .
1742 2535 1874 2565 nunc
1908 2516 2073 2565 valent
2106 2532 2194 2579 per

163 2628 338 2661 annum
376 2614 635 2662 duodecim
676 2613 814 2662 libris
852 2621 900 2662 et
936 2621 1158 2677 tempore
1199 2612 1335 2677 pacis
1375 2611 1633 2659 valuerunt
1671 2611 1887 2674 quinque
1923 2608 2061 2656 libris
2099 2636 2109 2647 ·
2147 2616 2195 2655 et

163 2705 290 2766 quod
324 2743 333 2753 .
366 2744 376 2753 .
409 2744 418 2753 .
452 2714 584 2753 terre
621 2704 892 2753 molendini
931 2705 993 2752 de
1035 2703 1265 2753 Conveth
1306 2720 1438 2751 nunc
1477 2702 1643 2750 valent
1679 2718 1767 2766 per
1806 2718 1990 2749 annum
2025 2701 2192 2747 decem

163 2795 335 2844 marcis
358 2804 408 2845 et
433 2805 652 2861 tempore
676 2797 813 2861 pacis
833 2796 1095 2845 valuerunt
1114 2802 1304 2844 tantum
1329 2821 1340 2833 ·
1364 2802 1413 2842 et
1434 2795 1568 2857 quod
1604 2830 1615 2841 .
1651 2829 1662 2841 .
1698 2830 1709 2841 .
1743 2800 1874 2840 terre
1894 2793 1954 2839 de
1974 2790 2194 2839 Auchin-

163 2886 326 2950 yortht
363 2924 375 2936 .
414 2925 425 2936 .
464 2925 475 2936 .
513 2905 646 2937 nunc
681 2888 845 2936 valent
885 2905 974 2952 per
1012 2904 1197 2935 annum
1238 2886 1455 2950 quinque
1497 2885 1676 2933 marcis
1715 2892 1764 2932 et
1804 2892 2024 2947 tempore
2059 2881 2193 2946 pacis

166 2978 419 3028 valuerunt
442 2981 630 3029 duabus
662 2981 841 3028 marcis
878 3006 888 3017 ·
926 2988 975 3028 et
1010 2980 1143 3043 quod
1184 3017 1194 3027 .
1238 3017 1247 3027 .
1290 3016 1300 3026 .
1343 2988 1474 3027 terre
1506 2978 1567 3025 de
1598 2977 1888 3026 Pettarowis
1914 2992 2023 3023 cum
2047 2973 2194 3038 perti-

166 3070 345 3118 nenciis
380 3077 611 3120 tenentur
646 3073 708 3120 de
741 3071 941 3119 domino
978 3071 1039 3119 de
1078 3070 1295 3118 Brechin
1325 3087 1416 3134 per
1438 3069 1699 3117 seruicium
1725 3068 1887 3115 warde
1912 3076 1960 3115 et
1983 3065 2155 3114 releuii
2180 3093 2190 3103 ·

165 3166 214 3207 et
240 3162 378 3224 quod
416 3199 427 3211 .
467 3200 477 3211 .
518 3200 528 3211 .
572 3172 704 3211 terre
743 3164 804 3211 de
849 3162 1168 3226 Cardinbegy
1205 3169 1436 3209 tenentur
1473 3161 1534 3208 de
1573 3159 1771 3207 domino
1806 3159 1866 3206 de
1903 3157 2064 3205 Ferne
2104 3171 2191 3219 per
