2742 3848
377 1302 473 1345 838

373 2058 469 2107 839

538 328 638 373 530
994 323 1420 376 REGISTRUM
1454 323 1553 372 DE
1590 320 2158 372 ABERBROTHOC.

535 460 756 509 decimas
779 459 1010 525 garbales
1035 459 1097 507 de
1122 458 1255 524 Leys
1292 487 1302 496 ·
1340 457 1498 523 Lytill
1526 456 1740 521 Gardyn
1778 485 1787 495 ·
1828 454 2259 522 Braidfutgardyn
2294 486 2304 495 ·
2339 468 2388 508 et
2416 458 2614 509 Conan-

536 553 644 618 syth
687 582 696 591 ·
737 569 951 602 vnacum
987 551 1276 600 molendino
1313 556 1363 598 et
1398 549 1496 598 suis
1532 547 1815 613 pendiculis
1853 577 1863 586 ·
1905 547 2157 598 Soluendo
2193 566 2286 614 pro
2320 551 2526 600 decimis
2552 553 2614 600 de

534 644 668 710 Leys
708 675 717 683 -
758 643 1092 710 Lytilgardyn
1134 671 1144 680 ·
1184 641 1618 707 Braidfutgardyn
1658 668 1667 678 -
1711 648 1760 690 et
1802 641 2094 690 molendino
2133 642 2257 691 duas
2297 642 2455 692 bollas
2491 644 2614 693 duas

531 738 722 786 firlotas
748 735 986 785 frumenti
1019 743 1069 784 et
1101 735 1274 783 decem
1308 733 1467 783 bollas
1505 735 1645 784 ordei
1682 743 1733 785 et
1771 735 1949 801 viginti
1985 738 2171 802 septem
2210 736 2368 786 bollas
2405 746 2454 786 et
2492 738 2615 787 duas

530 830 720 879 firlotas
744 829 906 878 farine
932 828 1196 877 auenatice
1223 858 1233 868 ·
1260 834 1310 876 et
1334 844 1427 892 pro
1464 827 1672 877 decimis
1698 828 1760 878 de
1789 827 2117 895 Connansyth
2147 829 2324 895 viginti
2350 830 2430 879 sex
2455 830 2614 880 bollas

531 932 580 973 et
604 924 727 971 duas
751 921 942 971 firlotas
962 921 1124 970 farine
1147 920 1410 970 auenatice
1430 928 1481 970 et
1499 924 1610 971 οὸὶο
1630 921 1791 971 bollas
1813 922 1953 972 ordei
1977 924 2040 972 ad
2063 923 2304 972 terminos
2328 924 2587 974 consuetos
2606 958 2615 966 ·

531 1020 595 1066 24
619 1014 835 1081 Augusti
864 1014 1010 1065 1536.

528 1271 682 1345 Idem
723 1291 907 1342 affedat
942 1307 1035 1357 pro
1074 1290 1422 1340 nouemdecim
1463 1290 1608 1339 annis
1646 1291 1851 1340 domino
1889 1290 2114 1342 Johanni
2158 1292 2383 1344 Maknab
2426 1297 2612 1346 vicario

523 1385 842 1453 pensionario
867 1384 1073 1436 ecclesie
1098 1383 1403 1450 parochialis
1427 1384 1490 1433 de
1516 1383 1707 1451 Edwye
1733 1384 1935 1449 eiusque
1957 1384 2209 1451 affignatis
2235 1397 2285 1437 et
2311 1389 2611 1440 subtenenti·

523 1483 614 1531 bus
655 1498 758 1532 non
800 1480 1007 1530 maioris
1051 1477 1205 1529 status
1246 1487 1409 1529 terras
1451 1479 1513 1528 de
1554 1478 1799 1529 Lathame
1840 1479 1894 1528 in
1937 1479 2152 1530 Corston
2194 1481 2246 1530 in
2290 1483 2501 1533 baronia
2549 1486 2610 1534 de

522 1575 814 1642 Dunechyn
857 1581 908 1624 et
947 1572 1214 1640 regalitate
1261 1573 1324 1622 de
1373 1572 1602 1622 Arbroth
1651 1603 1661 1612 -
1713 1573 1992 1623 Reddendo
2040 1575 2282 1625 tredecim
2333 1576 2512 1627 solidos
2561 1588 2610 1628 et

523 1678 740 1734 quatuor
776 1667 1011 1718 denarios
1042 1673 1244 1717 monete
1278 1665 1455 1717 Scocie
1493 1684 1606 1716 cum
1637 1666 1748 1715 aliis
1782 1668 2018 1717 oneribus
2045 1675 2094 1717 et
2118 1669 2341 1719 seruiciis
2380 1700 2390 1709 ·
2432 1676 2462 1719 5
2491 1670 2608 1737 Sep-

523 1762 729 1812 tembris
756 1760 906 1810 1536,

524 2020 740 2110 Kenny
773 2071 782 2080 ·
822 2042 979 2093 Carta
1015 2041 1409 2092 confirmationis
1443 2042 1697 2106 quondam
1732 2040 1976 2090 Willelmi
2011 2043 2203 2093 abbatis
2241 2054 2290 2094 et
2327 2054 2605 2094 conuentus

521 2137 651 2185 facta
674 2135 901 2185 ,Iohanni
938 2134 1223 2200 Ochirlony
1248 2141 1298 2184 et
1332 2134 1602 2183 heredibus
1636 2133 1733 2183 suis
1773 2151 1906 2183 anno
1942 2134 2153 2184 Domini
2185 2140 2308 2185 1351
2350 2168 2360 2176 -
2405 2138 2600 2187 demum

519 2246 611 2295 per
648 2228 906 2278 dominum
945 2227 1120 2277 Dauid
1158 2226 1358 2277 Betoun
1396 2228 1627 2277 abbatem
1666 2236 1716 2277 et
1754 2237 2060 2278 conuentum
2097 2230 2183 2279 sub
2213 2229 2396 2279 eisdem
2436 2232 2602 2280 uerbis

521 2324 650 2372 dicte
698 2322 1093 2372 confirmationis
1141 2322 1404 2371 renouatio
1447 2322 1578 2372 1536
1624 2321 1761 2388 [vide
1810 2323 1862 2371 in
1902 2322 2019 2372 Vol.
2064 2323 2106 2372 I.
2158 2324 2259 2373 No.
2305 2324 2404 2373 306
2453 2334 2500 2373 et
2549 2326 2600 2374 in

520 2416 822 2481 Appendice
845 2423 969 2466 cart.
996 2415 1122 2480 orig.
1150 2415 1313 2465 eidem
1339 2415 1555 2480 subjecta
1580 2415 1632 2464 N
1636 2432 1680 2465 ο.
1711 2414 1908 2482 VIII.].
1975 2429 1979 2432 ’
