2762 3834
46 1473 104 1537 88

606 340 1034 393 REGISTRUM
1067 344 1164 393 DE
1199 344 1755 396 ABERBROTHOC.
2105 354 2202 404 239

279 512 288 521 .
337 472 659 521 collacionem
706 475 1058 524 beneficiorum
1104 477 1410 542 episcopatus
1456 477 1781 527 Morauienfis
1827 479 1938 527 sede
1987 480 2199 529 eiusdem

164 572 367 614 vacante
402 603 410 612 .
447 601 456 610 .
493 603 501 612 .
538 564 830 614 habentibus
866 569 1180 617 reuerencias
1211 570 1400 618 debitas
1426 577 1475 618 et
1498 569 1711 619 honores
1735 597 1746 608 ·
1771 569 1856 618 Ad
1880 570 2116 619 vicariam
2141 571 2201 620 de

162 656 517 705 Aberkerdour
556 696 564 704 .
611 693 622 704 .
667 692 678 704 .
722 665 979 706 vacantem
1003 677 1092 723 per
1116 660 1356 710 decessum
1389 700 1397 710 .
1433 700 1443 710 .
1478 698 1490 710 .
1523 661 1742 726 magistri
1766 661 1945 710 Jacobi
1985 662 2201 727 Synklar

306 785 317 797 .
368 748 588 796 nostrum
635 749 944 812 capellanum
992 751 1245 800 dominum
1292 753 1636 801 Alexandrum
1687 753 1929 819 Symsoun
1971 754 2108 803 vobis
2151 763 2200 804 et

159 842 372 889 vestrum
414 840 616 888 cuilibet
668 877 678 888 .
733 877 743 887 .
797 876 808 888 .
858 842 1194 904 presentamus
1234 880 1247 907 .-
1290 882 1300 892 .
1344 881 1355 891 .
1403 851 1634 908 rogantes
1671 845 1901 908 quatinus
1952 882 1963 893 .
2014 882 2025 893 .
2077 882 2088 893 .
2137 847 2201 894 ad

158 934 335 981 dictam
362 932 596 981 vicariam
634 969 646 980 .
685 968 696 979 .
736 969 746 979 .
785 933 1056 981 admittatis
1097 970 1109 982 .
1154 970 1166 982 .
1211 972 1223 983 .
1267 935 1419 999 Apud
1455 936 1725 1000 capitulum
1762 972 1773 982 .
1814 973 1824 984 .
1865 973 1875 984 .
1916 937 2198 985 monasterii

158 1027 259 1075 xxii
284 1027 363 1075 die
387 1025 563 1074 mensis
589 1026 881 1074 Decembris
905 1043 1036 1074 anno
1063 1026 1269 1074 Domini
1296 1031 1439 1075 1485.

157 1278 428 1352 Conceflio
455 1315 692 1364 campane
718 1297 883 1347 Sanffi
910 1297 1133 1346 Ternani
1161 1297 1344 1345 vicario
1370 1296 1602 1345 eiusdem.

155 1456 281 1528 Nos
305 1478 474 1527 Dauid
499 1478 649 1527 abbas
687 1516 698 1526 .
744 1515 754 1526 .
801 1515 811 1526 .
855 1477 916 1526 de
941 1477 1280 1526 Abirbrothoc
1316 1513 1326 1524 .
1366 1485 1377 1525 ;
1418 1514 1429 1525 .
1468 1476 1782 1525 concedimus
1820 1514 1831 1525 .
1871 1514 1881 1524 .
1922 1516 1932 1526 .
1965 1479 2195 1528 familiari

152 1570 316 1619 nostro
352 1570 552 1618 domino
589 1569 879 1618 Alexandro
917 1567 1175 1634 Symsoun,
1193 1568 1380 1617 vicario
1416 1569 1477 1617 de
1510 1567 1776 1634 Banchory
1801 1586 1943 1618 omne
1968 1570 2042 1618 ius
2079 1608 2091 1619 .
2130 1607 2142 1619 .
2183 1609 2193 1619 .

153 1662 187 1710 fi
222 1662 355 1726 quod
388 1662 624 1710 habemus
663 1699 674 1710 .
715 1699 726 1710 .
766 1699 776 1709 .
814 1662 877 1709 ad
913 1678 1202 1725 campanam
1240 1658 1407 1708 Sanffi
1442 1659 1666 1708 Ternani
1703 1660 1763 1707 de
1794 1660 2059 1726 Banchory
2085 1679 2194 1710 cum

268 1791 279 1802 .
322 1754 665 1803 emolumentis
690 1771 785 1817 que
811 1753 989 1801 exinde
1018 1752 1284 1817 prouenire
1311 1751 1612 1815 contigerint
1635 1751 1706 1799 ita
1729 1753 1862 1815 quod
1885 1751 2032 1801 liceat
2067 1753 2195 1801 dicto

157 1883 166 1893 .
207 1883 216 1894 .
260 1883 271 1894 .
314 1847 375 1894 de
401 1846 574 1894 eadem
599 1862 839 1910 campana
863 1852 912 1893 et
937 1845 1115 1893 exinde
1136 1844 1544 1909 prouenientibus
1569 1843 1690 1892 ficut
1714 1845 1775 1892 de
1815 1882 1824 1892 .
1866 1882 1877 1892 .
1913 1881 1924 1892 .
1957 1845 2195 1894 fructibus

269 1976 279 1986 .
323 1939 508 1987 vicarie
546 1937 805 2002 disponere
844 1965 854 1976 ·
896 1945 945 1986 et
977 1936 1256 2001 specialiter
1279 1954 1370 2002 pro
1398 1936 1664 1985 ornacione
1690 1936 1864 2000 capitis
1888 1936 2005 1985 dieti
2033 1935 2195 1986 Sandai

155 2030 376 2079 Ternani
399 2030 598 2094 patroni
633 2029 789 2077 nostri
825 2029 1039 2077 eiusdem
1073 2029 1274 2078 ecclefie
1312 2058 1323 2068 ·
1368 2038 1416 2077 et
1450 2029 1839 2077 contradisstores
1878 2066 1888 2076 .
1930 2065 1940 2076 .
1982 2066 1991 2076 .
2030 2045 2194 2076 coram

153 2122 521 2185 quibuscunque
556 2122 802 2170 iudicibus
858 2158 869 2170 .
921 2158 931 2169 .
985 2158 996 2169 .
1047 2122 1275 2186 prosequi
1315 2138 1406 2186 pro
1448 2121 1834 2185 recuperacione
1883 2158 1893 2168 .
1945 2157 1955 2167 .
2006 2157 2017 2167 .
2066 2119 2194 2169 dieto

155 2231 388 2278 campane
414 2215 479 2262 ad
503 2214 611 2262 vsus
650 2251 661 2261 .
701 2249 711 2260 .
752 2251 762 2261 .
802 2213 930 2261 diae
961 2213 1160 2262 ecclefie
1186 2222 1234 2262 et
1259 2213 1443 2262 vicarie
1483 2250 1493 2260 .
1535 2250 1545 2260 .
1584 2250 1596 2261 .
1633 2212 1784 2276 Apud
1811 2250 1821 2261 .
1849 2249 1860 2260 .
1888 2250 1899 2261 .
1926 2211 2193 2276 capitulum

154 2306 376 2354 vicefimo
401 2322 532 2353 nono
557 2306 638 2353 die
663 2304 838 2353 menfis
862 2305 1158 2354 Decembris
1182 2322 1312 2354 anno
1337 2304 1543 2353 Domini
1571 2307 1711 2352 1485.

154 2556 546 2628 Instrumentum
570 2576 606 2626 J
609 2577 816 2626 ohannis
842 2575 1027 2625 Allani.

140 2743 166 2808 x.
201 2799 210 2808 .
244 2799 253 2810 .
290 2761 439 2810 Anno
477 2799 488 2810 .
522 2799 532 2809 .
571 2800 583 2810 .
621 2760 874 2810 millesimo
910 2765 1043 2809 cccc⁰
1067 2757 1390 2822 obtuagefimo
1424 2756 1596 2821 quinto
1622 2756 1795 2805 mensis
1822 2773 1937 2805 vero
1961 2755 2190 2805 Januarii

155 2852 233 2901 die
258 2854 448 2903 decima
470 2872 603 2902 nona
646 2892 657 2902 .
704 2891 715 2902 .
758 2891 769 2901 .
811 2853 864 2901 in
905 2892 915 2901 .
955 2889 965 2900 .
1003 2891 1013 2901 .
1046 2852 1080 2901 J
1084 2850 1226 2900 acobi
1256 2849 1435 2898 Rollok
1458 2848 1690 2913 prepofiti
1713 2849 1857 2914 burgi
1883 2849 1944 2897 de
1968 2848 2151 2897 Dunde
2179 2877 2188 2886 ·

154 2943 321 2993 Dauid
355 2946 537 2994 Rollok
572 2945 848 2995 executoris
884 2944 1162 2993 testamenti
1198 2959 1255 2989 ac
1292 2941 1531 2989 bonorum
1566 2939 1812 2988 Johannis
1848 2939 2000 2988 Alani
2035 2940 2188 2988 eciam

154 3035 402 3101 burgensis
427 3038 545 3086 dia-‚i
562 3037 723 3101 vburgi
748 3066 758 3076 ·
785 3054 842 3085 ac
866 3036 900 3084 J
904 3036 1112 3084 ohannis
1151 3034 1479 3098 Scremgeour
1504 3033 1764 3097 superioris
1801 3032 2013 3080 eiusdem
2049 3032 2189 3080 testa-

155 3130 305 3177 menti
331 3157 340 3168 ·
367 3130 561 3194 meique
600 3168 609 3177 .
648 3167 659 3178 .
692 3169 700 3178 .
737 3136 785 3177 et
810 3128 1002 3176 testium
1038 3126 1419 3189 subscriptorum
1452 3124 1716 3188 presenciis
1751 3161 1760 3170 .
1796 3160 1806 3171 .
1847 3160 1857 3171 .
1895 3126 2189 3186 appunffma-
