2762 3834
414 1346 504 1388 103

564 386 628 433 86
1009 379 1437 434 REGISTRUM
1472 379 1569 428 DE
1606 375 2168 427 ABERBROTHOC.

564 518 705 567 nobis
728 533 817 582 pre
841 516 1065 566 manibus
1089 514 1338 580 persolute
1375 548 1388 560 .
1428 549 1439 560 .
1478 548 1490 559 .
1528 510 1676 559 saluis
1700 510 1784 558 sex
1808 509 1976 557 solidis
2012 516 2062 559 et
2086 512 2197 559 occo
2222 510 2442 560 denariis
2467 511 2623 560 annui

562 610 785 659 redditus
810 609 872 658 de
907 607 1146 657 Auchnef
1175 605 1317 654 nobis
1359 601 1616 652 annuatim
1658 601 1839 651 debitis
1863 627 1875 640 ·
1896 600 1957 650 In
1998 601 2139 651 cuius
2175 602 2251 652 rei
2286 602 2620 653 testimonium

562 701 770 765 sigillum
821 737 832 748 .
884 737 894 748 .
946 736 956 747 .
1006 697 1210 762 capituli
1245 734 1256 744 .
1297 734 1307 744 .
1345 733 1355 743 .
1390 695 1461 743 est
1479 694 1747 759 appensum
1781 731 1793 742 .
1830 731 1841 742 .
1878 731 1890 742 .
1924 693 2156 743 vicesimo
2181 695 2262 745 die
2292 695 2469 745 mensis
2496 696 2621 745 Maii

562 809 692 841 anno
717 791 923 840 Domini
945 790 1199 838 millesimo
1225 793 1360 836 cccc⁰
1385 785 1789 852 quinquagesimo
1815 794 2006 851 quarto,

557 1042 877 1127 preceptum
903 1061 1093 1127 regium
1119 1061 1262 1125 super
1286 1059 1723 1125 perambulacione
1748 1060 1981 1110 facienda
2015 1062 2149 1112 inter
2183 1071 2343 1113 terras
2379 1064 2440 1113 de
2479 1063 2622 1112 Mon·

555 1157 726 1204 dwrno
752 1161 802 1203 et
826 1152 1084 1218 Balheluy.

555 1318 789 1391 Jacobus
834 1378 845 1389 .
892 1377 904 1388 .
950 1377 960 1387 .
1002 1354 1092 1387 rex
1129 1336 1392 1388 Scotorum
1432 1374 1443 1384 .
1484 1374 1495 1385 .
1536 1374 1547 1385 .
1586 1337 1954 1404 consanguineo
1985 1339 2154 1388 nostro
2189 1339 2384 1389 Jacobo
2421 1341 2623 1389 domino

555 1433 598 1482 F
601 1435 744 1483 orbas
770 1441 819 1482 et
845 1431 1135 1481 Alexandro
1161 1431 1223 1479 de
1249 1429 1419 1496 Irwyn
1445 1430 1508 1479 de
1533 1429 1699 1479 Drum
1723 1431 1871 1480 militi
1911 1469 1922 1480 .
1963 1470 1975 1481 .
2016 1470 2027 1482 .
2065 1432 2350 1482 iusticiariis
2373 1433 2553 1482 nostris
2571 1434 2624 1482 in

557 1527 649 1574 hac
670 1534 812 1590 parte
851 1562 861 1573 .
903 1561 914 1573 .
955 1562 966 1572 .
1001 1524 1202 1572 salutem
1230 1550 1240 1559 ·
1265 1522 1398 1581 Quia
1423 1523 1678 1572 auditores
1703 1524 2020 1588 querelarum
2063 1564 2072 1573 .
2113 1564 2123 1573 .
2167 1564 2176 1573 .
2216 1524 2268 1574 in
2292 1525 2624 1590 parliamento

557 1619 723 1667 nostro
748 1618 880 1683 apud
904 1617 1216 1683 Edynburgh
1242 1624 1380 1666 tento
1406 1633 1538 1665 anno
1573 1618 1654 1668 die
1686 1626 1735 1668 et
1765 1619 1929 1668 mense
1966 1619 2249 1684 subscriptis
2290 1657 2301 1668 .
2345 1657 2356 1668 .
2403 1657 2414 1669 .
2455 1621 2624 1669 decre-

558 1719 738 1761 uerunt
778 1711 1013 1777 personas
1057 1710 1178 1759 alias
1221 1727 1390 1759 coram
1425 1710 1569 1759 uobis
1605 1749 1614 1760 .
1653 1750 1662 1760 .
1703 1750 1711 1760 .
1749 1711 1898 1776 super
1933 1712 2147 1776 quadam
2186 1712 2625 1776 perambulacione

558 1804 786 1853 facienda
823 1803 955 1852 inter
993 1810 1151 1852 terras
1190 1803 1252 1851 (16
1300 1802 1678 1853 Montdurnoch
1729 1842 1740 1852 .
1791 1842 1802 1853 .
1855 1842 1866 1853 .
1914 1805 1967 1853 in
2003 1804 2213 1854 baronia
2260 1806 2322 1854 de
2361 1805 2625 1872 Balgouny

559 1898 692 1945 infra
716 1897 1115 1946 vicecomitatum
1141 1896 1202 1945 (16
1228 1896 1488 1945 Abirdene
1529 1935 1539 1945 .
1581 1935 1591 1945 .
1632 1935 1642 1945 .
1681 1905 1731 1946 et
1755 1906 1916 1947 terras
1941 1898 2003 1946 (16
2026 1896 2273 1964 Balheluy
2301 1935 2313 1947 .
2343 1936 2354 1947 .
2384 1936 2396 1947 .
2422 1899 2475 1947 in
2493 1900 2625 1949 dicto

563 1990 910 2038 vicecomitatu
948 2026 959 2036 .
1002 2026 1011 2037 .
1048 2027 1059 2037 .
1097 1988 1313 2053 ipsorum
1335 1989 1590 2038 decretum
1630 2028 1642 2039 .
1679 2027 1690 2039 .
1724 2028 1735 2039 .
1761 1991 1902 2039 iuxta
1934 2030 1943 2038 .
1977 2031 1985 2039 .
2021 2030 2030 2039 .
2067 1990 2285 2056 ipsarum
2304 1991 2625 2056 personarum

560 2083 838 2132 iuramenta
875 2121 885 2131 .
924 2121 935 2131 .
972 2121 982 2132 .
1020 2083 1298 2132 deliberare
1324 2111 1334 2122 ·
1361 2083 1500 2132 vobis
1524 2082 1828 2148 precipimus
1855 2120 1867 2131 .
1896 2121 1907 2131 .
1936 2120 1948 2131 .
1976 2082 2211 2147 quatinus
2244 2121 2255 2132 .
2295 2121 2305 2131 .
2347 2122 2357 2132 .
2392 2084 2626 2149 personas

563 2176 841 2241 superstites
863 2175 982 2224 alias
1008 2175 1152 2241 super
1171 2176 1303 2225 dicta
1325 2175 1764 2241 perambulacione
1784 2175 2048 2225 existentes
2077 2183 2126 2225 et
2161 2184 2329 2241 partes
2349 2176 2482 2226 inter
2504 2195 2626 2242 quas

560 2270 701 2318 fieret
725 2269 856 2318 dicta
878 2270 1247 2334 perambulacio
1270 2269 1620 2319 summoneatis
1654 2268 1900 2335 legittime
1935 2270 2072 2334 quod
2103 2277 2425 2335 compareant
2458 2287 2626 2320 coram

563 2361 699 2410 vobis
725 2363 872 2411 certis
896 2362 976 2411 die
1001 2372 1050 2412 et
1073 2363 1183 2412 loco
1227 2401 1238 2411 .
1284 2401 1295 2411 .
1345 2401 1355 2411 .
1396 2364 1460 2412 ad
1484 2363 1802 2428 allegandum
1826 2379 1918 2427 pro
1952 2361 2117 2427 seipfis
2150 2369 2199 2411 et
2228 2363 2292 2411 ad
2324 2363 2626 2413 audiendum

564 2454 1032 2503 determinacionem
1061 2492 1071 2503 .
1104 2492 1114 2503 .
1149 2492 1160 2503 .
1187 2455 1315 2504 dicte
1354 2454 1805 2520 perambulacionis
1834 2455 1899 2504 ad
1940 2472 2035 2519 que
2076 2455 2308 2504 facienda
2342 2456 2472 2521 ipsos
2504 2457 2627 2506 iuste

566 2545 869 2609 compellatis
911 2582 922 2593 .
964 2583 975 2594 .
1016 2584 1027 2595 .
1064 2546 1255 2596 Datum
1278 2547 1364 2596 sub
1404 2547 1685 2596 testimonio
1723 2547 1893 2613 magni
1930 2547 2078 2613 figilli
2115 2547 2272 2596 nostri
2308 2548 2442 2613 apud
2473 2548 2628 2598 Edin-

568 2635 729 2700 burgh
754 2636 946 2685 decimo
971 2638 1104 2686 sexto
1130 2637 1210 2687 die
1235 2638 1412 2687 menfis
1435 2639 1471 2688 J
1476 2639 1561 2688 ulii
1586 2657 1718 2689 anno
1742 2639 1887 2706 regni
1911 2639 2067 2688 nostri
2092 2639 2286 2689 decimo
2311 2657 2456 2690 nono.

571 2886 893 2973 Refignacio
917 2907 1087 2956 abacie
1112 2907 1173 2955 (16
1198 2906 1549 2957 Abirbrothoc.

433 3097 521 3141 104
572 3072 646 3146 In
671 3093 772 3143 Dei
796 3093 997 3144 nomine
1023 3110 1167 3142 amen
1192 3121 1202 3133 ·
1228 3091 1326 3142 Per
1349 3092 1445 3142 hoc
1481 3130 1491 3142 .
1534 3130 1545 3141 .
1585 3129 1596 3141 .
1635 3093 1692 3143 fit
1726 3101 1900 3143 notum
1924 3095 2060 3159 quod
2094 3111 2226 3143 anno
2262 3093 2629 3143 incarnacionis

573 3187 820 3237 dominice
874 3185 1126 3235 millefimo
1162 3182 1646 3250 quadringentefimo
1694 3185 2096 3253 quinquagefimo
2143 3186 2317 3251 quinto
2344 3215 2354 3225 ·
2382 3185 2463 3235 die
2498 3202 2628 3234 ,vero
