2762 3834
380 1536 441 1579 12

383 2719 445 2763 13

502 379 564 424 10
951 369 1375 423 REGISTRUM
1406 368 1507 418 DE
1542 365 2114 419 ABERBROTHOC.

500 515 548 558 et
584 507 864 558 hereditate
899 545 909 555 .
946 544 955 554 .
994 544 1003 554 .
1038 505 1171 555 saluo
1205 503 1350 552 nobis
1385 539 1394 550 .
1431 540 1442 550 .
1479 539 1489 550 .
1522 504 1631 550 iure
1677 500 1958 566 regalitatis
1991 539 2003 550 .
2038 539 2050 551 .
2087 540 2097 551 .
2134 501 2414 552 Reddendo
2454 542 2464 552 .
2507 541 2517 552 .
2559 541 2569 551 .

499 600 755 650 annuatim
794 637 806 648 .
847 637 858 648 .
899 637 911 648 .
949 599 1074 647 duos
1099 596 1276 645 solidos
1301 593 1496 659 argenti
1523 594 1588 642 ad
1610 593 1736 643 festa
1762 592 1933 644 Sancti
1963 593 2175 645 Martini
2212 595 2267 645 in
2303 597 2483 663 hyeme
2521 604 2570 646 et

498 693 851 743 Penthecostes
896 729 906 740 .
958 729 970 739 .
1021 727 1033 738 .
1083 688 1263 738 Diaus
1299 687 1456 736 eciam
1495 686 1746 736 Robertus
1772 686 1853 736 vel
1886 686 2098 737 heredes
2133 688 2206 738 sui
2243 689 2383 739 nullo
2418 689 2567 739 modo

501 786 681 835 dictam
699 792 884 833 terram
907 782 1196 833 alienabunt
1229 817 1240 828 .
1277 817 1287 828 .
1325 817 1335 827 .
1371 779 1471 836 fine
1495 778 1668 827 nostra
1701 816 1712 828 .
1748 817 1760 827 .
1797 816 1809 828 .
1842 779 2057 830 licencia
2077 780 2278 846 speciali
2305 811 2316 821 ·
2342 781 2403 831 In
2430 782 2571 832 cuius

497 876 571 924 rei
593 874 926 924 testimonium
961 911 972 921 .
1007 910 1019 921 .
1057 910 1067 920 .
1096 877 1233 921 carte
1258 870 1426 920 nostre
1454 910 1464 920 .
1501 909 1512 920 .
1549 909 1560 919 .
1588 870 1801 937 figillum
1825 872 2033 938 capituli
2057 873 2214 922 nostri
2247 911 2258 923 .
2294 912 2305 923 .
2342 913 2353 923 .
2387 875 2572 940 apponi

496 969 703 1018 fecimus
747 1005 758 1016 .
805 1005 815 1015 .
862 1004 873 1015 .
919 966 1075 1015 xxvii⁰
1121 965 1203 1014 die
1250 964 1428 1014 menfis
1480 963 1716 1015 anbris
1762 982 1896 1014 anno
1943 967 2114 1032 gracie
2158 965 2417 1016 millefimo
2466 973 2573 1018 ccc⁰

496 1061 631 1110 xxxi⁰
652 1089 663 1100 ·
689 1058 810 1110 teste
836 1059 1012 1109 eodem
1038 1057 1273 1122 capitu10.

494 1326 781 1400 Affedacio
806 1353 939 1394 terre
966 1342 1294 1394 ecclefiastice
1320 1345 1382 1394 de
1408 1343 1672 1395 Rothwen.

494 1510 773 1585 Uniuerfis
811 1538 905 1580 etc.
947 1528 1208 1580 Galfridus
1247 1537 1343 1579 etc.
1382 1530 1534 1579 abbas
1579 1568 1589 1578 .
1638 1568 1649 1579 .
1700 1569 1712 1579 .
1756 1531 1819 1579 de
1843 1529 2185 1580 Abirbrothoc
2221 1538 2317 1580 etc.
2354 1531 2407 1580 N
2410 1533 2572 1582 ouerit

494 1623 785 1674 vniuerfitas
811 1621 974 1672 vestra
1004 1639 1096 1671 nos
1134 1660 1146 1671 .
1187 1661 1198 1671 .
1239 1660 1250 1672 .
1289 1623 1353 1671 ad
1376 1622 1571 1672 firmam
1596 1622 1823 1673 dimifiss'e
1848 1623 2000 1673 Petro
2027 1623 2212 1672 clerico
2237 1625 2299 1673 de
2325 1623 2571 1674 Rothwen

496 1756 506 1766 .
548 1756 558 1766 .
599 1755 609 1765 .
648 1724 832 1765 terram
874 1715 1093 1765 nostram
1141 1717 1204 1765 de
1249 1715 1497 1766 Rothwen
1542 1716 1787 1765 iacentem
1838 1734 1899 1765 ex
1946 1716 2127 1765 boriali
2173 1723 2317 1782 parte
2367 1716 2573 1766 ecclesie

495 1810 709 1859 eiusdem
751 1809 868 1859 ville
911 1810 975 1859 ad
1015 1809 1286 1859 terminum
1328 1810 1503 1859 decem
1551 1826 1797 1858 annorum
1843 1809 2071 1874 plenarie
2119 1809 2530 1875 complendorum
2561 1840 2569 1849 -

496 1902 772 1952 Reddendo
810 1940 822 1951 .
861 1940 872 1951 .
913 1940 924 1951 .
962 1902 1043 1952 sex
1067 1902 1246 1972 solidos
1286 1910 1337 1952 et
1371 1906 1481 1952 octo
1506 1902 1740 1952 denarios
1765 1902 1963 1969 argenti
1996 1902 2062 1952 ad
2093 1902 2219 1953 festa
2253 1902 2573 1953 Pentecostes

499 2003 547 2045 et
575 1994 743 2045 Sanffi
767 1994 977 2045 Martini
1011 1996 1065 2045 in
1101 2013 1247 2063 yeme
1288 2034 1299 2045 .
1346 2034 1357 2045 .
1403 2034 1414 2045 .
1454 1995 1669 2045 termino
1706 1995 1866 2061 prime
1905 1995 2169 2044 solucionis
2204 1995 2479 2061 incipiente
2508 1997 2572 2045 ad

497 2088 672 2137 festum
696 2087 1048 2137 Penthecostes
1073 2105 1206 2138 anno
1231 2096 1328 2139 etc.
1353 2089 1510 2139 xxxii⁰
1539 2118 1550 2128 ·
1587 2087 1650 2138 In
1676 2089 1817 2138 cuius
1841 2089 1916 2138 rei
1948 2088 2288 2139 testimonium
2318 2089 2572 2155 presentes

495 2180 665 2230 literas
689 2181 775 2230 sub
800 2180 958 2247 figillo
992 2173 1161 2230 nostro
1186 2181 1275 2232 fibi
1297 2182 1410 2232 fieri
1443 2182 1652 2233 fecimus
1688 2190 1917 2248 patentes
1951 2183 2085 2248 apud
2122 2181 2477 2249 Kyngoldrum
2516 2183 2573 2231 ii⁰

497 2274 577 2323 die
602 2272 864 2323 Februarii
890 2292 1021 2323 anno
1047 2283 1143 2325 etc.
1171 2275 1430 2326 trecefimo
1453 2276 1634 2341 primo.

499 2531 861 2604 Abirbrothoc
885 2553 937 2602 in
964 2553 1073 2602 vico
1099 2553 1196 2602 fori
1221 2561 1362 2603 carta
1385 2561 1653 2603 terrarum.

499 2714 764 2788 Omnibus
803 2775 813 2785 .
851 2775 862 2786 .
906 2776 916 2786 .
953 2739 1108 2787 frater
1151 2739 1411 2789 Galfridus
1453 2778 1463 2788 .
1504 2778 1514 2788 .
1556 2777 1566 2788 .
1605 2739 1757 2789 abbas
1796 2775 1807 2785 .
1848 2775 1859 2785 .
1900 2775 1910 2786 .
1949 2738 2012 2787 de
2054 2738 2392 2787 Abirbrothoc
2437 2777 2447 2787 .
2495 2777 2505 2786 .
2554 2777 2564 2787 .

499 2829 718 2879 Nouerit
749 2829 1039 2880 vniuerfitas
1064 2832 1228 2881 vestra
1263 2849 1355 2881 nos
1395 2870 1406 2881 .
1447 2870 1458 2880 .
1500 2871 1510 2881 .
1549 2822 1733 2882 dedisse
1773 2871 1784 2882 .
1825 2871 1836 2882 .
1877 2870 1888 2881 .
1927 2832 2150 2882 Roberto
2189 2832 2320 2881 dicto
2359 2832 2568 2899 Knycht

496 2921 728 2986 burgensi
753 2923 814 2971 de
840 2922 1178 2973 Abirbrothoc
1203 2925 1326 2974 duas
1357 2925 1628 2990 perticatas
1659 2933 1793 2976 terre
1834 2964 1844 2974 .
1885 2964 1895 2975 .
1937 2964 1947 2974 .
1985 2926 2206 2975 iacentes
2237 2925 2290 2974 in
2326 2926 2435 2975 vico
2470 2927 2566 2975 fori

496 3015 643 3081 burgi
669 3015 731 3064 de
756 3014 1095 3065 Abirbrothoc
1121 3035 1181 3066 ex
1207 3018 1505 3068 occidentali
1530 3026 1674 3084 parte
1700 3019 1918 3069 eiusdem
1944 3018 2042 3067 vici
2066 3019 2199 3067 inter
2231 3026 2416 3068 terram
2453 3020 2566 3068 Ade

498 3109 560 3158 de
583 3107 798 3157 Dunbar
822 3125 883 3157 ex
906 3116 1048 3173 parte
1076 3110 1254 3159 boriali
1279 3128 1336 3160 ex
1363 3120 1506 3177 parte
1531 3129 1631 3162 vna
1655 3119 1705 3161 et
1729 3128 2041 3162 communem
2067 3112 2314 3161 venellam
2339 3130 2399 3162 ex
2424 3121 2565 3178 parte

500 3199 700 3250 australi
724 3217 786 3249 ex
809 3200 968 3250 altera
1006 3229 1015 3238 ·
1056 3201 1324 3253 Tenendas
1362 3242 1373 3253 .
1413 3243 1424 3254 .
1464 3243 1476 3254 .
1514 3205 1676 3255 eidem
1716 3204 1937 3255 Roberto
1974 3212 2025 3254 et
2055 3205 2323 3254 heredibus
2364 3243 2371 3250 .
2414 3244 2424 3253 .
2464 3243 2474 3253 .
2512 3206 2564 3254 in
