2742 3848
600 354 1028 407 REGISTRUM
1063 355 1160 405 DE
1197 355 1760 407 ABERBROTHOC.
2103 360 2197 414 507

141 488 313 537 habitu
338 505 558 554 congruo
595 498 645 539 et
680 490 879 539 decenti
915 517 925 527 ·
961 497 1010 540 et
1046 491 1179 556 quod
1215 491 1375 540 dminus
1412 475 1699 556 capellanus
1735 490 1821 555 qui
1855 506 1946 555 pro
1980 497 2201 555 tempore

140 581 291 629 fuerit
330 580 468 630 nullo
507 582 654 630 modo
693 589 923 631 arceatur
959 584 1044 632 seu
1086 585 1409 633 transferatur
1446 601 1538 649 per
1576 584 1795 649 aliquam
1831 584 2092 649 personam
2140 586 2202 633 ad

140 674 357 738 aliquam
401 674 550 722 aliam
590 674 778 723 missam
819 675 1005 725 alicubi
1042 676 1393 725 celebrandam
1434 685 1758 742 preterquam
1798 677 1862 725 ad
1899 677 2057 727 altare
2092 695 2201 742 pre·

139 768 325 816 distum
364 795 375 806 ·
410 766 544 816 Volo
583 768 740 817 eciam
779 776 828 818 et
867 770 1046 818 ordino
1086 769 1221 834 quod
1259 768 1546 833 capellanus
1577 785 1716 817 meus
1752 770 1838 833 qui
1861 786 1954 833 pro
1979 777 2201 834 tempore

139 860 290 909 fuerit
312 860 494 909 habeat
519 876 832 909 communem
855 861 993 910 vsum
1029 846 1094 910 ad
1130 869 1424 911 ornamenta
1448 860 1620 910 altaris
1643 861 1742 910 mei
1765 862 1977 927 prediffi
2020 891 2030 902 ·
2068 861 2201 912 Volo

140 952 296 1001 eciam
321 960 370 1002 et
395 952 573 1000 ordino
598 953 734 1017 quod
758 953 791 1001 fi
818 953 1105 1018 capellanus
1141 953 1226 1018 qui
1255 970 1347 1018 pro
1372 960 1596 1018 tempore
1621 952 1773 1003 fuerit
1798 953 2133 1004 absentauerit
2154 956 2200 1003 se

139 1045 200 1093 ab
226 1045 361 1093 omni
385 1044 595 1094 seruicio
620 1046 957 1111 quadragInta
981 1046 1155 1095 diebus
1191 1046 1275 1095 seu
1302 1045 1630 1096 concubinam
1653 1045 1885 1096 habuerit
1909 1047 1991 1096 uel
2014 1047 2200 1096 retinu-

139 1139 235 1186 erit
260 1156 289 1187 a
314 1137 446 1187 die>na
471 1138 751 1203 capellania
773 1147 1092 1188 remoueatur
1128 1146 1177 1188 et
1213 1139 1338 1188 alius
1368 1139 1578 1200 idoneus
1604 1139 1891 1205 capellanus
1915 1140 2201 1189 instituatur

139 1231 256 1294 quia
294 1231 406 1280 volo
450 1248 510 1280 ex
551 1239 672 1281 tunc
714 1232 846 1281 diaa
887 1232 1166 1298 capellania
1206 1248 1386 1281 vacare
1426 1231 1684 1281 censeatur
1729 1258 1741 1271 -
1784 1231 1917 1282 Volo
1957 1234 2115 1282 eciam
2153 1242 2201 1282 et

140 1326 316 1374 ordino
353 1325 487 1390 quod
523 1325 810 1390 capellanus
846 1326 932 1391 qui
966 1343 1058 1391 pro
1095 1334 1319 1390 tempore
1355 1325 1506 1373 fuerit
1542 1325 1731 1390 semper
1757 1326 1956 1390 quando
1982 1326 2201 1375 celebrat

138 1416 320 1466 miffam
347 1418 482 1482 quod
516 1418 734 1467 diuertat
771 1418 819 1466 se
857 1417 967 1483 post
1001 1418 1249 1467 locionem
1286 1419 1351 1467 ad
1394 1435 1550 1467 cornu
1588 1417 1759 1467 altaris
1798 1425 1847 1467 et
1886 1418 2071 1468 ibidem
2109 1436 2200 1483 pro

138 1510 396 1558 animabus
441 1510 677 1574 predffiis
715 1510 852 1559 dicat
889 1511 969 1559 De
1002 1512 1273 1577 profundis
1314 1511 1568 1559 exorando
1609 1510 1848 1576 populum
1890 1529 1980 1575 pro
2020 1511 2198 1560 eisdem

139 1604 318 1652 deuote
358 1618 565 1652 exorare
614 1633 624 1642 ·
677 1603 862 1654 Coram
903 1604 1000 1652 hiis
1039 1604 1244 1653 testibus
1286 1604 1520 1653 videlicet
1562 1603 1762 1652 domino
1809 1603 2033 1653 Henrico
2084 1603 2201 1653 Scot

140 1696 341 1743 domino
376 1693 550 1744 Dauid
596 1696 712 1746 Scot
751 1696 1021 1761 capellanis
1054 1725 1064 1736 ·
1101 1696 1272 1745 Dauid
1312 1695 1468 1745 Clark
1493 1711 1591 1743 vno
1625 1695 1923 1744 balliuorum
1961 1704 1971 1735 ἑ
2008 1695 2201 1744 Jacobo

143 1788 354 1838 Stewart
400 1815 410 1826 ·
458 1788 651 1838 Jacobo
680 1789 878 1839 Guthre
927 1816 936 1826 ·
983 1789 1218 1838 Johanne
1255 1790 1438 1837 Brown
1485 1817 1495 1827 ·
1543 1789 1852 1838 Allexandro
1879 1789 2151 1838 Nicholson
2192 1818 2201 1827 ·

142 1880 369 1930 Teniano
394 1879 584 1930 Forbas
625 1910 636 1920 ·
682 1881 951 1931 Nicholaio
974 1881 1196 1930 Morison
1237 1910 1248 1921 ·
1289 1882 1500 1931 Andrea
1528 1882 1670 1948 Gray
1708 1910 1720 1921 ·
1761 1882 1796 1931 J
1799 1883 1995 1931 ohanne
2019 1882 2200 1931 Brown

138 1978 189 2022 in
215 1974 451 2040 Kyrkton
498 2005 508 2015 -
552 1975 810 2024 Willelmo
847 1974 1031 2024 Brown
1075 2005 1084 2014 ·
1128 1975 1321 2024 Jacobo
1359 1975 1517 2024 Barre
1559 2003 1569 2014 ·
1612 1983 1662 2024 et
1687 1975 1920 2041 magistro
1946 1975 2200 2024 Willelmo

142 2066 298 2116 Barre
337 2068 534 2117 notario
572 2068 775 2133 publico
813 2097 823 2106 ·
863 2085 974 2117 cum
1008 2067 1212 2116 diuerfis
1248 2067 1359 2116 aliis
1395 2067 1599 2117 testibus
1636 2096 1645 2107 ·
1684 2067 1785 2134 (2.)
1813 2068 2202 2117 Instrumentum

139 2160 490 2210 fundacionem
535 2168 858 2209 memoratam
902 2178 1211 2210 concernens
1249 2177 1401 2209 manu
1426 2160 1670 2210 Willelmi
1710 2161 1975 2210 Thornton
2018 2162 2201 2210 notarii

140 2253 374 2317 scriptum
417 2254 478 2301 de
520 2254 637 2302 data
681 2257 743 2301 18
766 2253 959 2318 Aprilis
988 2257 1118 2301 1513
1158 2253 1212 2301 in
1251 2253 1386 2303 hunc
1425 2253 1649 2302 effeLOEum
1688 2282 1699 2293 ·
1744 2253 1982 2303 Carrolus
2019 2253 2198 2301 Brown

139 2345 392 2410 burgensis
431 2347 492 2394 de
542 2346 803 2412 Arbroyth
845 2345 898 2393 in
939 2345 1167 2393 manibus
1216 2345 1430 2394 Henrici
1478 2345 1671 2395 Guthre
1713 2346 1855 2393 vnius
1902 2345 2198 2394 balliuorum

140 2436 408 2504 refignauit
428 2456 577 2488 vnum
604 2447 943 2488 tenementum
965 2438 1099 2487 infra
1121 2439 1335 2503 burgum
1359 2439 1528 2487 iacens
1553 2455 1614 2486 ex
1637 2446 1779 2502 parte
1808 2438 2035 2486 orientali
2062 2439 2122 2485 de
2148 2438 2200 2502 ly

143 2530 373 2597 Cobgayt
397 2531 529 2586 inter
553 2539 712 2581 terras
738 2531 773 2580 J
776 2531 918 2580 acobi
944 2531 1150 2580 Paniter
1186 2549 1247 2579 ex
1277 2540 1419 2596 parte
1443 2530 1710 2581 horientali
1736 2538 1785 2579 et
1809 2538 1967 2579 terras
1991 2529 2198 2578 Walteri

146 2623 334 2671 Sclater
360 2641 420 2672 ex
444 2631 587 2688 parte
612 2623 817 2672 australi
842 2652 852 2662 ·
877 2623 997 2672 item
1017 2640 1166 2671 vnum
1190 2641 1411 2672 annuum
1426 2624 1678 2673 redditum
1698 2623 1916 2688 quinque
1934 2623 2195 2671 solidorum

142 2716 202 2763 de
226 2716 418 2764 horreis
444 2716 687 2765 Willelmi
726 2714 943 2766 Schetho
979 2715 1257 2765 iacentibus
1294 2733 1354 2765 ex
1389 2725 1531 2782 parte
1555 2716 1821 2765 borientali
1847 2716 1908 2764 de
1933 2715 2198 2764 Lordburn

142 2807 271 2857 inter
295 2816 454 2857 terras
481 2807 649 2858 Sancti
674 2808 910 2858 Nicholai
934 2825 995 2857 ex
1020 2815 1161 2873 parte
1185 2809 1483 2859 occidentali
1509 2817 1558 2858 et
1583 2794 1754 2858 terras
1768 2809 1961 2858 Thome
1989 2808 2199 2872 Cowper

143 2917 202 2947 ex
224 2907 365 2965 parte
391 2900 623 2949 orientali
665 2931 675 2941 ·
714 2901 835 2949 item
860 2917 1012 2949 vnum
1048 2917 1270 2949 annuum
1306 2901 1556 2949 redditum
1593 2902 1803 2949 duorum
1834 2901 2098 2948 solidorum
2137 2900 2196 2946 de

143 2993 288 3041 terris
311 2993 345 3042 J
348 2993 558 3042 ohannis
582 2993 876 3042 Richartson
901 3010 1057 3058 prope
1083 2993 1315 3058 Burnsyd
1350 2993 1627 3042 iacentibus
1651 2993 1783 3041 inter
1808 2999 1966 3040 terras
1991 2990 2195 3039 Patricii

145 3083 288 3134 Seras
313 3102 373 3134 ex
396 3094 538 3150 parte
573 3085 838 3134 borientali
864 3094 913 3134 et
940 3084 1133 3133 Thome
1159 3084 1344 3135 Farrar
1369 3104 1429 3134 ex
1453 3094 1596 3151 parte
1621 3085 1822 3134 australi
1857 3111 1866 3121 ·
1901 3084 2018 3133 item
2046 3099 2193 3131 vnum

148 3193 362 3226 annuum
387 3178 636 3227 redditum
663 3178 893 3227 vndecim
929 3177 1194 3225 solidorum
1223 3177 1283 3225 de
1306 3177 1452 3225 terris
1477 3175 1686 3225 Patricii
1711 3175 1894 3224 Gibson
1922 3173 2193 3222 iacentibus
