2742 3848
29 721 35 727 .
54 656 151 706 628

55 1222 151 1276 629

64 2242 159 2291 630

63 2707 158 2758 631

21 3259 50 3391 ‘i

661 429 1091 482 REGISTRUM
1126 429 1224 479 DE
1261 429 1826 481 ABERBROTHOC.
2178 432 2273 486 457

206 637 361 710 Idem
398 657 584 708 affedat
618 676 711 724 pro
746 659 1080 708 nouendecim
1116 658 1261 707 annis
1296 657 1490 708 Jacobo
1529 659 1737 726 Ogyluy
1762 657 1965 707 domino
1991 658 2052 706 (18
2077 657 2234 724 Erlye
2264 688 2273 697 ·

208 751 404 801 Helene
433 751 674 819 Synklair
698 752 781 802 sue
807 751 976 818 sponse
1000 780 1010 791 ·
1036 751 1072 801 J
1075 753 1231 801 acobo
1254 751 1459 817 Ogyluy
1479 752 1666 800 iuniori
1688 751 1772 800 suo
1790 750 1965 800 heredi
1988 752 2277 816 apparenti·

207 853 256 893 et
279 845 376 893 suis
402 843 654 911 affignatis
679 845 897 894 decimas
921 845 1152 911 garbales
1178 846 1380 895 ecclefie
1406 846 1572 895 nostre
1598 845 1660 894 de
1687 844 1927 911 Newtyld
1967 871 1977 881 ·
2025 843 2277 894 Soluendo

206 938 458 1003 octoginta
480 938 634 987 libras
657 945 856 987 monete
886 937 1062 988 Scocie
1087 967 1098 978 ·
1128 942 1151 986 1
1185 937 1491 1003 Septembris
1520 938 1666 988 1526.

206 1195 359 1268 Idem
400 1235 493 1283 pro
537 1227 675 1268 certa
715 1219 904 1268 summa
943 1219 1154 1283 pecunie
1198 1219 1430 1268 concedit
1476 1218 1512 1268 J
1515 1218 1701 1268 ohanni
1741 1218 1976 1268 Vischart
2022 1219 2084 1267 de
2132 1219 2275 1283 Logy

206 1310 440 1360 Vischart
465 1319 515 1360 et
539 1311 636 1360 suis
673 1311 925 1376 affignatis
962 1312 1166 1361 vardam
1204 1320 1254 1362 et
1289 1312 1654 1361 nonintroitum
1691 1319 1938 1361 terrarum
1977 1312 2038 1360 (18
2075 1311 2277 1360 Κ811118-

206 1403 404 1453 mukert
429 1404 552 1453 alias
578 1404 899 1470 Kenneneyll
924 1405 976 1453 in
1003 1404 1224 1453 dominio
1251 1407 1312 1454 de
1339 1405 1688 1472 Kyncoldrum
1717 1406 1851 1454 infra
1876 1405 2188 1472 regalitatem
2215 1406 2276 1453 de

207 1497 467 1563 Arbroyth
518 1506 567 1546 et
618 1497 1016 1547 vicecomitatum
1065 1499 1127 1547 de
1174 1497 1217 1546 F
1220 1499 1354 1547 orfar
1401 1498 1454 1546 in
1502 1498 1731 1547 manibus
1773 1498 1964 1548 abbatis
2013 1499 2278 1547 existentes

207 1590 409 1640 racione
446 1590 785 1640 nonintroitus
827 1610 856 1640 a
896 1599 1121 1657 tempore
1163 1591 1327 1642 obitus
1362 1591 1661 1640 Allexandri
1694 1591 1929 1640 Vischart
1965 1592 2123 1656 patris
2160 1593 2276 1640 dicti

206 1683 241 1732 J
245 1683 453 1732 ohannis
470 1701 682 1733 vnacum
699 1683 889 1733 releuio
916 1692 1163 1733 terrarum
1193 1711 1204 1721 ·
1232 1684 1527 1733 Tenendam
1554 1685 1615 1733 de
1642 1685 1870 1734 omnibus
1896 1684 2124 1734 terminis
2149 1702 2179 1733 a
2197 1685 2276 1733 die

206 1776 369 1826 obitus
392 1777 510 1825 (11ἃὶ
535 1777 835 1826 Allexandri
861 1778 1114 1843 quousque
1142 1794 1288 1826 verus
1308 1786 1357 1826 et
1375 1776 1627 1843 legitimus
1647 1785 1822 1827 tenens
1844 1777 2035 1827 abbatis
2054 1778 2277 1826 saifinam

205 1869 561 1919 hereditariam
587 1887 886 1935 recuperare
913 1870 1182 1936 contigerit
1208 1887 1318 1919 cum
1343 1869 1586 1935 potestate
1616 1878 1775 1919 terras
1801 1870 1862 1919 ad
1888 1870 2084 1918 libitum
2122 1870 2277 1934 dispo-

206 1963 361 2011 nendi
386 1991 396 2001 ·
424 1966 488 2011 ‘24
518 1961 824 2028 Septembris
853 1962 1000 2012 1526.

209 2214 534 2302 Preceptum
554 2236 704 2285 safine
721 2236 963 2285 dictarum
979 2244 1225 2285 terrarum
1246 2236 1490 2286 directum
1505 2235 1760 2286 Willelmo
1777 2235 2012 2285 Vischart
2035 2264 2046 2274 ·
2069 2236 2279 2285 valtero

215 2328 550 2396 Scrymgeour
591 2356 601 2366 ·
644 2337 694 2378 et
725 2328 937 2378 Valtero
988 2328 1194 2395 Ogyluy
1239 2356 1249 2366 ·
1286 2330 1486 2378 balliuis
1527 2329 1716 2379 abbatis
1751 2329 1803 2377 in
1839 2329 1934 2378 hac
1974 2337 2117 2394 parte
2159 2361 2170 2370 -
2216 2333 2278 2377 24

216 2421 520 2487 Septembris
548 2421 693 2470 1526.

680 2564 709 2575 κ

216 2686 413 2758 Abbas
438 2706 621 2756 affedat
644 2724 737 2772 pro
762 2706 1094 2755 nouendecim
1130 2706 1274 2755 annis
1305 2705 1340 2755 J
1343 2713 1489 2755 onete
1524 2705 1740 2773 Ogylwy
1766 2688 1966 2755 domine
1992 2707 2054 2755 de
2082 2707 2282 2771 chcht

216 2807 265 2849 et
301 2800 399 2849 suis
436 2787 687 2865 affignatis
725 2799 943 2849 decimas
983 2799 1213 2866 garbales
1256 2808 1502 2848 terrarum
1546 2799 1608 2847 de
1646 2799 2013 2865 Auchyncreyf
2047 2826 2057 2837 ·
2103 2798 2281 2847 Mekill

216 2893 360 2942 Ardo
397 2919 408 2931 ·
447 2892 602 2959 Lytyl
626 2892 770 2941 Ardo
808 2922 820 2932 ·
862 2891 1323 2958 Bawquhenyeicht
1362 2921 1373 2931 ·
1415 2891 1780 2957 Bauchtnagok
1821 2921 1831 2931 ·
1872 2892 1956 2941 the
1991 2891 2229 2941 Neutoun
2272 2923 2281 2931 -

221 2985 471 3036 Culkattis
506 3013 516 3023 ·
555 2984 773 3034 Scheues
803 3014 815 3024 ·
850 2993 900 3034 et
927 2984 1244 3050 Chapeltoun
1269 3011 1280 3022 ·
1305 2984 1357 3032 in
1382 2984 1622 3049 parochia
1647 2986 1708 3035 de
1736 2984 1929 3034 Terues
1954 3013 1964 3023 ·
1992 2993 2041 3034 et
2066 2985 2281 3033 decimas

217 3077 445 3143 garbales
473 3077 534 3126 de
558 3076 594 3125 J
596 3076 801 3125 akstone
830 3107 840 3118 -
867 3076 1097 3143 Cowhyll
1121 3105 1132 3116 ·
1158 3076 1303 3126 Pette
1328 3084 1378 3125 et
1405 3075 1576 3126 Strath
1601 3103 1612 3114 ·
1637 3077 2047 3143 Rothebyrsbane
2073 3106 2083 3116 ·
2110 3077 2243 3126 Park
2270 3106 2279 3114 -

220 3168 581 3236 Mekylgeycht
606 3198 617 3209 ·
644 3168 946 3235 Lytilgeych
972 3197 982 3208 ·
1010 3167 1246 3235 Mylbrex
1271 3196 1282 3207 ·
1307 3179 1357 3218 et
1382 3169 1435 3217 N
1438 3169 1618 3235 ewseyt
1640 3197 1651 3208 ·
1675 3170 1729 3218 in
1753 3169 1992 3234 parochia
2016 3170 2078 3218 de
2103 3169 2243 3233 Fyue
2270 3198 2278 3206 ·

221 3261 539 3326 quasquidem
566 3269 681 3310 81118
705 3261 758 3309 111
783 3259 1087 3310 affedacione
1107 3259 1280 3309 habuit
1302 3287 1314 3298 ·
1342 3259 1596 3311 Soluendo
1619 3278 1711 3325 pro
1738 3261 1942 3310 decimis
1967 3261 2019 3309 in
2043 3260 2282 3324 parochia

1204 3355 1234 3399 3
1257 3368 1295 3399 Μ
