2762 3834
418 760 510 807 199

454 2473 550 2515 200

592 361 688 415 176
1028 347 1450 404 REGISTBUM
1483 346 1580 396 DE
1615 341 2169 395 ABERBROTHOC.

599 559 771 632 Carta
792 586 1031 627 terrarum
1056 573 1117 621 de
1141 569 1325 634 Regale
1349 575 1398 616 et
1421 564 1694 614 Auchorfk.

599 737 856 810 Omnibus
872 791 884 804 .
904 790 917 803 .
939 789 950 801 .
970 752 1224 815 Georgeus
1247 786 1262 797 .
1289 784 1301 797 .
1319 784 1331 797 .
1351 747 1501 797 abbas
1519 782 1532 795 .
1554 782 1564 793 .
1583 782 1595 794 .
1610 743 2027 802 deAbirbrothoc
2046 744 2250 797 salutem
2267 781 2282 794 .
2298 781 2311 796 .
2332 781 2344 794 .
2364 742 2620 796 Noua-itis
2695 769 2716 796 ·.

596 864 683 896 nos
709 882 721 895 .
745 884 755 895 .
783 882 795 894 .
820 841 1090 895 conceffiffe
1113 879 1124 890 .
1150 877 1160 889 .
1186 878 1196 890 .
1222 837 1474 888 Willelmo
1495 836 1696 886 domino
1723 833 2029 887 Creichtoun
2054 874 2064 886 .
2091 874 2102 885 .
2127 875 2139 888 .
2163 844 2323 887 terras
2346 837 2536 888 nostras
2558 837 2621 888 de

595 939 640 986 le
663 935 836 1000 Rigale
872 941 923 984 et
956 931 1215 983 Auchortk
1242 966 1254 979 .
1278 967 1289 979 .
1314 966 1327 979 .
1351 929 1568 978 iacentes
1601 926 1735 979 infra
1767 926 2166 978 vicecomitatum
2201 927 2263 978 de
2299 927 2452 978 Banff
2469 956 2480 967 ·
2506 944 2620 991 que·

593 1026 789 1091 quidem
812 1033 943 1075 terre
968 1061 978 1072 .
1005 1062 1014 1072 .
1039 1060 1050 1072 .
1073 1022 1271 1073 fuerunt
1291 1020 1326 1068 J
1328 1027 1473 1069 onete
1496 1019 1558 1068 de
1575 1017 1790 1069 Dunbar
1809 1018 2008 1069 domine
2031 1018 2094 1068 de
2117 1017 2430 1069 Frendsacht
2452 1019 2621 1070 matris

593 1117 708 1165 diui
745 1115 930 1165 domini
955 1152 965 1164 .
999 1151 1012 1163 .
1048 1151 1059 1162 .
1083 1110 1380 1162 hereditarie
1404 1137 1416 1149 ·
1442 1116 1492 1158 et
1528 1108 1846 1174 quasquidem
1868 1146 1881 1158 .
1916 1148 1926 1159 .
1959 1147 1970 1158 .
1994 1108 2189 1173 prefata
2224 1110 2426 1160 domina
2448 1149 2458 1159 .
2492 1149 2503 1159 .
2535 1149 2544 1159 .
2570 1109 2620 1160 in

593 1224 762 1256 manus
792 1205 981 1257 nostras
1016 1204 1147 1268 apud
1180 1203 1391 1267 burgum
1425 1201 1487 1250 de
1512 1199 1818 1265 Edynburch
1853 1216 1948 1264 per
1978 1200 2087 1250 suos
2116 1211 2465 1265 procuratores
2505 1240 2515 1250 .
2558 1240 2569 1251 .
2610 1240 2620 1249 .

593 1314 756 1346 coram
779 1294 1056 1359 subscriptis
1079 1294 1279 1343 testibus
1300 1329 1310 1340 .
1339 1330 1349 1341 .
1372 1330 1385 1341 .
1405 1290 1671 1359 refignauit
1690 1327 1701 1338 .
1722 1329 1731 1338 .
1752 1328 1761 1338 .
1783 1289 2050 1341 Tenendas
2070 1327 2083 1339 .
2102 1328 2112 1339 .
2134 1328 2146 1341 .
2164 1291 2357 1356 prefato
2375 1290 2622 1342 Willelmo

593 1388 790 1436 domino
812 1385 1114 1436 Creichtoun
1150 1421 1161 1432 .
1198 1422 1209 1433 .
1246 1421 1256 1431 .
1281 1383 1333 1433 in
1357 1383 1501 1432 feodo
1525 1390 1576 1432 et
1599 1381 1876 1432 hereditate
1900 1381 2261 1446 imperpetuum
2288 1421 2297 1432 .
2323 1421 2335 1432 .
2362 1420 2374 1433 .
2399 1382 2461 1432 In
2485 1383 2624 1433 cuius

593 1479 664 1526 rei
706 1476 1033 1526 testimonium
1074 1475 1189 1524 huic
1214 1510 1225 1522 .
1251 1510 1262 1522 .
1288 1511 1299 1522 .
1325 1481 1459 1523 carte
1485 1511 1495 1522 .
1516 1510 1527 1522 .
1549 1510 1560 1522 .
1587 1472 1795 1537 sigillum
1820 1509 1832 1522 .
1858 1511 1867 1521 .
1894 1510 1905 1522 .
1932 1472 2135 1537 capituli
2159 1512 2168 1521 .
2194 1511 2204 1522 .
2228 1511 2238 1521 .
2263 1472 2336 1523 est
2359 1473 2622 1538 appensum

593 1586 757 1618 coram
780 1568 875 1617 hiis
898 1567 1099 1617 testibus
1133 1594 1144 1605 ·
1179 1565 1411 1630 magistro
1447 1564 1671 1614 Henrico
1713 1563 1865 1629 Boyis
1906 1564 2206 1615 cancellario
2240 1563 2579 1615 Dunblanenfi
2612 1594 2623 1604 -

590 1659 780 1708 Jacobo
818 1657 1153 1723 Skrymgeour
1192 1656 1374 1704 herede
1409 1655 1770 1705 constabulario
1804 1655 1867 1704 de
1895 1654 2080 1705 Dunde
2104 1682 2115 1692 ·
2138 1654 2310 1704 Dauid
2345 1654 2532 1720 Heryis
2562 1657 2624 1706 de

596 1751 763 1815 Deray
790 1776 801 1787 ·
822 1749 1019 1797 domino
1045 1748 1235 1796 Thome
1261 1747 1520 1812 Baulduvy
1539 1746 1795 1812 capellano
1810 1775 1821 1786 ·
1841 1746 2075 1797 «Iohanne
2096 1745 2277 1797 Thane
2303 1774 2314 1785 ·
2338 1746 2624 1797 Alexandro

596 1842 712 1890 Bois
749 1869 759 1880 ·
790 1850 839 1889 et
863 1839 1112 1889 Willelmo
1143 1839 1411 1903 Dowglace
1446 1865 1457 1877 ·
1493 1838 1751 1903 armigeris
1775 1864 1786 1875 ·
1811 1855 1922 1888 cum
1946 1838 2113 1887 multis
2136 1838 2246 1887 aliis
2272 1874 2284 1886 .
2312 1875 2323 1886 .
2352 1876 2364 1887 .
2390 1839 2521 1902 apud
2545 1877 2554 1887 .
2580 1877 2587 1885 .
2613 1878 2621 1886 .

596 1931 943 1981 monasterium
966 1930 1176 1979 secundo
1200 1931 1280 1980 die
1306 1931 1479 1980 menfis
1506 1930 1611 1979 Mai
1636 1947 1767 1980 anno
1792 1929 1999 1979 Domini
2023 1928 2275 1980 millefimo
2295 1929 2623 1995 quadringen-

595 2023 759 2070 tefimo
784 2020 1129 2086 septuagesimo
1154 2023 1342 2069 mstauo.

598 2272 882 2342 Affedacio
910 2302 1152 2341 terrarum
1177 2293 1238 2340 de
1263 2291 1468 2341 Balfour
1493 2299 1543 2341 et
1566 2290 1837 2356 Kyrktoun
1863 2306 1975 2339 cum
1997 2289 2297 2341 molendino.

601 2451 873 2522 Uniuerfis
907 2479 1071 2535 pateat
1097 2508 1107 2517 .
1134 2508 1144 2520 .
1171 2507 1182 2519 .
1207 2488 1295 2519 nos
1320 2470 1602 2535 Georgeum
1628 2506 1640 2518 .
1666 2507 1677 2518 .
1703 2507 1713 2518 .
1739 2469 1964 2519 abbatem
1991 2506 2001 2517 .
2026 2508 2036 2517 .
2060 2507 2069 2516 .
2094 2470 2156 2517 de
2179 2468 2515 2518 Abirbrothoc
2541 2506 2552 2517 .
2576 2506 2586 2516 .
2614 2503 2624 2513 .
2670 2476 2687 2513 ‘c

603 2560 825 2609 affedafl'e
850 2598 860 2608 .
884 2598 893 2607 .
916 2598 927 2608 .
956 2560 1146 2610 Helene
1185 2562 1396 2624 dompne
1436 2561 1483 2610 le
1524 2559 1746 2609 Graham
1785 2567 1834 2609 et
1877 2558 2084 2610 Oliuero
2124 2559 2226 2608 filio
2265 2558 2349 2609 suo
2374 2596 2412 2607 ..
2437 2597 2446 2606 .
2471 2567 2626 2608 terras

602 2649 790 2699 nostras
831 2650 1055 2698 villarum
1101 2650 1375 2701 nostrarum
1422 2651 1483 2698 de
1523 2650 1728 2699 Balfour
1775 2658 1824 2699 et
1870 2650 2140 2716 Kyrktoun
2187 2667 2299 2710 cum
2345 2650 2626 2703 molendino

604 2741 815 2789 eiusdem
840 2757 936 2788 vna
958 2757 1069 2788 cum
1092 2741 1257 2804 garbis
1281 2740 1598 2789 decimalibus
1635 2743 1903 2791 earundem
1939 2750 2000 2809 εει
2022 2781 2033 2791 .
2071 2779 2083 2790 .
2107 2779 2131 2799 ,.
2166 2742 2487 2807 pertinenciis
2522 2778 2533 2790 .
2568 2780 2588 2801 .,
2615 2779 2625 2789 .

605 2829 779 2893 quibus
807 2829 1021 2877 Thomas
1054 2828 1238 2894 Ogilvy
1263 2838 1482 2894 tempore
1517 2829 1599 2879 suo
1638 2833 1885 2895 gaudebat
1924 2833 2143 2882 iacentes
2182 2832 2313 2881 infra
2355 2831 2623 2883 dominium

605 2918 820 2968 nostrum
844 2918 905 2967 de
931 2918 1271 2983 Kyncoldrum
1306 2937 1396 2984 pro
1424 2921 1645 2970 terminis
1678 2923 2020 2973 nouemdecim
2050 2940 2291 2974 annorum
2316 2961 2325 2970 .
2349 2961 2359 2970 .
2383 2960 2392 2969 .
2417 2922 2625 2972 termino

607 3025 722 3057 vero
746 3009 975 3057 introitus
1004 3045 1014 3056 .
1036 3046 1045 3055 .
1069 3045 1079 3055 .
1105 3009 1370 3073 incipiente
1394 3011 1445 3058 in
1472 3010 1590 3059 festo
1614 3012 1963 3063 Penthecostes
1987 3014 2106 3063 anni
2126 3013 2333 3063 Domini
2358 3011 2448 3062 m'¹²¹
2470 3011 2626 3064 cccc-¹

603 3099 759 3148 lxxx¹¹¹¹
791 3099 1069 3149 immediate
1102 3099 1211 3164 post
1246 3100 1426 3150 exitum
1463 3101 1774 3152 affedacionis
1808 3104 1932 3153 facte
1957 3143 1965 3152 .
1991 3143 2002 3154 .
2027 3142 2036 3151 .
2062 3104 2190 3153 dicto
2217 3104 2409 3153 Thome
2443 3103 2622 3169 Ogilvy
