2762 3834
0 2889 57 2933 31

570 341 1000 404 REGISTRUM
1035 340 1133 390 DE
1170 338 1731 390 ABERBROTHOC.
2117 345 2181 395 29

119 473 252 523 idem
288 474 439 522 abbas
475 510 486 521 .
536 513 547 523 .
594 513 604 524 .
642 475 836 524 ratione
872 474 1074 524 maioris
1113 472 1337 522 amicicie
1377 474 1509 521 inter
1543 472 1701 540 ipsum
1740 509 1750 521 .
1799 503 1812 521 .‡
1857 509 1868 520 .
1904 488 1962 520 ac
1997 471 2178 520 distum

119 566 351 615 comitem
387 566 652 616 nutriende
688 567 872 616 remisit
922 605 933 615 .
986 605 997 615 .
1050 604 1060 614 .
1110 566 1279 615 comiti
1318 565 1484 613 omnia
1508 565 1764 630 arreragia
1788 565 2067 629 supradicta
2090 581 2180 629 pro

117 658 361 706 sexdecim
385 659 543 707 bobus
563 660 915 709 sufficientibus
934 675 1144 723 quorum
1167 661 1276 707 οᾶο
1295 658 1549 707 soluentur
1568 659 1826 708 atstornato
1854 695 1866 705 .
1902 695 1913 706 .
1950 695 1961 706 .
1988 658 2181 706 abbatis

118 750 181 797 ad
223 750 398 798 festum
440 750 609 800 Samii
652 751 859 799 Andree
899 750 1126 815 proximo
1166 751 1401 805 futurum?
1434 788 1445 799 .
1494 789 1505 799 .
1553 789 1565 800 .
1613 758 1662 799 et
1700 752 1809 798 octo
1849 757 1965 798 ante
2001 749 2179 799 festum

118 841 413 892 Natiuitatis
460 842 627 893 Sancti
664 844 911 892 Johannis
949 843 1161 908 baptiste
1203 843 1483 908 proximum
1533 881 1545 892 .
1603 881 1613 892 .
1668 880 1679 892 .
1726 843 1790 891 ad
1833 841 2016 891 dictum
2059 859 2177 890 vero

116 934 291 983 festum
317 934 482 985 Sancti
508 936 755 985 Johannis
794 974 805 984 .
845 974 855 984 .
897 974 908 984 .
943 953 1107 985 comes
1145 973 1154 983 .
1192 973 1204 984 .
1243 974 1254 984 .
1291 936 1539 1000 persoluet
1563 936 1800 1000 deputato
1835 972 1847 984 .
1887 972 1898 983 .
1938 971 1950 983 .
1988 934 2179 984 abbatis

115 1026 238 1075 duas
275 1045 467 1076 marcas
490 1027 840 1092 sterlingorum
877 1029 1030 1076 annui
1069 1028 1292 1077 redditus
1318 1028 1553 1077 antedifiti
1589 1035 1639 1077 et
1665 1026 1729 1076 fic
1754 1027 1815 1075 de
1842 1036 2008 1076 cetero
2052 1065 2065 1076 .
2108 1064 2119 1075 .
2166 1064 2176 1075 .

115 1125 214 1167 tam
246 1119 347 1183 ipse
373 1136 518 1183 quam
555 1119 765 1168 heredes
790 1120 862 1167 sui
887 1120 1071 1168 difflzum
1117 1157 1128 1168 .
1174 1157 1186 1168 .
1232 1158 1243 1168 .
1285 1121 1536 1168 redditum
1579 1157 1590 1168 .
1637 1157 1649 1168 .
1693 1157 1705 1168 .
1747 1119 2030 1184 persoluent
2067 1145 2078 1156 ·
2114 1120 2178 1167 ad

115 1228 263 1275 quam
289 1211 579 1260 solutionem
618 1248 629 1260 .
670 1248 680 1259 .
721 1249 732 1259 .
770 1212 925 1259 dictus
952 1228 1116 1259 comes
1141 1211 1188 1260 se
1214 1221 1263 1261 et
1287 1212 1495 1260 heredes
1520 1213 1630 1260 suos
1655 1211 1896 1276 obligauit
1934 1248 1945 1260 .
1986 1248 1998 1259 .
2038 1248 2050 1261 .
2087 1229 2177 1276 per

115 1320 285 1351 omnes
310 1310 470 1352 terras
493 1304 602 1351 suas
634 1340 644 1351 .
682 1340 692 1350 .
728 1339 738 1350 .
771 1302 1000 1351 omnibus
1021 1304 1237 1367 antiquis
1260 1303 1598 1352 instrumentis
1620 1304 1764 1368 super
1782 1305 1956 1353 eodem
1978 1304 2176 1354 redditu

114 1395 349 1444 confectis
383 1395 435 1442 in
472 1395 559 1443 sua
583 1395 767 1442 virt-ute
803 1394 1190 1443 nichilhominus
1216 1394 1468 1443 duraturis
1497 1403 1742 1459 quatenus
1779 1403 1991 1461 tangunt
2028 1414 2176 1461 pecu-

112 1487 246 1536 niam
266 1494 578 1551 pretaxatam
614 1515 624 1524 ·
661 1485 721 1534 In
753 1503 961 1550 quorum
989 1487 1208 1535 omnium
1234 1487 1567 1536 testimonium
1587 1488 1811 1552 partibus
1834 1488 1981 1537 huius
2003 1490 2177 1538 inden-

113 1589 223 1629 ture
261 1580 380 1628 hinc
414 1580 531 1628 inde
565 1579 938 1628 remanentibus
969 1579 1177 1645 sigillum
1226 1617 1237 1628 .
1283 1617 1294 1628 .
1340 1616 1351 1628 .
1396 1579 1588 1628 abbatis
1626 1597 1718 1644 pro
1757 1580 1805 1628 se
1838 1588 1889 1629 et
1927 1590 2177 1630 conuentu

112 1674 197 1721 suo
233 1681 283 1722 et
319 1671 529 1738 sigillum
566 1672 755 1721 domini
794 1672 1044 1721 Johannis
1084 1673 1146 1720 (16
1183 1672 1328 1720 Lixle
1363 1672 1536 1720 militis
1570 1689 1662 1737 pro
1713 1710 1724 1721 .
1777 1711 1788 1721 .
1839 1710 1851 1722 .
1898 1675 2076 1722 comite
2115 1676 2178 1723 ad

111 1764 406 1814 instanciam
441 1764 590 1830 ipsius
628 1765 822 1815 comitis
855 1765 906 1813 in
939 1765 1168 1814 absencia
1207 1765 1278 1813 sui
1304 1765 1447 1831 sigilli
1489 1765 1779 1814 altrinsecus
1815 1773 2134 1830 apponuntur
2169 1794 2180 1804 ·

109 1858 175 1907 Et
214 1896 225 1907 .
266 1896 277 1906 .
317 1895 329 1906 .
367 1875 532 1907 comes
557 1859 620 1906 ad
646 1858 830 1906 di&um
856 1839 1211 1907 monasterium
1235 1858 1564 1923 personaliter
1598 1859 1805 1907 accedet
1830 1858 1912 1906 vbi
1940 1859 2023 1907 sub
2049 1876 2179 1907 com-

112 1951 250 1999 muni
275 1951 434 2017 sigillo
474 1988 486 1999 .
527 1989 535 1998 .
577 1988 587 1999 .
624 1951 912 2000 monasterii
937 1959 987 2000 et
1013 1950 1170 2016 sigillo
1200 1951 1383 2016 prefati
1409 1951 1603 2000 comitis
1626 1951 1829 2015 presens
1856 1950 2179 2000 innouabitur

114 2052 164 2092 et
190 2043 564 2092 confirmabitur
587 2043 856 2093 indentura
881 2044 962 2092 vbi
988 2044 1146 2092 eciam
1171 2051 1291 2092 tunc
1316 2043 1448 2092 idem
1474 2060 1638 2092 comes
1663 2043 2027 2092 fraternitatem
2052 2044 2180 2092 acci-

113 2136 217 2201 piet
253 2144 307 2185 vt
341 2137 494 2185 moris
527 2135 598 2185 est
628 2137 917 2186 monasterii
957 2175 968 2186 .
1010 2174 1020 2185 .
1062 2175 1073 2185 .
1111 2144 1161 2185 et
1192 2135 1280 2185 sub
1314 2136 1447 2185 dicio
1479 2135 1729 2184 communi
1764 2135 1922 2200 sigillo
1959 2135 2176 2200 quietam

115 2229 462 2278 clamationem
499 2228 703 2278 habebit
727 2233 1094 2295 arreragiorum
1121 2229 1340 2278 omnium
1366 2229 1703 2294 predictorum
1736 2258 1746 2268 ·
1783 2229 1867 2277 Ad
1895 2228 1988 2276 hec
2013 2235 2177 2276 autem

116 2321 283 2370 omnia
302 2321 518 2370 fideliter
550 2322 860 2371 obseruanda
882 2323 1002 2371 dieti
1028 2324 1178 2372 abbas
1204 2332 1253 2374 et
1279 2341 1442 2373 comes
1468 2325 1600 2372 taccu
1625 2323 1867 2372 manualis
1890 2322 2007 2370 fidei
2033 2322 2079 2369 se
2104 2322 2176 2370 in-

114 2417 275 2465 uicem
295 2415 580 2481 obligarunt
605 2445 617 2456 ·
644 2416 827 2465 Aaum
854 2417 987 2482 apud
1004 2416 1301 2484 Edinburgh
1322 2417 1402 2467 die
1419 2425 1469 2466 et
1489 2434 1620 2466 anno
1644 2416 1868 2481 superius
1892 2414 2174 2463 nominatis.

114 2674 289 2749 Carta
311 2696 464 2746 saline
488 2696 654 2746 nostre
679 2697 730 2746 in
755 2697 802 2747 16
829 2697 976 2747 Kars.

119 2860 313 2933 Sciant
349 2881 601 2945 presentes
638 2889 687 2930 et
723 2882 879 2931 fut-uri
917 2884 1051 2947 quod
1089 2899 1180 2932 nos
1207 2883 1490 2933 Willelmus
1540 2921 1551 2931 .
1603 2921 1614 2932 .
1667 2920 1677 2931 .
1727 2883 1877 2931 abbas
1927 2918 1938 2930 .
1990 2918 2002 2930 .
2053 2918 2064 2929 .
2115 2881 2176 2929 de

114 2972 455 3022 Abirbrothoc
492 3009 503 3020 .
544 3010 555 3021 .
595 3010 606 3021 .
644 2974 708 3021 ad
745 2973 1086 3023 feodofirmam
1126 2976 1396 3024 dimisimus
1431 2975 1656 3024 Johanni
1691 2976 1753 3024 de
1789 2974 2049 3024 Meneteth
2072 2973 2174 3021 filio

114 3066 364 3129 quondam
391 3064 581 3112 domini
605 3064 818 3113 Walteri
843 3067 905 3114 de
930 3066 1193 3117 Menethet
1215 3069 1387 3118 militis
1413 3068 1615 3117 salinam
1651 3067 1869 3117 nostram
1894 3068 1946 3116 in
1970 3067 2016 3116 le
2041 3066 2173 3116 Kars

115 3175 225 3207 cum
269 3166 406 3207 terra
443 3157 659 3206 eiusdem
698 3166 748 3207 et
785 3158 880 3207 suis
918 3160 1242 3224 pertinenciis
1283 3188 1295 3198 ·
1334 3160 1626 3210 Tenendam
1680 3198 1691 3209 .
1742 3198 1754 3209 .
1804 3197 1816 3209 .
1863 3158 2084 3209 Johanni
2125 3167 2173 3207 et
