2742 3848
33 1498 126 1553 733

41 2893 125 2967 535

635 345 1062 397 REGISTRUM
1096 346 1194 396 DE
1230 345 1792 397 ABERBROTHOC.
2151 341 2249 403 495

186 477 384 527 dietatis
407 478 691 528 victualium
714 481 925 530 durante
951 479 1258 530 affedacione
1283 480 1489 529 Ricardi
1514 488 1563 529 et
1588 480 1769 545 Egidie
1813 509 1823 519 ·
1862 479 2102 528 aceciam
2131 482 2247 544 quia

185 571 336 632 abbas
363 570 556 619 easdem
580 579 739 620 terras
766 590 877 621 cum
904 573 1191 622 molendino
1228 573 1426 622 astricta
1459 573 1678 622 multura
1712 581 1762 622 et
1798 573 1950 622 ordeo
1987 572 2246 622 custumali

184 664 230 727 ly
253 679 386 728 ryng
410 664 522 728 beyr
557 663 687 713 dicto
713 664 970 714 Willelmo
1006 673 1055 715 et
1090 666 1357 715 heredibus
1394 664 1627 715 conceffit
1666 674 1716 715 et
1751 673 1867 715 ante
1905 682 2012 714 eam
2051 666 2246 714 conces-

183 754 366 804 sionem
392 755 751 804 dimidietatem
777 759 1048 806 earundem
1083 767 1331 808 terrarum
1367 766 1416 807 et
1451 759 1725 808 molendini
1761 759 1986 823 predicto
2023 758 2243 808 Ricardo

185 855 233 896 et
274 848 455 913 Egidie
496 866 588 913 pro
630 850 780 898 certis
817 851 961 898 annis
1002 852 1224 899 nondum
1264 852 1473 901 defiuxis
1510 852 1745 902 affedauit
1779 860 2047 917 propterea
2081 852 2242 901 stante

183 941 315 988 dieta
361 939 668 990 affedacione
704 941 988 990 Willelmus
1024 942 1159 991 Wod
1201 956 1251 992 et
1291 944 1500 993 heredes
1548 962 1650 993 non
1698 945 2000 994 tenebuntur
2040 943 2131 1003 nifi
2178 945 2243 993 ad

180 1032 482 1081 solucionem
517 1033 841 1082 dimidietatis
875 1034 1131 1083 firmarum
1168 1043 1217 1084 et
1252 1036 1678 1101 augmentacionis
1702 1036 1756 1085 in
1781 1043 1921 1085 carta
1943 1035 2028 1084 sua
2053 1036 2241 1100 specifi—

182 1133 404 1173 catarum
429 1132 478 1173 et
502 1125 729 1174 terminis
755 1124 1076 1174 affedacionis
1102 1127 1309 1176 defiuxis
1333 1128 1416 1177 seu
1453 1129 1686 1193 quatinus
1723 1128 1845 1178 alias
1883 1130 2240 1178 concordatum

179 1217 330 1266 fuerit
355 1218 418 1265 ad
442 1217 689 1281 integram
716 1218 1013 1266 solucionem
1042 1221 1344 1268 tenebuntur
1370 1249 1380 1260 ·
1408 1223 1471 1269 18
1496 1220 1531 1269 J
1537 1221 1623 1269 ulii
1653 1225 1794 1275 1529.

179 1474 334 1546 Idem
361 1497 615 1547 constituit
639 1497 858 1546 nobilem
885 1504 933 1546 et
957 1506 1213 1562 potentem
1238 1498 1493 1546 dominum

178 1589 503 1638 iusticiarium
525 1590 854 1638 camerarium
879 1590 1259 1639 commissarium
1283 1597 1332 1639 et
1355 1590 1594 1639 balliuum
1617 1598 1863 1639 terrarum
1878 1590 2156 1656 regalitatis
2178 1592 2240 1639 de

172 1682 484 1731 ‘Athcarmor
508 1683 641 1731 infra
665 1683 1067 1732 vicecomitatum
1093 1683 1154 1731 de
1179 1682 1384 1731 Lanrak
1407 1699 1498 1746 pro
1786 1683 1929 1732 annis
1971 1711 1982 1721 ·
2029 1687 2090 1731 18
2115 1683 2150 1732 J
2154 1683 2242 1731 ulii

181 1778 326 1828 1529.

180 2032 334 2104 Idem
377 2054 559 2103 affedat
596 2071 688 2119 pro
727 2053 1058 2103 nouendecim
1096 2054 1241 2102 annis
1278 2052 1471 2102 Jacobo
1514 2052 1719 2119 Ogyluy
1746 2054 1948 2102 domino
1982 2054 2043 2101 de
2078 2053 2202 2118 Erly
2229 2082 2239 2090 ·

178 2149 335 2197 Elene
364 2148 583 2214 Synklar
607 2149 777 2214 sponse
802 2148 884 2197 sue
923 2177 933 2187 ·
972 2147 1166 2197 Jacobo
1195 2146 1400 2212 Ogyluy
1424 2145 1611 2194 iuniori
1634 2145 1809 2194 heredi
1842 2146 2104 2209 apparenti
2145 2176 2155 2186 ·
2193 2154 2242 2193 et

175 2242 272 2290 suis
315 2239 564 2306 aflignatis
600 2240 823 2289 Johanni
863 2240 1069 2306 Ogyluy
1107 2239 1304 2288 Thome
1343 2239 1547 2305 Ogyluy
1585 2246 1634 2287 et
1669 2238 1992 2287 Archebaldo
2034 2237 2237 2303 Ogyluy

177 2336 444 2384 dummodo
478 2353 569 2400 per
604 2335 834 2384 abbatem
874 2334 1202 2383 admittantur
1243 2359 1254 2370 ·
1292 2313 1473 2398 garbas
1512 2330 1779 2379 decimales
1822 2330 2139 2379 ecclefiarum
2176 2331 2237 2377 de

177 2428 429 2493 Kerymor
454 2435 503 2476 et
528 2427 581 2476 N
583 2427 755 2493 eutyld
792 2456 801 2466 ·
844 2426 1095 2476 Soluendo
1130 2443 1222 2490 pro
1248 2424 1454 2473 decimis
1479 2424 1540 2472 de
1566 2423 1819 2489 Kerymor
1844 2422 2235 2487 quadringentas

177 2538 368 2569 marcas
391 2529 589 2569 monete
618 2518 792 2568 Scocie
819 2527 867 2568 et
891 2537 981 2584 pro
1007 2519 1211 2568 ecclefia
1235 2519 1296 2566 de
1317 2518 1556 2583 Newtyld
1578 2517 1828 2583 o&oginta
1847 2517 1999 2565 libras
2019 2516 2233 2565 eiusdem

176 2621 373 2662 monete
398 2641 408 2652 ·
439 2617 500 2661 18
525 2612 652 2661 Julii
680 2616 826 2666 1529.

175 2871 324 2943 Idem
362 2909 454 2958 pro
488 2891 631 2941 bonis
666 2891 888 2940 seruiciis
925 2890 1107 2939 afl‘edat
1142 2906 1232 2954 pro
1260 2895 1363 2937 toto
1388 2895 1612 2951 tempore
1639 2886 1739 2935 vite
1763 2885 1798 2934 J
1802 2885 1987 2934 ohanni
2014 2885 2195 2933 Brown
2219 2910 2229 2919 ·

175 2987 396 3036 Johanni
443 2986 624 3035 Brown
673 2985 757 3032 suo
802 2983 905 3031 filio
951 2982 1285 3047 primogenito
1334 3010 1344 3019 -
1394 2988 1443 3029 et
1487 2979 1774 3045 Margarete
1825 2978 2013 3043 Ogiluy
2055 2977 2225 3041 sponse

159 3079 419 3129 ·Johannis
459 3078 550 3127 filii
591 3085 641 3126 et
679 3076 878 3125 heredis
919 3074 1167 3123 Johannis
1213 3074 1418 3122 senioris
1466 3072 1806 3121 molendinum
1852 3071 1904 3135 ly
1944 3067 2225 3131 Wardmyll

175 3173 424 3238 wlgariter
453 3176 793 3234 nuncupatum
832 3176 881 3217 et
916 3166 1129 3216 croftum
1157 3166 1405 3231 wlgaritcr
1437 3165 1488 3229 ly
1515 3164 1723 3213 cellerer
1759 3162 1885 3211 croft
1923 3178 2033 3210 cum
2058 3160 2142 3207 vsu
2174 3168 2222 3207 et
