2762 3834
606 338 1029 389 REGISTRUM
1063 338 1161 388 DE
1196 339 1754 393 ABERBROTHOC.
2104 353 2199 397 215

159 473 340 522 dicitur
365 470 633 519 aduincula
657 471 822 519 datam
841 470 1149 535 presencium
1167 472 1453 522 immediate
1473 474 1703 538 sequente
1730 513 1741 523 .
1767 514 1777 524 .
1807 513 1817 524 .
1847 475 2094 526 Soluendo
2121 518 2128 527 .
2156 519 2163 527 .
2192 519 2199 527 .

159 565 412 615 Walterus
448 602 458 612 .
500 601 511 612 .
552 601 563 612 .
601 570 650 612 et
676 562 901 628 affignati
941 600 952 611 .
991 599 1002 610 .
1042 602 1051 611 .
1094 580 1186 627 pro
1212 563 1417 612 dimidia
1439 571 1581 628 parte
1605 567 1866 630 garbarum
1893 567 2202 617 decimalium

159 698 168 707 .
194 697 204 707 .
231 697 240 706 .
261 657 383 705 duas
403 655 595 704 celdras
615 663 664 704 et
683 657 790 703 ofito
809 654 967 703 bollas
987 653 1117 701 ordii
1143 662 1193 703 et
1216 654 1402 703 farrine
1426 655 1498 704 ita
1522 658 1653 720 quod
1677 659 1833 707 tercia
1856 675 1969 723 pars
1993 659 2051 708 fit
2075 660 2202 708 ordii

157 757 207 798 et
225 750 320 797 due
340 754 508 813 partes
544 786 554 796 .
592 785 602 796 .
639 786 648 795 .
685 745 779 795 fint
804 746 991 794 farrine
1016 772 1026 783 ·
1049 753 1101 795 et
1120 745 1277 794 diGtus
1296 745 1585 797 Alexander
1623 786 1634 797 .
1670 785 1683 797 .
1719 788 1729 798 .
1766 757 1815 799 et
1839 750 2061 815 affignati
2098 790 2106 799 .
2145 790 2153 799 .
2192 790 2201 799 .

156 841 347 889 soluent
382 879 392 889 .
432 877 443 888 .
482 876 493 887 .
529 855 621 903 pro
647 838 747 887 alia
770 837 977 886 dimidia
999 846 1140 902 parte
1179 875 1191 886 .
1230 875 1241 886 .
1280 875 1292 887 .
1328 839 1451 887 duas
1476 840 1666 889 celdras
1691 848 1740 890 et
1764 845 1871 890 οὸὶο
1895 842 2050 891 bollas
2075 842 2202 891 ordii

158 941 207 983 et
230 932 417 982 farrine
441 932 513 981 ita
537 931 669 996 quod
693 930 851 979 tercia
872 947 988 995 pars
1032 966 1044 978 .
1088 968 1098 978 .
1143 967 1155 978 .
1197 930 1253 979 fit
1279 930 1472 979 ordium
1496 938 1545 980 et
1569 933 1664 981 due
1687 940 1852 998 partes
1875 934 2063 983 farrina
2085 935 2201 982 boni

158 1025 271 1090 puri
297 1032 345 1074 et
368 1023 544 1075 mundi
568 1022 856 1072 victualium
891 1038 1004 1071 cum
1035 1022 1264 1071 mensura
1298 1022 1395 1070 fori
1419 1024 1663 1072 currentis
1688 1025 1752 1073 ad
1788 1062 1798 1073 .
1836 1065 1845 1074 .
1882 1063 1892 1074 .
1928 1025 2051 1075 festa
2084 1063 2096 1075 .
2138 1063 2149 1074 .
2189 1064 2199 1074 .

159 1117 527 1167 Purificationis
558 1116 713 1166 Beate
739 1115 903 1165 Marie
927 1115 1136 1180 virginis
1161 1122 1211 1164 et
1233 1114 1419 1163 Pasche
1465 1152 1475 1163 .
1523 1153 1534 1164 .
1580 1153 1590 1164 .
1633 1116 1699 1165 Et
1733 1115 1770 1164 fi
1805 1117 2072 1182 contingat(
2092 1135 2201 1182 pre-

159 1211 314 1260 dictos
353 1248 364 1258 .
406 1247 416 1258 .
456 1248 466 1259 .
502 1209 712 1259 heredes
735 1208 846 1258 suos
883 1247 892 1258 .
927 1248 938 1258 .
977 1246 989 1258 .
1027 1215 1078 1257 et
1101 1206 1362 1272 affignatos
1385 1207 1438 1254 in
1462 1206 1709 1257 solucione
1745 1246 1756 1257 .
1789 1247 1800 1258 .
1833 1247 1843 1257 .
1880 1226 1967 1272 per
1997 1210 2203 1275 quadra-

157 1303 297 1367 ginta
345 1302 450 1351 dies
499 1341 509 1350 .
558 1339 569 1350 .
617 1340 627 1351 .
674 1300 783 1365 post
818 1300 1088 1366 quemlibet
1122 1298 1390 1350 terminum
1438 1336 1449 1347 .
1499 1336 1511 1347 .
1562 1337 1573 1348 .
1622 1301 1829 1349 deficere
1872 1340 1881 1349 .
1925 1340 1934 1350 .
1977 1339 1988 1349 .
2034 1301 2204 1351 licebit

158 1395 299 1444 nobis
335 1433 345 1443 .
383 1434 393 1443 .
431 1433 440 1443 .
478 1394 539 1443 de
581 1433 591 1443 .
629 1433 638 1442 .
677 1433 686 1442 .
727 1393 931 1442 decimis
966 1432 977 1443 .
1014 1432 1025 1442 .
1062 1432 1073 1442 .
1110 1391 1371 1457 disponere
1401 1407 1492 1456 pro
1527 1390 1669 1440 libito
1706 1431 1720 1445 ,
1758 1432 1767 1442 .
1806 1431 1815 1441 .
1858 1393 2008 1458 Apud
2037 1410 2202 1441 mona-

158 1487 360 1535 sterium
408 1525 416 1535 .
467 1525 475 1534 .
526 1525 535 1535 .
583 1485 704 1535 xvii⁰
727 1486 808 1535 die
832 1485 1008 1534 menfis
1032 1485 1068 1535 J
1070 1485 1176 1534 unii
1202 1500 1333 1533 anno
1357 1482 1565 1531 Domini
1593 1487 1737 1532 1485.

158 1739 443 1813 Affedacio
466 1761 732 1827 garbarum
757 1760 1071 1810 decimalium
1096 1761 1158 1810 de
1182 1760 1406 1811 Panbrid
1430 1768 1480 1811 et
1504 1760 1848 1826 Balmalquhy.

159 1920 438 1994 Vniuerfis
483 1950 651 2008 pateat
698 1983 708 1993 .
758 1982 767 1992 .
817 1983 826 1992 .
874 1960 965 1991 nos
1001 1942 1174 1992 Dauid
1210 1981 1220 1991 .
1257 1980 1267 1991 .
1306 1981 1316 1991 .
1353 1942 1580 1991 abbatem
1622 1980 1632 1990 .
1675 1979 1686 1990 .
1728 1981 1737 1991 .
1780 1941 1841 1990 de
1874 1939 2207 1990 Abirbrothoc

215 2075 223 2085 .
268 2076 277 2085 .
315 2034 540 2085 affedaffe
580 2075 590 2084 .
633 2075 643 2085 .
687 2076 696 2085 .
740 2035 1032 2085 Alexandro
1065 2034 1200 2101 Boys
1242 2062 1253 2073 ·
1295 2034 1479 2083 Jonete
1514 2034 1886 2100 Fothryngame
1924 2033 2092 2098 sponse
2127 2033 2208 2080 sue

215 2166 225 2177 .
267 2166 279 2178 .
318 2135 368 2177 et
407 2127 505 2177 suis
547 2127 795 2194 affignatis
838 2164 849 2176 .
893 2166 902 2177 .
945 2167 955 2176 .
997 2128 1177 2193 garbas
1218 2127 1483 2176 decimales
1518 2127 1747 2176 villarum
1783 2127 1844 2175 de
1878 2125 2128 2190 Panpride
2161 2132 2209 2173 et

163 2219 473 2286 Balmaquhy
509 2259 519 2269 .
558 2259 567 2269 .
604 2259 614 2269 .
651 2237 743 2285 pro
785 2219 1010 2269 terminis
1052 2220 1224 2269 decem
1261 2227 1312 2269 et
1345 2220 1529 2285 septem
1570 2237 1811 2269 annorum
1848 2255 1859 2266 .
1897 2257 1906 2267 .
1948 2256 1958 2267 .
1996 2219 2207 2266 termino

163 2329 280 2361 vero
304 2312 538 2362 introitus
594 2349 604 2361 .
660 2349 671 2361 .
723 2349 735 2360 .
788 2312 1062 2376 incipiente
1086 2312 1139 2361 in
1162 2312 1284 2362 festo
1313 2311 1478 2362 Sanffi
1502 2313 1639 2362 Petri
1676 2313 1809 2378 quod
1833 2311 2014 2360 dicitur
2038 2309 2208 2358 aduin-

165 2403 276 2454 cula
299 2405 465 2453 datam
487 2404 797 2469 presencium
832 2404 1117 2454 immediate
1153 2404 1385 2469 sequente
1438 2442 1448 2454 .
1505 2442 1517 2454 .
1571 2441 1584 2454 .
1637 2404 1885 2455 Soluendo
1934 2440 1946 2452 .
1997 2439 2008 2451 .
2056 2437 2067 2449 .
2117 2417 2208 2465 pro

165 2495 367 2545 decimis
405 2534 416 2544 .
456 2533 467 2544 .
508 2533 519 2545 .
556 2497 619 2545 de
643 2495 894 2561 Panpride
919 2495 1103 2561 septem
1127 2497 1283 2548 bollas
1307 2499 1543 2548 frumenti
1565 2498 1685 2548 duas
1711 2499 1901 2547 celdras
1927 2503 1976 2545 et
2000 2502 2209 2560 quatuor

165 2588 320 2637 bollas
345 2588 474 2637 ordii
499 2596 549 2637 et
572 2595 673 2638 tres
698 2587 890 2637 celdras
913 2588 1101 2638 farrine
1132 2617 1143 2628 ·
1178 2597 1227 2639 et
1250 2608 1342 2656 pro
1368 2591 1571 2640 decimis
1618 2629 1629 2639 .
1677 2628 1689 2639 .
1737 2627 1749 2639 .
1797 2590 1857 2638 de
1882 2585 2209 2651 Balmalquhy
2279 2642 2281 2644 ¹

168 2682 277 2729 0820
306 2680 464 2730 bollas
500 2681 630 2730 ordii
655 2687 704 2730 et
727 2699 875 2731 vnam
912 2681 1132 2730 celdram
1165 2682 1350 2732 farrine
1374 2684 1491 2733 boni
1515 2683 1631 2748 puri
1653 2681 1826 2731 mundi
1850 2690 1898 2731 et
1923 2679 2034 2729 ficci
2058 2679 2207 2729 vietu-

169 2772 319 2822 alium
338 2790 450 2823 cum
467 2774 696 2824 mensura
712 2774 810 2823 fori
828 2775 1075 2824 currentis
1095 2775 1160 2823 ad
1177 2776 1416 2825 terminos
1439 2775 1716 2826 huiusmodi
1736 2773 1967 2824 victualia
1988 2772 2206 2821 soluendi

171 2904 180 2914 .
216 2905 227 2916 .
263 2905 274 2916 .
297 2866 449 2931 Apud
473 2867 823 2917 monasterium
860 2907 870 2918 .
907 2907 919 2918 .
955 2908 965 2918 .
1002 2867 1145 2918 xviii⁰
1169 2868 1250 2918 die
1274 2868 1450 2917 menfis
1474 2865 1509 2917 J
1512 2867 1617 2917 unii
1641 2884 1770 2916 anno
1795 2866 2001 2915 Domini
2028 2868 2171 2913 1485.
