2762 3834
634 384 1064 437 REGISTRUM
1099 384 1196 434 DE
1236 381 1795 434 ABERBROTHOC.
2114 376 2116 379 ⁵
2191 387 2256 436 93

177 521 486 587 pertinentes
528 560 536 570 .
581 562 589 570 .
635 562 643 570 .
688 522 822 587 quod
842 538 1013 570 omnes
1037 527 1171 569 terre
1197 518 1503 568 debatabiles
1527 518 1660 567 inter
1679 517 1834 567 dictas
1857 523 2026 582 partes
2049 533 2145 580 que
2163 533 2254 581 per

179 613 505 664 antecessores
527 614 635 663 suos
661 623 710 664 et
736 615 895 680 ipsum
921 622 1065 663 erant
1091 612 1353 662 vendicate
1379 613 1442 662 ad
1466 613 1513 660 se
1539 618 1775 674 tanquam
1803 618 1936 659 terre
1962 610 2023 659 de
2049 608 2255 675 Vldeny

178 697 434 772 pertinere
479 748 487 757 .
529 748 538 756 .
583 748 591 756 .
633 709 801 757 abbati
839 715 889 757 et
926 707 1197 756 conuentui
1241 746 1250 754 .
1295 745 1304 754 .
1349 745 1358 754 .
1401 723 1492 771 per
1521 705 1779 754 decretum
1818 743 1826 753 .
1865 743 1875 753 .
1913 743 1923 752 .
1961 704 2091 752 dicte
2119 702 2254 751 affise

180 801 449 849 secundum
465 809 622 850 metas
637 801 690 848 in
706 800 803 848 suis
819 799 1002 849 litteris
1039 839 1048 847 .
1083 839 1092 847 .
1130 838 1139 847 .
1179 805 1437 847 contentas
1452 797 1772 862 pertinebant
1792 805 1842 846 et
1863 796 1925 844 de
1945 795 2163 861 presenti
2183 794 2255 843 eis

179 893 330 957 pleno
345 893 454 941 iure
470 900 519 942 et
535 910 636 941 non
654 893 741 941 fibi
759 902 813 940 ut
830 900 995 941 cetere
1013 898 1144 940 terre
1162 891 1223 939 de
1242 891 1437 940 Tarvas
1454 891 1779 940 dinoscuntur
1794 889 2048 955 pertinere
2070 917 2080 928 ·
2101 904 2256 953 quare

243 1026 251 1034 .
303 1026 311 1035 .
356 986 419 1034 ad
441 986 755 1035 euadendum
781 985 1060 1050 periculum
1092 984 1256 1032 anime
1294 985 1375 1032 sue
1412 991 1462 1032 et
1497 983 1776 1032 animarum
1813 982 2172 1031 antecessorum
2209 989 2258 1028 et

182 1077 506 1128 successorum
531 1079 728 1126 suorum
753 1086 960 1143 propter
984 1078 1070 1125 sua
1093 1076 1337 1125 demerita
1359 1093 1512 1141 penes
1537 1075 1704 1123 Deum
1730 1074 1933 1123 abbates
1971 1081 2019 1122 et
2045 1089 2258 1121 conuen-

184 1181 286 1220 tum
332 1172 451 1221 dieti
488 1171 777 1220 monasterii
816 1171 868 1219 in
909 1170 1176 1219 debatabili
1221 1168 1476 1233 questione
1513 1167 1850 1232 predictarum
1891 1174 2140 1214 terrarum
2182 1182 2257 1213 re-

186 1265 389 1313 troactis
415 1265 720 1329 temporibus
745 1264 926 1312 iniuste
946 1270 1234 1328 perpetrata
1270 1301 1279 1310 .
1316 1299 1326 1310 .
1358 1300 1367 1310 .
1406 1278 1551 1309 omne
1569 1260 1812 1309 clameum
1850 1299 1860 1309 .
1896 1300 1904 1308 .
1937 1299 1946 1308 .
1985 1259 2257 1307 earundem

184 1375 276 1422 pro
313 1357 360 1405 se
398 1365 447 1405 et
485 1357 753 1405 heredibus
795 1355 891 1404 suis
927 1357 1295 1421 imperpetuum
1327 1394 1336 1403 .
1376 1394 1385 1403 .
1424 1394 1433 1402 .
1472 1353 1723 1402 Malcomo
1764 1392 1774 1402 .
1825 1393 1834 1402 .
1884 1393 1893 1401 .
1936 1353 2104 1402 abbati
2141 1392 2150 1401 .
2195 1392 2203 1400 .
2249 1391 2257 1400 .

184 1449 382 1514 penitus
430 1450 748 1498 renunciauit
790 1468 848 1498 ac
898 1489 907 1498 .
958 1488 966 1497 .
1017 1488 1026 1497 .
1103 1448 1256 1497 dietas
1305 1455 1465 1496 terras
1515 1485 1524 1495 .
1575 1486 1584 1494 .
1635 1486 1643 1494 .
1688 1446 2093 1510 quieteclamauit
2136 1485 2145 1493 .
2193 1485 2202 1493 .
2249 1484 2258 1493 .

188 1540 349 1607 Super
391 1541 568 1606 quibus
614 1581 622 1590 .
671 1581 679 1590 .
725 1582 733 1590 .
779 1541 1255 1591 Malcomusabbas
1301 1579 1310 1588 .
1359 1579 1367 1588 .
1416 1579 1425 1588 .
1470 1539 1557 1588 fibi
1599 1546 1648 1587 et
1691 1539 1961 1588 conuentui
1999 1578 2007 1587 .
2053 1578 2061 1587 .
2105 1578 2114 1587 .
2151 1539 2259 1586 fieri

185 1635 338 1700 peciit
361 1635 618 1699 publicum
644 1635 1027 1683 instrumentum
1066 1650 1157 1697 per
1193 1650 1272 1681 me
1309 1632 1560 1682 notarium
1593 1632 1847 1696 publicum
1884 1632 2210 1696 subscriptum
2247 1662 2257 1671 ·

188 1731 321 1780 Acta
344 1731 547 1779 fuerunt
572 1730 663 1778 hec
689 1730 740 1778 in
767 1747 968 1778 camera
990 1728 1201 1794 pretorii
1219 1727 1367 1793 burgi
1392 1727 1454 1775 de
1479 1726 1708 1774 Abirden
1728 1725 1852 1774 hora
1872 1727 2003 1790 quafi
2026 1725 2262 1773 merediei

188 1864 197 1872 .
231 1863 240 1872 .
279 1863 288 1872 .
325 1823 636 1889 presentibus
663 1861 672 1871 .
700 1863 709 1871 .
737 1862 747 1872 .
777 1822 1029 1871 Willelmo
1057 1822 1119 1870 de
1147 1820 1485 1886 Ochtir-lovny
1511 1820 1712 1869 domino
1738 1820 1799 1868 de
1826 1819 1977 1885 Kelly
2004 1847 2014 1858 ·
2034 1818 2262 1867 Waltero

192 1917 404 1967 Stewart
445 1918 662 1982 dompno
703 1917 763 1965 de
807 1916 1025 1965 Munes·
1060 1915 1282 1964 Patricio
1321 1914 1382 1962 de
1429 1913 1641 1978 Gardyn
1688 1913 1749 1961 de
1793 1913 1966 1961 eodem
1993 1940 2004 1951 ·
2029 1911 2263 1977 magistro

189 2011 363 2060 Dauid
389 2010 586 2059 Guthre
621 2011 683 2060 de
720 2010 1071 2077 Kyncaldrum
1097 2038 1106 2047 ·
1133 2008 1327 2058 Jacobo
1365 2007 1427 2056 de
1467 2005 1665 2056 Guthre
1702 2006 1857 2054 fratre
1895 2005 1979 2054 suo
2006 2035 2016 2045 ·
2044 2005 2262 2053 Ricardo

191 2105 252 2153 de
279 2104 482 2169 Kyntor
504 2104 749 2169 burgense
780 2105 842 2153 de
883 2103 1114 2152 Abirden
1139 2132 1149 2142 ·
1179 2101 1378 2150 Thoma
1414 2100 1585 2149 Brovn
1610 2130 1620 2139 ·
1647 2108 1696 2149 et
1727 2100 1925 2149 Thoma
1966 2099 2217 2148 Ramsoun
2253 2125 2263 2135 ·

193 2215 304 2246 cum
332 2197 497 2245 multis
522 2197 632 2246 aliis
682 2235 694 2245 .
745 2235 756 2246 .
803 2233 814 2245 .
858 2197 925 2246 Et
949 2214 1042 2262 ego
1067 2196 1240 2246 Dauid
1265 2195 1405 2244 Rede
1454 2233 1464 2243 .
1512 2233 1523 2243 .
1569 2232 1580 2243 .
1626 2194 1850 2243 notarius
1874 2192 2112 2259 premiffis
2147 2231 2157 2241 .
2199 2231 2209 2240 .
2251 2231 2260 2239 .

190 2290 395 2340 interfui
421 2308 577 2355 eaque
617 2328 627 2338 .
674 2327 685 2338 .
730 2328 740 2339 .
775 2290 827 2338 in
851 2297 1022 2339 notam
1046 2289 1221 2355 sumpfi
1246 2289 1460 2353 ideoque
1484 2288 1685 2353 presens
1725 2325 1735 2336 .
1778 2325 1788 2336 .
1833 2326 1844 2336 .
1882 2287 2262 2336 instrumentum

190 2400 342 2431 manu
367 2400 478 2431 mea
515 2420 526 2431 .
565 2420 575 2430 .
615 2420 625 2430 .
660 2382 898 2447 scriptum
939 2382 1075 2446 figno
1112 2390 1162 2432 et
1197 2383 1400 2431 nomine
1436 2383 1559 2430 meis
1604 2420 1615 2430 .
1667 2420 1685 2443 ,Ι
1732 2420 1742 2430 .
1784 2381 1974 2445 fignaui
2016 2398 2113 2428 vna
2151 2397 2261 2428 cum

194 2476 491 2541 appensione
518 2475 662 2541 figilli
686 2475 868 2540 prefati
894 2475 1137 2524 Willelmi
1162 2476 1223 2525 de
1251 2475 1457 2542 Vldeny
1483 2483 1532 2525 et
1554 2475 1911 2540 subscriptione
1935 2475 2020 2524 sua
2042 2475 2262 2523 manuali

195 2609 204 2617 .
249 2609 257 2618 .
302 2609 311 2618 .
352 2569 636 2618 Willelmus
661 2569 723 2617 de
749 2568 953 2635 Vldeny
976 2586 1126 2618 manu
1151 2570 1370 2635 propria.

197 2823 523 2908 Preceptum
548 2843 742 2908 regium
778 2844 840 2891 de
875 2843 1315 2908 perambulacione
1339 2843 1571 2893 facienda
1595 2843 1727 2892 inter
1752 2850 1911 2893 terras
1938 2845 2000 2893 de
2028 2843 2262 2894 Ouchtir—

194 2939 360 3003 lowny
386 2943 435 2986 et
460 2935 649 2984 Forfar.

53 3149 148 3193 110
198 3102 435 3175 Jacobus
472 3162 481 3171 .
525 3159 535 3169 .
581 3160 589 3169 .
627 3138 716 3169 rex
759 3118 1022 3170 Scotorum
1067 3122 1295 3172 omnibus
1332 3160 1342 3170 .
1387 3161 1396 3170 .
1437 3161 1446 3170 .
1484 3122 1581 3170 suis
1626 3161 1635 3170 .
1683 3158 1694 3169 .
1740 3160 1750 3170 .
1796 3122 2001 3170 salutem
2039 3151 2048 3160 ·
2086 3121 2262 3169 Sciatis

200 3216 334 3280 quod
359 3212 706 3279 affignauimus
734 3251 742 3262 .
775 3252 784 3261 .
820 3252 828 3262 .
857 3213 1249 3279 consanguineos
1285 3213 1478 3262 nostros
1515 3214 1791 3262 Robertum
1822 3215 1882 3262 de
1912 3213 2163 3263 Grahame
2200 3214 2260 3260 de
