2762 3834
116 1564 178 1609 52

122 3054 185 3096 53

683 404 1113 455 REGISTRUM
1146 403 1244 454 DE
1280 400 1842 454 ABERBROTHOC.
2232 410 2296 458 49

223 539 396 602 jacens
432 538 483 587 in
520 539 640 588 villa
671 539 733 588 de
773 538 920 605 Colly
954 540 1006 589 in
1040 539 1152 588 vico
1188 538 1275 603 qui
1314 538 1496 587 dicitur
1529 537 1785 603 Kyrkgait
1820 553 1881 586 ex
1913 543 2057 601 parte
2093 536 2296 585 australi

230 631 446 680 eiusdem
473 631 570 680 vici
610 632 740 680 inter
764 640 950 680 terram
989 671 998 680 .
1042 668 1052 680 .
1095 631 1504 681 ..monachorum
1542 648 1600 682 ex
1640 639 1782 696 parte
1817 629 2049 680 orientali
2088 669 2098 678 .
2142 668 2152 679 .
2198 669 2207 678 .
2247 639 2296 678 et

230 725 444 774 croftum
483 725 618 789 quod
656 725 840 774 dieitur
868 724 1160 790 Castailgait
1198 743 1259 774 ex
1296 730 1438 789 parte
1478 723 1778 773 occidentali
1821 762 1831 771 .
1881 761 1890 772 .
1941 760 1951 770 .
1996 721 2296 771 Tenendum

349 857 358 866 .
403 818 476 867 ita
507 818 663 867 libere
709 858 718 867 .
771 856 781 866 .
829 856 838 866 .
886 818 1008 867 ficut
1032 817 1250 882 aliquam
1275 817 1424 867 aliam
1454 824 1641 866 terram
1665 817 2033 866 elemofinatam
2061 816 2114 864 in
2139 833 2296 881 regno

234 909 408 960 Seocie
447 948 457 958 .
499 948 508 958 .
548 949 558 958 .
600 918 773 958 tenent
804 950 813 960 .
853 949 862 959 .
902 949 912 958 .
945 910 1007 958 In
1029 910 1170 959 euius
1194 910 1270 959 rei
1294 908 1628 958 testimonium
1654 909 1863 974 figillum
1889 926 2054 957 meum
2078 908 2295 973 presenti

231 1003 410 1067 scripto
444 1002 649 1067 apposui
686 1003 819 1067 apud
854 1002 1204 1051 monasterium
1221 1003 1291 1051 vde
1316 1001 1655 1051 Abirbrothoe
1679 1019 1820 1050 xxuu
1860 1001 1944 1050 die
1968 1001 2144 1050 menfis
2169 1000 2294 1049 Julii

232 1112 363 1143 anno
389 1095 577 1143 domini
603 1102 670 1143 m⁰
694 1102 830 1144 66660
855 1095 1049 1144 decimo
1075 1095 1246 1144 tercio.

188 1400 191 1403 ’
234 1357 408 1430 Carta
429 1379 674 1442 perticate
699 1386 834 1427 terre
859 1377 911 1425 in
936 1376 1108 1425 Perth.

235 1540 548 1614 Omnibus.
588 1599 599 1610 .
641 1599 652 1610 .
691 1561 945 1611 Walterus
986 1599 997 1610 .
1037 1599 1048 1609 .
1088 1599 1099 1610 .
1138 1561 1289 1611 abbas
1327 1599 1339 1611 .
1380 1600 1393 1611 .
1431 1601 1442 1611 .
1481 1564 1543 1612 de
1563 1563 1904 1613 Abirbrothoc
1943 1601 1954 1612 .
1994 1602 2004 1613 .
2045 1602 2056 1613 .
2093 1565 2297 1614 salutem

235 1693 245 1704 .
287 1692 298 1704 .
338 1692 349 1703 .
390 1643 571 1705 Sciatis
597 1671 687 1703 nos
726 1692 737 1702 .
777 1692 788 1702 .
829 1692 840 1702 .
880 1653 1119 1703 consensu
1157 1692 1168 1703 .
1209 1691 1220 1703 .
1260 1693 1272 1703 .
1311 1655 1518 1720 capituli
1541 1656 1698 1704 nostri
1737 1693 1747 1704 .
1789 1694 1800 1704 .
1841 1694 1852 1705 .
1892 1656 2166 1706 conceffiffe
2206 1696 2216 1705 .
2246 1695 2296 1705 ..

231 1748 266 1797 J
270 1748 455 1797 ohanni
475 1748 536 1796 de
558 1746 770 1813 Conady
809 1785 820 1795 .
861 1783 872 1795 .
914 1784 924 1796 .
962 1747 1141 1796 toftum
1161 1747 1385 1798 nostrum
1404 1750 1465 1799 de
1485 1749 1642 1798 Perth
1658 1750 1833 1814 jacens
1851 1750 1906 1798 in
1929 1750 1976 1799 le
2002 1750 2300 1799 Barkarraw

234 1849 376 1891 extra
397 1851 595 1907 portam
620 1842 683 1891 de
708 1849 843 1891 turet
861 1842 1035 1906 jacens
1059 1841 1193 1891 inter
1225 1850 1413 1891 terram
1447 1841 1483 1891 J
1486 1842 1697 1890 ohannis
1735 1842 1843 1892 Gill
1879 1843 1940 1891 de
1978 1842 2202 1892 Haltoun
2241 1861 2301 1891 ex

233 1942 376 1999 parte
414 1933 617 1983 australi
668 1971 679 1982 .
731 1971 742 1983 .
777 1971 809 2001 ἵ.
857 1942 907 1984 et
944 1933 1167 1983 diuersas
1205 1943 1366 1984 terras
1402 1934 1597 1984 nostras
1636 1952 1733 2000 que
1757 1935 1806 1984 se
1831 1937 2108 1986 extendunt
2137 1938 2302 1985 versus

235 2028 451 2078 austrum
477 2035 526 2078 et
548 2029 751 2077 boream
777 2046 839 2077 ex
862 2035 1006 2093 parte
1030 2028 1211 2078 boriali
1261 2065 1273 2076 .
1324 2065 1336 2077 .
1387 2064 1400 2077 .
1453 2027 1754 2078 Tenendum
1804 2066 1816 2078 .
1869 2066 1880 2078 .
1933 2066 1945 2078 .
1995 2029 2047 2077 in
2080 2029 2227 2078 feodo
2253 2038 2309 2077 et-

234 2121 511 2170 hereditate
549 2158 560 2169 .
600 2158 611 2169 .
652 2158 662 2169 .
701 2120 980 2170 Reddendo
1014 2157 1030 2169 .
1070 2159 1082 2170 .
1123 2158 1135 2170 .
1171 2120 1254 2170 sex
1279 2120 1463 2170 solidos
1488 2121 1670 2171 vsualis
1705 2130 1905 2171 monete
1941 2123 2086 2187 regni
2126 2121 2300 2171 Scoeie

236 2214 299 2262 ad
323 2214 447 2262 duos
472 2214 591 2263 anni
616 2213 854 2262 terminos
905 2251 916 2262 .
969 2251 981 2262 .
1033 2251 1045 2262 .
1095 2230 1208 2262 cum
1241 2214 1351 2263 aliis
1375 2215 1598 2265 seruiciis
1623 2216 1685 2264 de
1710 2216 1840 2265 (1ίὸὶο
1877 2215 2001 2264 tofto
2037 2215 2216 2263 debitis
2253 2224 2302 2264 et

237 2307 480 2356 consuetis
518 2333 528 2343 ·
571 2305 631 2355 In
670 2306 811 2355 cuius
849 2306 924 2355 rei
963 2305 1301 2355 testimonium
1338 2306 1428 2372 ipfi
1466 2308 1685 2372 presenti
1723 2315 1860 2357 carte
1895 2306 2062 2355 nostre
2088 2306 2301 2372 sigillum

237 2416 497 2449 commune
523 2398 730 2463 capituli
755 2398 910 2447 nostri
936 2398 1165 2448 duximus
1184 2401 1537 2465 apponendum
1556 2401 1689 2466 apud
1709 2399 2060 2449 monasterium
2078 2398 2299 2448 nostrum

366 2529 377 2541 .
427 2494 602 2540 080aua
633 2491 715 2540 die
750 2490 928 2540 menfis
959 2491 1086 2541 Julii
1117 2509 1249 2542 anno
1274 2492 1483 2542 Domini
1522 2491 1777 2542 millesimo
1813 2491 2298 2557 quadringentesimo

237 2584 430 2634 (16611110
455 2591 649 2648 quarto.

237 2842 641 2914 Perambulacio
664 2865 795 2914 fafita
817 2865 950 2914 inter
974 2874 1133 2914 terras
1158 2865 1220 2913 de
1247 2864 1453 2914 Tarwas
1478 2872 1528 2914 et
1552 2863 1759 2930 Wldny.

241 3022 614 3097 Contrauerfia
656 3080 667 3091 .
713 3081 724 3092 .
769 3081 780 3092 .
824 3044 1014 3110 agitata
1048 3045 1135 3093 diu
1178 3081 1189 3093 .
1235 3081 1246 3092 .
1292 3082 1303 3094 .
1346 3044 1479 3095 inter
1522 3081 1534 3093 .
1580 3080 1592 3093 .
1637 3081 1648 3093 .
1692 3045 1894 3094 abbates
1925 3042 2210 3092 monasterii
2234 3043 2295 3090 de

239 3135 576 3186 Abirbrothoc
615 3173 625 3184 .
665 3173 676 3184 .
717 3171 729 3184 .
766 3153 827 3184 ex
863 3144 1007 3201 parte
1050 3154 1149 3186 vna
1184 3138 1330 3202 super
1371 3135 1610 3185 limitibus
1648 3173 1659 3184 .
1699 3172 1711 3185 .
1750 3172 1763 3185 .
1800 3143 2048 3185 terrarum
2087 3133 2294 3182 dominii

240 3231 300 3279 de
344 3228 550 3278 Tarwas
601 3264 612 3276 .
663 3265 674 3276 .
727 3263 741 3276 .·
787 3228 979 3276 abbatis
1021 3236 1072 3277 et
1113 3235 1390 3278 conuentus
1432 3245 1491 3277 ae
1526 3228 1784 3277 dominum
1819 3228 1881 3276 de
1919 3226 2108 3290 Wldny
2150 3226 2293 3288 super

1254 3336 1288 3368 G
