2762 3834
661 419 1092 471 REGISTRUM
1128 419 1226 469 DE
1263 418 1827 470 ABERBROTHOC‚
2215 417 2277 470 37

208 553 352 601 nobis
390 553 647 603 annuatim
690 590 702 602 .
741 591 752 603 .
795 592 807 604 .
848 555 1022 604 decem
1059 554 1239 604 solidos
1278 554 1628 620 sterlingorum
1655 554 1720 603 ad
1745 554 1869 603 duos
1894 552 2014 602 anni
2039 551 2279 601 terminos

212 683 222 693 .
259 682 271 693 .
307 682 318 694 .
347 647 718 696 manutenendo
745 655 794 696 et
818 648 1117 697 dimittendo
1137 648 1320 696 dietum
1345 647 1556 697 officium
1584 653 1926 712 competenter
1967 683 1979 695 .
2024 682 2036 695 .
2077 683 2088 694 .
2125 644 2192 693 Et
2216 644 2280 693 ad

208 737 302 787 hec
327 739 494 787 omnia
522 777 530 785 .
560 777 570 788 .
602 777 612 787 .
640 739 938 805 complenda
965 777 975 787 .
1005 779 1016 790 .
1045 777 1055 787 .
1083 740 1326 806 obligauit
1350 741 1398 789 se
1422 740 1632 789 heredes
1664 740 1774 789 suos
1799 757 1857 789 ac
1881 741 1992 789 suos
2017 737 2280 805 affignatos

210 840 259 881 et
284 833 451 882 omnia
474 842 762 883 tenementa
784 835 870 884 sua
894 835 947 883 in
973 834 1103 883 dieto
1127 834 1288 900 burgo
1315 833 1584 883 existencia
1618 833 1726 882 fore
1752 833 1995 898 capienda
2029 831 2281 880 namanda

209 934 258 975 et
284 926 630 990 compellenda
653 927 718 975 ad
743 927 1049 977 voluntatem
1074 927 1265 977 abbatis
1291 933 1340 975 et
1366 934 1641 976 conuentus
1680 963 1692 975 .
1731 962 1744 974 .
1787 963 1798 974 .
1834 925 2025 975 Datum
2048 931 2279 990 patenter

210 1018 295 1066 sub
334 1019 585 1068 communi
622 1018 782 1085 figillo
820 1020 1028 1086 capituli
1065 1019 1222 1069 nostri
1259 1019 1392 1084 apud
1423 1018 1762 1068 Abirbrothoc
1796 1018 1960 1084 primo
1997 1018 2078 1067 die
2101 1017 2279 1066 menfis

210 1110 514 1161 Nouembris
538 1129 669 1162 anno
692 1113 854 1177 gratie
878 1112 1134 1161 millefimo
1159 1110 1503 1162 trecentesimo
1530 1110 1826 1178 onitogefimo
1850 1113 2080 1161 secundo.

212 1372 386 1446 Carta
411 1403 657 1445 terrarum
684 1396 745 1445 de
769 1394 1005 1461 Forglen.

213 1553 477 1629 Omnibus
517 1613 527 1624 .
568 1613 578 1624 .
619 1613 630 1624 .
667 1574 927 1625 Johannes
967 1613 976 1623 .
1017 1613 1028 1623 .
1070 1613 1080 1623 .
1119 1576 1270 1625 abbas
1308 1613 1319 1623 .
1361 1615 1371 1625 .
1413 1614 1424 1626 .
1463 1578 1524 1626 de
1558 1577 1896 1629 Abirbrothoc
1925 1617 1935 1628 .
1965 1618 1976 1628 .
2005 1618 2016 1629 .
2041 1581 2246 1630 salutem
2270 1610 2281 1620 ·

215 1667 395 1718 Sciatis
419 1685 510 1717 nos
535 1685 596 1718 ex
622 1667 858 1718 consensu
897 1706 908 1717 .
949 1706 960 1716 .
1001 1706 1011 1717 .
1052 1668 1261 1734 capituli
1290 1669 1448 1719 nostri
1486 1708 1498 1719 .
1539 1708 1549 1719 .
1590 1710 1600 1720 .
1640 1670 1866 1720 affedaffe
1906 1710 1916 1720 .
1958 1710 1969 1720 .
2011 1710 2021 1720 .
2058 1673 2281 1722 Johanni

211 1761 389 1810 Fraser
427 1769 477 1811 et
514 1761 781 1810 heredibus
826 1761 923 1810 suis
962 1762 1024 1810 de
1070 1778 1280 1827 corpore
1329 1762 1414 1811 suo
1461 1762 1706 1828 legittime
1753 1765 2079 1829 procreandis
2128 1773 2281 1814 totam

212 1863 398 1904 terram
435 1855 653 1904 nostram
692 1855 754 1904 de
792 1853 1013 1920 Forglen
1054 1871 1151 1919 que
1183 1855 1403 1920 pertinet
1428 1856 1492 1905 ad
1516 1856 1881 1907 Barcbennach
1907 1875 2006 1907 vna
2031 1875 2142 1907 cum
2175 1859 2284 1907 iure

211 1955 505 2013 patronatus
531 1947 735 1998 ecclefie
760 1948 978 1997 eiusdem
1002 1956 1136 1998 terre
1162 1965 1253 2015 pro
1272 1948 1506 2015 homagio
1527 1957 1577 1999 et
1595 1950 1806 1999 seruicio
1835 1988 1845 1999 .
1875 1988 1887 1999 .
1915 1988 1927 2000 .
1954 1951 2284 2015 faciendoque

211 2041 264 2089 in
290 2041 514 2090 exercitu
539 2040 729 2089 domini
753 2040 888 2106 regis
912 2040 1115 2090 nomine
1139 2040 1307 2091 nostro
1331 2058 1423 2108 pro
1460 2042 1595 2092 dicta
1631 2050 1767 2092 terra
1803 2044 1936 2108 quod
1970 2043 2190 2109 pertinet
2223 2045 2286 2093 ad

213 2132 576 2183 Bracbennach
620 2133 859 2198 quociens
908 2150 1032 2198 opus
1074 2133 1228 2183 fuerit
1286 2162 1296 2171 ·
1363 2134 1734 2200 Quamquidem
1789 2145 1975 2186 terram
2027 2122 2285 2187 Gilbertus

213 2226 353 2293 Vrry
385 2234 434 2275 et
469 2226 708 2277 Johanna
742 2225 914 2291 sponsa
948 2225 1054 2275 eius
1086 2226 1233 2276 heres
1267 2229 1519 2292 quondam
1551 2228 1794 2278 Mariorie
1827 2229 1998 2294 sponse
2035 2229 2071 2278 J
2075 2229 2285 2278 ohannis

212 2320 391 2371 Fraser
427 2321 528 2370 filie
566 2328 616 2370 et
651 2320 851 2369 heredis
885 2320 1137 2385 quondam
1173 2321 1365 2370 domini
1403 2321 1653 2370 Johannis
1685 2322 1747 2371 de
1778 2321 2077 2388 Monymufk
2112 2322 2284 2371 militis

215 2414 349 2479 apud
384 2412 603 2478 Forglen
649 2412 808 2462 tercio
850 2412 932 2461 die
980 2411 1159 2461 menfis
1201 2413 1420 2480 Augusti
1461 2432 1594 2464 anno
1632 2414 1841 2463 Domini
1883 2415 2140 2464 millesimo
2180 2422 2285 2464 ccc⁰

215 2508 422 2557 lxxxvii⁰
461 2524 631 2557 coram
665 2506 1049 2571 quampluribus
1096 2505 1362 2572 fidedignis
1409 2507 1643 2557 videlicet
1690 2508 1906 2572 dompno
1950 2507 2173 2558 Roberto
2221 2510 2282 2557 de

215 2600 472 2650 Dumbarr
495 2629 505 2640 ·
531 2600 566 2649 J
570 2599 766 2648 ohanne
780 2599 883 2647 filio
902 2598 1141 2648 Nicholai
1167 2627 1178 2638 ·
1203 2599 1237 2648 J
1242 2598 1439 2647 ohanne
1458 2601 1624 2648 Bouer
1649 2628 1659 2639 -
1682 2598 1939 2648 monachis
1961 2627 1971 2636 ·
1993 2599 2283 2649 Alexandro

217 2693 527 2760 Skyrmchur
552 2693 613 2741 de
640 2691 987 2740 Abirbrothoc
1008 2691 1272 2740 senescallo
1292 2690 1460 2739 nostro
1485 2718 1495 2728 ·
1523 2691 1719 2740 Thoma
1737 2690 1915 2739 Fraser
1934 2691 1996 2739 de
2014 2691 2245 2740 Kortoun
2274 2723 2283 2732 -

217 2788 474 2837 Willelmo
511 2787 572 2835 de
606 2785 909 2851 Difl'yntoun
948 2785 1052 2834 filio
1092 2793 1142 2835 et
1177 2783 1362 2833 herede
1399 2782 1590 2832 domini
1614 2782 1858 2832 Willelmi
1892 2783 1953 2832 de
1985 2783 2283 2849 Diffyntoun

216 2880 389 2930 militis
416 2910 426 2920 ·
452 2879 659 2927 Andrea
683 2877 894 2944 Malvyn
918 2905 929 2916 ·
953 2877 989 2926 J
992 2877 1188 2926 ohanne
1221 2875 1408 2927 Setoun
1435 2906 1445 2917 ·
1474 2876 1797 2943 burgensibus
1823 2878 1884 2926 de
1910 2877 2246 2927 Abirbrothoc
2273 2907 2283 2916 ·

217 2973 253 3022 J
256 2973 451 3022 ohanne
478 2971 653 3021 Conan
681 2973 740 3019 de
769 2969 1089 3036 Conansythe
1127 3007 1138 3018 .
1170 2978 1220 3020 et
1242 2969 1413 3018 multis
1438 2969 1548 3018 aliis
1572 2969 1716 3018 nobis
1755 3007 1766 3018 .
1806 3007 1816 3018 .
1858 3007 1869 3018 .
1906 2970 2285 3035 refignauerunt

222 3103 233 3114 .
263 3102 275 3114 .
302 3103 314 3114 .
339 3065 706 3130 imperpetuum
731 3092 741 3102 -
770 3062 1067 3112 Tenendam
1105 3098 1117 3110 .
1159 3100 1169 3110 .
1211 3100 1222 3111 .
1260 3078 1370 3110 cum
1399 3061 1696 3109 omnimodis
1717 3061 2031 3110 libertatibus
2068 3099 2079 3110 .
2120 3099 2131 3110 .
2171 3099 2182 3110 .
2220 3062 2285 3110 Et

221 3156 255 3206 fi
296 3156 555 3222 contingat
594 3155 779 3204 di&um
816 3154 1103 3204 ‚Iohannem
1142 3161 1191 3202 et
1229 3153 1440 3202 heredes
1464 3153 1574 3201 suos
1607 3153 1669 3201 de
1700 3170 1911 3217 corpore
1935 3155 2020 3202 suo
2045 3153 2284 3218 legittime

220 3256 509 3315 procreatos
535 3248 749 3297 deficere
778 3245 959 3311 absque
996 3245 1167 3295 liberis
1193 3245 1255 3295 de
1281 3245 1574 3310 corporibus
1602 3244 1699 3294 suis
1736 3245 1980 3310 legittime
2010 3246 2283 3310 procreatis
