2742 3848
326 779 445 829 VII.

299 1435 445 1486 VIII.

497 368 595 414 538
1133 361 1430 414 CARTAE
1469 359 1942 411 ORIGINALES.

492 568 784 643 Proteccio
808 597 1052 655 perpetua
1076 597 1291 654 quatuor
1317 587 1671 637 clausularum.

498 753 777 830 Robertus
825 813 835 823 .
885 814 894 822 .
945 812 954 822 .
1003 789 1091 821 rex
1131 771 1419 822 Scottorum
1458 773 1687 822 omnibus
1731 772 1848 839 [etc.
1893 782 1948 822 ut
1982 773 2036 822 in
2074 771 2192 822 Vol.
2223 771 2266 823 I.
2299 773 2399 824 No.
2431 775 2569 842 288]

497 910 506 918 .
556 907 565 917 .
613 908 621 916 .
666 867 823 932 Apud
860 866 1144 915 Berwicum
1180 865 1328 931 super
1365 865 1609 916 Twedam
1646 865 2054 931 septimodecimo
2092 867 2174 917 die
2212 867 2407 933 Aprilis
2443 886 2576 917 anno

497 961 639 1027 regni
664 959 822 1009 nostri
843 959 1238 1024 quintodecimo.

495 1220 852 1294 confirmacio
878 1242 1012 1307 regis
1037 1240 1249 1290 Roberti
1276 1240 1337 1290 de
1363 1239 1512 1290 terris
1539 1248 1589 1290 et
1612 1239 1947 1290 libertatibus.

499 1406 778 1482 Robertus
828 1467 838 1477 .
884 1467 894 1476 .
938 1467 948 1476 .
999 1445 1088 1477 rex
1133 1426 1421 1478 Scottorum
1464 1466 1474 1476 .
1519 1467 1528 1475 .
1574 1466 1582 1475 .
1634 1426 1864 1475 omnibus
1910 1466 1920 1476 .
1968 1466 1977 1476 .
2024 1466 2033 1476 .
2079 1427 2286 1477 salutem
2335 1458 2345 1468 -
2400 1427 2581 1478 Sciatis

497 1540 587 1571 nos
629 1520 886 1587 inspexisse
933 1560 942 1570 .
989 1559 1000 1569 .
1049 1560 1058 1570 .
1103 1521 1410 1570 donaciones
1452 1529 1502 1570 et
1544 1520 1960 1569 confirmaciones
2007 1557 2018 1569 .
2059 1557 2070 1568 .
2111 1557 2122 1569 .
2161 1519 2406 1570 Willelmi
2451 1559 2462 1569 .
2509 1559 2520 1569 .
2569 1560 2579 1568 .

496 1616 629 1682 regis
672 1614 848 1665 Scocie
890 1655 899 1663 .
942 1655 950 1664 .
996 1655 1005 1663 .
1049 1614 1353 1663 monasterio
1398 1651 1409 1662 .
1456 1650 1468 1662 .
1513 1650 1526 1662 .
1571 1613 1633 1661 de
1677 1612 2023 1662 Abirbrothoc
2068 1651 2079 1661 .
2125 1650 2135 1661 .
2181 1651 2194 1662 .
2238 1613 2486 1663 concessas
2528 1614 2581 1663 in

494 1710 589 1758 hec
632 1710 787 1758 verba
834 1736 844 1746 ·
883 1707 1170 1757 Willelmus
1208 1705 1310 1756 Dei
1351 1706 1527 1772 gracia
1566 1724 1655 1755 rex
1702 1705 1990 1756 Scottorum
2033 1707 2275 1772 episcopis
2319 1707 2580 1757 abbatibus

495 1804 759 1852 comitibus
784 1803 1056 1852 baronibus
1081 1800 1369 1850 iusticiariis
1390 1800 1768 1849 vicecomitibus
1788 1807 1839 1849 et
1858 1800 2086 1849 omnibus
2106 1800 2275 1865 probis
2294 1800 2579 1851 hominibus
2606 1786 2608 1788 .

495 1897 657 1946 tocius
682 1907 816 1946 terre
842 1897 924 1945 sue
951 1895 1150 1945 clericis
1176 1903 1226 1944 et
1249 1894 1393 1944 laicis
1419 1893 1627 1943 salutem
1665 1921 1676 1932 ·
1718 1893 1893 1944 Sciant
1928 1895 2183 1959 presentes
2220 1901 2270 1943 et
2307 1894 2462 1944 futuri
2499 1911 2578 1944 me

495 2007 586 2055 pro
624 2007 794 2039 amore
832 1989 935 2039 Dei
971 1997 1021 2038 et
1055 2006 1148 2053 pro
1185 1987 1340 2037 salute
1377 1988 1543 2037 anime
1580 2005 1690 2036 mee
1727 1996 1777 2038 et
1814 1988 2092 2037 animarum
2132 1989 2492 2038 antecessorum
2530 1998 2578 2038 et

494 2082 823 2132 successorum
859 2099 1085 2131 meorum
1123 2080 1308 2131 dedisse
1341 2088 1391 2130 et
1423 2080 1702 2130 concessisse
1740 2088 1789 2130 et
1824 2080 1921 2131 hac
1956 2099 2069 2131 mea
2106 2089 2246 2131 carta
2271 2082 2578 2131 confirmasse

494 2176 609 2225 Deo
635 2182 684 2224 et
709 2174 915 2224 ecclesie
952 2191 1102 2239 quam
1138 2174 1349 2223 fundaui
1374 2173 1427 2222 in
1452 2173 1644 2223 honore
1680 2173 1782 2224 Dei
1808 2182 1857 2224 et
1886 2173 2055 2224 Sancffti
2089 2174 2285 2225 Thome
2322 2176 2576 2241 archipre-

496 2269 613 2318 sulis
651 2277 702 2318 et
739 2269 960 2317 martiris
997 2267 1132 2333 apud
1171 2267 1515 2317 Abirbrothoc
1555 2274 1605 2316 et
1642 2267 1902 2316 monachis
1931 2267 2118 2317 ibidem
2156 2267 2269 2317 Deo
2306 2277 2356 2318 et
2394 2267 2577 2319 Sani-to

498 2362 693 2411 Thome
735 2361 1066 2411 seruientibus
1108 2360 1159 2409 in
1203 2360 1414 2409 liberam
1455 2367 1505 2409 et
1542 2370 1839 2425 perpetuam
1876 2360 2191 2410 elemosinam
2234 2362 2577 2412 Abirbrothoc

497 2472 609 2503 cum
635 2463 741 2504 tota
765 2454 927 2503 schira
951 2455 1037 2503 sua
1061 2471 1151 2519 per
1175 2457 1335 2502 re&as
1360 2453 1544 2502 diuisas
1568 2455 1677 2503 suas
1714 2454 1767 2502 in
1802 2454 1950 2503 bosco
1987 2463 2037 2505 et
2072 2455 2224 2520 plano
2256 2455 2309 2504 in
2342 2455 2490 2505 terris
2527 2466 2576 2506 et

496 2548 636 2612 aquis
684 2549 735 2596 in
784 2547 941 2612 pratis
989 2557 1039 2597 et
1085 2547 1279 2612 pascuis
1322 2557 1372 2596 et
1415 2564 1528 2596 cum
1571 2548 1799 2598 omnibus
1838 2548 1979 2598 iustis
2020 2550 2346 2614 pertinenciis
2388 2551 2484 2600 suis
2527 2564 2576 2600 et

496 2640 755 2691 ecclesiam
781 2641 999 2691 eiusdem
1026 2642 1143 2690 ville
1168 2642 1356 2691 scilicet
1379 2640 1725 2690 Abirbrothoc
1751 2658 1863 2690 cum
1890 2641 2131 2706 plenariis
2156 2643 2364 2692 decimis
2395 2643 2494 2692 suis
2525 2654 2575 2693 et

496 2752 609 2783 cum
650 2734 878 2783 omnibus
914 2734 1023 2783 aliis
1058 2733 1196 2783 iustis
1234 2733 1562 2799 pertinenciis
1602 2733 1698 2782 suis
1737 2763 1747 2774 ·
1788 2732 1926 2784 Dedi
1965 2734 2124 2784 eciam
2163 2744 2213 2785 et
2253 2735 2466 2785 conceffi
2504 2738 2574 2786 eis

494 2826 758 2876 licenciam
785 2834 835 2875 et
864 2826 1150 2875 libertatem
1185 2825 1406 2875 faciendi
1441 2827 1657 2892 burgum
1695 2835 1745 2877 et
1780 2827 1999 2877 habendi
2034 2837 2234 2894 portum
2272 2837 2321 2878 et
2356 2829 2574 2880 habendi

494 2920 659 2970 forum
698 2935 996 2983 vnaquaque
1037 2917 1119 2966 die
1158 2916 1364 2968 Sabbati
1399 2919 1454 2968 in
1491 2920 1666 2968 eadem
1705 2927 1843 2970 terra
1886 2952 1897 2963 ·
1942 2920 2170 2971 Conceffi
2210 2922 2370 2972 eciam
2412 2922 2482 2971 eis
2520 2923 2574 2972 in

494 3019 793 3078 perpetuum
833 3011 964 3060 hanc
1006 3011 1059 3059 in
1100 3028 1273 3060 eorum
1315 3011 1474 3076 burgo
1513 3013 1740 3076 predisto
1767 3013 2063 3063 libertatem
2102 3021 2156 3064 vt
2191 3032 2363 3064 omnes
2400 3033 2573 3066 eorum

493 3104 764 3171 burgenses
800 3104 887 3168 qui
923 3104 977 3152 in
1014 3103 1189 3153 eodem
1223 3104 1385 3170 burgo
1422 3112 1609 3154 terram
1647 3107 1729 3156 uel
1770 3108 1974 3157 domum
2015 3108 2284 3158 habuerint
2327 3116 2376 3157 et
2417 3110 2469 3158 in
2513 3126 2572 3159 eo

493 3205 753 3246 manentes
790 3197 978 3246 fuerint
1020 3204 1068 3245 et
1114 3196 1385 3263 burgenses
1427 3215 1600 3247 eorum
1643 3199 1729 3263 qui
1770 3199 1823 3249 in
1865 3200 2004 3250 toftis
2052 3217 2226 3250 eorum
2272 3209 2476 3251 manent
2519 3202 2570 3249 in
