<?xml version="1.0" encoding="UTF-8"?>
<!DOCTYPE html PUBLIC "-//W3C//DTD XHTML 1.0 Transitional//EN"
    "http://www.w3.org/TR/xhtml1/DTD/xhtml1-transitional.dtd">
<html xmlns="http://www.w3.org/1999/xhtml" xml:lang="en" lang="en">
 <head>
  <title>
</title>
<meta http-equiv="Content-Type" content="text/html;charset=utf-8" />
  <meta name='ocr-system' content='tesseract 3.04.00' />
  <meta name='ocr-capabilities' content='ocr_page ocr_carea ocr_par ocr_line ocrx_word'/>
</head>
<body>
  <div class='ocr_page' id='page_1' title='image "./libersthomedea8602arbruoft_0349.png"; bbox 0 0 2762 3834; ppageno 0'>
   <div class='ocr_carea' id='block_1_1' title="bbox 33 1251 37 1825">
    <p class='ocr_par' dir='ltr' id='par_1_1' title="bbox 33 1251 37 1825">
     <span class='ocr_line' id='line_1_1' title="bbox 33 1251 37 1825; baseline 0 0"><span class='ocrx_word' id='word_1_1' title='bbox 33 1251 37 1825; x_wconf 95' lang='lat' dir='ltr'><strong> </strong></span> 
     </span>
    </p>
   </div>
   <div class='ocr_carea' id='block_1_2' title="bbox 52 2682 141 2728">
    <p class='ocr_par' dir='ltr' id='par_1_2' title="bbox 52 2682 141 2728">
     <span class='ocr_line' id='line_1_2' title="bbox 52 2682 141 2728; baseline 0.056 -5"><span class='ocrx_word' id='word_1_2' title='bbox 52 2682 141 2728; x_wconf 85' lang='lat'><strong>303</strong></span> 
     </span>
    </p>
   </div>
   <div class='ocr_carea' id='block_1_3' title="bbox 639 347 2232 413">
    <p class='ocr_par' dir='ltr' id='par_1_3' title="bbox 639 347 2232 413">
     <span class='ocr_line' id='line_1_3' title="bbox 639 347 2232 413; baseline 0.007 -15"><span class='ocrx_word' id='word_1_3' title='bbox 639 347 1066 398; x_wconf 80' lang='lat' dir='ltr'><strong>REGISTRUM</strong></span> <span class='ocrx_word' id='word_1_4' title='bbox 1100 349 1196 397; x_wconf 90' lang='lat' dir='ltr'><strong>DE</strong></span> <span class='ocrx_word' id='word_1_5' title='bbox 1233 351 1788 403; x_wconf 84' lang='lat' dir='ltr'><strong>ABERBROTHOC.</strong></span> <span class='ocrx_word' id='word_1_6' title='bbox 1958 375 1960 377; x_wconf 60' lang='grc'><strong><em>’</em></strong></span> <span class='ocrx_word' id='word_1_7' title='bbox 2136 364 2232 413; x_wconf 79' lang='grc'><strong>249</strong></span> 
     </span>
    </p>
   </div>
   <div class='ocr_carea' id='block_1_4' title="bbox 118 480 2231 551">
    <p class='ocr_par' dir='ltr' id='par_1_4' title="bbox 118 480 2231 551">
     <span class='ocr_line' id='line_1_4' title="bbox 118 480 2231 551; baseline 0.003 -21"><span class='ocrx_word' id='word_1_8' title='bbox 118 538 122 542; x_wconf 43' lang='grc'><strong>,</strong></span> <span class='ocrx_word' id='word_1_9' title='bbox 190 482 344 531; x_wconf 86' lang='lat' dir='ltr'><strong>bollas</strong></span> <span class='ocrx_word' id='word_1_10' title='bbox 381 480 554 528; x_wconf 85' lang='lat' dir='ltr'><strong>mundi</strong></span> <span class='ocrx_word' id='word_1_11' title='bbox 592 488 641 529; x_wconf 88' lang='lat' dir='ltr'><strong>et</strong></span> <span class='ocrx_word' id='word_1_12' title='bbox 679 480 793 544; x_wconf 89' lang='lat' dir='ltr'><strong>puri</strong></span> <span class='ocrx_word' id='word_1_13' title='bbox 830 481 1068 529; x_wconf 83' lang='lat' dir='ltr'><strong>frumenti</strong></span> <span class='ocrx_word' id='word_1_14' title='bbox 1104 482 1329 530; x_wconf 82' lang='lat' dir='ltr'>mensure</span> <span class='ocrx_word' id='word_1_15' title='bbox 1369 482 1464 530; x_wconf 89' lang='lat' dir='ltr'><strong>fori</strong></span> <span class='ocrx_word' id='word_1_16' title='bbox 1500 485 1743 533; x_wconf 84' lang='lat' dir='ltr'><strong>currentis</strong></span> <span class='ocrx_word' id='word_1_17' title='bbox 1779 486 1911 535; x_wconf 86' lang='lat' dir='ltr'><strong>infra</strong></span> <span class='ocrx_word' id='word_1_18' title='bbox 1949 490 2231 551; x_wconf 84' lang='lat' dir='ltr'><strong>granarium</strong></span> 
     </span>
    </p>
   </div>
   <div class='ocr_carea' id='block_1_5' title="bbox 189 571 2232 1095">
    <p class='ocr_par' dir='ltr' id='par_1_5' title="bbox 189 571 2232 1095">
     <span class='ocr_line' id='line_1_5' title="bbox 190 571 2230 636; baseline 0.004 -14"><span class='ocrx_word' id='word_1_19' title='bbox 190 571 405 622; x_wconf 88' lang='lat' dir='ltr'><strong>nostrum</strong></span> <span class='ocrx_word' id='word_1_20' title='bbox 429 588 527 620; x_wconf 87' lang='lat' dir='ltr'><strong>vna</strong></span> <span class='ocrx_word' id='word_1_21' title='bbox 551 588 664 620; x_wconf 86' lang='lat' dir='ltr'><strong>eum</strong></span> <span class='ocrx_word' id='word_1_22' title='bbox 690 571 866 636; x_wconf 84' lang='lat' dir='ltr'><strong>viginti</strong></span> <span class='ocrx_word' id='word_1_23' title='bbox 889 572 1029 620; x_wconf 88' lang='lat' dir='ltr'><strong>libris</strong></span> <span class='ocrx_word' id='word_1_24' title='bbox 1065 611 1074 621; x_wconf 88' lang='lat'>.</span> <span class='ocrx_word' id='word_1_25' title='bbox 1108 611 1117 620; x_wconf 93' lang='lat'><em>.</em></span> <span class='ocrx_word' id='word_1_26' title='bbox 1153 611 1162 622; x_wconf 89' lang='lat'>.</span> <span class='ocrx_word' id='word_1_27' title='bbox 1201 581 1396 622; x_wconf 87' lang='lat' dir='ltr'><strong>monete</strong></span> <span class='ocrx_word' id='word_1_28' title='bbox 1425 573 1596 624; x_wconf 85' lang='lat' dir='ltr'><strong>Scocie</strong></span> <span class='ocrx_word' id='word_1_29' title='bbox 1632 615 1642 626; x_wconf 90' lang='lat'><strong>.</strong></span> <span class='ocrx_word' id='word_1_30' title='bbox 1680 615 1689 626; x_wconf 91' lang='lat'><strong>.</strong></span> <span class='ocrx_word' id='word_1_31' title='bbox 1729 616 1738 626; x_wconf 88' lang='lat'><strong>.</strong></span> <span class='ocrx_word' id='word_1_32' title='bbox 1777 578 1915 626; x_wconf 87' lang='lat' dir='ltr'><strong>fimul</strong></span> <span class='ocrx_word' id='word_1_33' title='bbox 1940 587 1988 628; x_wconf 86' lang='lat' dir='ltr'><strong>et</strong></span> <span class='ocrx_word' id='word_1_34' title='bbox 2011 580 2157 630; x_wconf 90' lang='lat' dir='ltr'><strong>semel</strong></span> <span class='ocrx_word' id='word_1_35' title='bbox 2181 582 2230 630; x_wconf 90' lang='lat' dir='ltr'><strong>in</strong></span> 
     </span>
     <span class='ocr_line' id='line_1_6' title="bbox 189 663 2232 728; baseline 0.005 -15"><span class='ocrx_word' id='word_1_36' title='bbox 189 663 308 713; x_wconf 85' lang='lat' dir='ltr'><strong>festo</strong></span> <span class='ocrx_word' id='word_1_37' title='bbox 333 663 516 712; x_wconf 86' lang='lat' dir='ltr'><strong>Pasche</strong></span> <span class='ocrx_word' id='word_1_38' title='bbox 550 700 561 711; x_wconf 91' lang='lat'>.</span> <span class='ocrx_word' id='word_1_39' title='bbox 598 703 607 712; x_wconf 93' lang='lat'>.</span> <span class='ocrx_word' id='word_1_40' title='bbox 643 698 655 711; x_wconf 86' lang='lat'><strong>.</strong></span> <span class='ocrx_word' id='word_1_41' title='bbox 688 663 759 712; x_wconf 87' lang='lat' dir='ltr'><strong>ita</strong></span> <span class='ocrx_word' id='word_1_42' title='bbox 788 701 799 712; x_wconf 93' lang='lat'><em>.</em></span> <span class='ocrx_word' id='word_1_43' title='bbox 834 702 844 712; x_wconf 96' lang='lat'>.</span> <span class='ocrx_word' id='word_1_44' title='bbox 878 701 889 713; x_wconf 91' lang='lat'><strong>.</strong></span> <span class='ocrx_word' id='word_1_45' title='bbox 927 665 1060 728; x_wconf 91' lang='lat' dir='ltr'><strong>quod</strong></span> <span class='ocrx_word' id='word_1_46' title='bbox 1081 664 1381 714; x_wconf 85' lang='lat' dir='ltr'><strong>frumentum</strong></span> <span class='ocrx_word' id='word_1_47' title='bbox 1414 706 1423 716; x_wconf 92' lang='lat'>.</span> <span class='ocrx_word' id='word_1_48' title='bbox 1461 704 1472 715; x_wconf 92' lang='lat'><strong>.</strong></span> <span class='ocrx_word' id='word_1_49' title='bbox 1510 704 1520 713; x_wconf 93' lang='lat'>.</span> <span class='ocrx_word' id='word_1_50' title='bbox 1554 668 1770 718; x_wconf 86' lang='lat' dir='ltr'><strong>soluatur</strong></span> <span class='ocrx_word' id='word_1_51' title='bbox 1793 670 1844 718; x_wconf 92' lang='lat' dir='ltr'><strong>in</strong></span> <span class='ocrx_word' id='word_1_52' title='bbox 1871 672 2092 719; x_wconf 88' lang='lat' dir='ltr'><strong>terminis</strong></span> <span class='ocrx_word' id='word_1_53' title='bbox 2129 713 2137 721; x_wconf 94' lang='lat'>.</span> <span class='ocrx_word' id='word_1_54' title='bbox 2175 712 2184 721; x_wconf 88' lang='lat'><strong><em>.</em></strong></span> <span class='ocrx_word' id='word_1_55' title='bbox 2224 714 2232 723; x_wconf 91' lang='lat'>.</span> 
     </span>
     <span class='ocr_line' id='line_1_7' title="bbox 190 754 2232 812; baseline 0.004 -8"><span class='ocrx_word' id='word_1_56' title='bbox 190 754 409 804; x_wconf 87' lang='lat' dir='ltr'><strong>soluendi</strong></span> <span class='ocrx_word' id='word_1_57' title='bbox 453 755 696 803; x_wconf 86' lang='lat' dir='ltr'><strong>consuetis</strong></span> <span class='ocrx_word' id='word_1_58' title='bbox 734 787 744 797; x_wconf 90' lang='lat'>-</span> <span class='ocrx_word' id='word_1_59' title='bbox 782 755 849 804; x_wconf 89' lang='lat' dir='ltr'><strong>Et</strong></span> <span class='ocrx_word' id='word_1_60' title='bbox 884 755 919 802; x_wconf 81' lang='lat' dir='ltr'>fi</span> <span class='ocrx_word' id='word_1_61' title='bbox 958 792 969 804; x_wconf 89' lang='lat'>.</span> <span class='ocrx_word' id='word_1_62' title='bbox 1010 792 1021 804; x_wconf 88' lang='lat'><strong>.</strong></span> <span class='ocrx_word' id='word_1_63' title='bbox 1061 792 1073 803; x_wconf 90' lang='lat'><strong>.</strong></span> <span class='ocrx_word' id='word_1_64' title='bbox 1110 756 1163 803; x_wconf 90' lang='lat' dir='ltr'><strong>in</strong></span> <span class='ocrx_word' id='word_1_65' title='bbox 1201 756 1448 806; x_wconf 85' lang='lat' dir='ltr'>solucione</span> <span class='ocrx_word' id='word_1_66' title='bbox 1486 759 1603 806; x_wconf 59' lang='lat' dir='ltr'><strong>dieti</strong></span> <span class='ocrx_word' id='word_1_67' title='bbox 1638 760 1871 811; x_wconf 85' lang='lat' dir='ltr'><strong>frumenti</strong></span> <span class='ocrx_word' id='word_1_68' title='bbox 1909 770 1956 811; x_wconf 89' lang='lat' dir='ltr'><strong>et</strong></span> <span class='ocrx_word' id='word_1_69' title='bbox 1991 780 2055 810; x_wconf 86' lang='lat' dir='ltr'><strong>xx</strong></span> <span class='ocrx_word' id='word_1_70' title='bbox 2093 763 2129 811; x_wconf 92' lang='lat' dir='ltr'><strong>li</strong></span> <span class='ocrx_word' id='word_1_71' title='bbox 2171 765 2232 812; x_wconf 79' lang='lat' dir='ltr'><strong>ad</strong></span> 
     </span>
     <span class='ocr_line' id='line_1_8' title="bbox 189 846 2230 911; baseline 0.003 -15"><span class='ocrx_word' id='word_1_72' title='bbox 189 846 436 896; x_wconf 80' lang='lat' dir='ltr'><strong>racionem</strong></span> <span class='ocrx_word' id='word_1_73' title='bbox 462 854 673 911; x_wconf 88' lang='lat' dir='ltr'><strong>quatuor</strong></span> <span class='ocrx_word' id='word_1_74' title='bbox 699 846 976 895; x_wconf 84' lang='lat' dir='ltr'><strong>celdrarum</strong></span> <span class='ocrx_word' id='word_1_75' title='bbox 1004 853 1054 895; x_wconf 89' lang='lat' dir='ltr'><strong>et</strong></span> <span class='ocrx_word' id='word_1_76' title='bbox 1078 847 1127 895; x_wconf 89' lang='lat' dir='ltr'><strong>vi</strong></span> <span class='ocrx_word' id='word_1_77' title='bbox 1150 848 1394 897; x_wconf 87' lang='lat' dir='ltr'><strong>bollarum</strong></span> <span class='ocrx_word' id='word_1_78' title='bbox 1432 850 1558 898; x_wconf 89' lang='lat' dir='ltr'><strong>ordii</strong></span> <span class='ocrx_word' id='word_1_79' title='bbox 1584 858 1632 900; x_wconf 84' lang='lat' dir='ltr'><strong>et</strong></span> <span class='ocrx_word' id='word_1_80' title='bbox 1655 852 1839 901; x_wconf 86' lang='lat' dir='ltr'><strong>farrine</strong></span> <span class='ocrx_word' id='word_1_81' title='bbox 1865 854 2121 903; x_wconf 87' lang='lat' dir='ltr'><strong>deficerint</strong></span> <span class='ocrx_word' id='word_1_82' title='bbox 2145 895 2153 903; x_wconf 93' lang='lat'><strong><em>.</em></strong></span> <span class='ocrx_word' id='word_1_83' title='bbox 2181 894 2190 904; x_wconf 92' lang='lat'><strong>.</strong></span> <span class='ocrx_word' id='word_1_84' title='bbox 2220 887 2230 903; x_wconf 73' lang='lat'><em>,</em></span> 
     </span>
     <span class='ocr_line' id='line_1_9' title="bbox 190 939 2232 1010; baseline 0.003 -22"><span class='ocrx_word' id='word_1_85' title='bbox 190 940 253 988; x_wconf 85' lang='lat' dir='ltr'><strong>ad</strong></span> <span class='ocrx_word' id='word_1_86' title='bbox 287 939 523 987; x_wconf 86' lang='lat' dir='ltr'><strong>terminos</strong></span> <span class='ocrx_word' id='word_1_87' title='bbox 567 979 575 988; x_wconf 85' lang='lat'><strong>.</strong></span> <span class='ocrx_word' id='word_1_88' title='bbox 622 977 632 987; x_wconf 93' lang='lat'><strong>.</strong></span> <span class='ocrx_word' id='word_1_89' title='bbox 678 977 689 987; x_wconf 93' lang='lat'>.</span> <span class='ocrx_word' id='word_1_90' title='bbox 733 939 901 987; x_wconf 82' lang='lat' dir='ltr'><strong>licebit</strong></span> <span class='ocrx_word' id='word_1_91' title='bbox 942 940 1084 988; x_wconf 90' lang='lat' dir='ltr'><strong>nobis</strong></span> <span class='ocrx_word' id='word_1_92' title='bbox 1126 979 1135 988; x_wconf 96' lang='lat'><strong>.</strong></span> <span class='ocrx_word' id='word_1_93' title='bbox 1180 979 1189 989; x_wconf 95' lang='lat'><strong>.</strong></span> <span class='ocrx_word' id='word_1_94' title='bbox 1234 976 1245 988; x_wconf 90' lang='lat'><strong>.</strong></span> <span class='ocrx_word' id='word_1_95' title='bbox 1287 940 1348 989; x_wconf 88' lang='lat' dir='ltr'><strong>de</strong></span> <span class='ocrx_word' id='word_1_96' title='bbox 1397 981 1406 990; x_wconf 88' lang='lat'><strong>.</strong></span> <span class='ocrx_word' id='word_1_97' title='bbox 1454 980 1465 991; x_wconf 91' lang='lat'><strong>.</strong></span> <span class='ocrx_word' id='word_1_98' title='bbox 1514 980 1524 990; x_wconf 95' lang='lat'>.</span> <span class='ocrx_word' id='word_1_99' title='bbox 1573 943 1775 992; x_wconf 84' lang='lat' dir='ltr'><strong>decimis</strong></span> <span class='ocrx_word' id='word_1_100' title='bbox 1818 982 1827 992; x_wconf 93' lang='lat'>.</span> <span class='ocrx_word' id='word_1_101' title='bbox 1872 983 1881 992; x_wconf 88' lang='lat'>.</span> <span class='ocrx_word' id='word_1_102' title='bbox 1925 982 1936 993; x_wconf 84' lang='lat'><strong>.</strong></span> <span class='ocrx_word' id='word_1_103' title='bbox 1977 946 2232 1010; x_wconf 74' lang='lat' dir='ltr'><strong>disponere</strong></span> 
     </span>
     <span class='ocr_line' id='line_1_10' title="bbox 191 1031 2149 1095; baseline 0.003 -15"><span class='ocrx_word' id='word_1_104' title='bbox 191 1069 202 1080; x_wconf 92' lang='lat'><strong>.</strong></span> <span class='ocrx_word' id='word_1_105' title='bbox 247 1069 257 1080; x_wconf 90' lang='lat'><strong>.</strong></span> <span class='ocrx_word' id='word_1_106' title='bbox 299 1069 310 1080; x_wconf 88' lang='lat'><strong>.</strong></span> <span class='ocrx_word' id='word_1_107' title='bbox 353 1031 504 1095; x_wconf 88' lang='lat' dir='ltr'><strong>Apud</strong></span> <span class='ocrx_word' id='word_1_108' title='bbox 541 1069 552 1080; x_wconf 90' lang='lat'><strong>.</strong></span> <span class='ocrx_word' id='word_1_109' title='bbox 599 1068 610 1080; x_wconf 94' lang='lat'><strong>.</strong></span> <span class='ocrx_word' id='word_1_110' title='bbox 655 1069 666 1080; x_wconf 89' lang='grc'><strong>.</strong></span> <span class='ocrx_word' id='word_1_111' title='bbox 708 1031 973 1095; x_wconf 81' lang='lat' dir='ltr'><strong>capitulum</strong></span> <span class='ocrx_word' id='word_1_112' title='bbox 1001 1048 1032 1080; x_wconf 83' lang='lat' dir='ltr'>x</span> <span class='ocrx_word' id='word_1_113' title='bbox 1057 1032 1137 1081; x_wconf 89' lang='lat' dir='ltr'><strong>die</strong></span> <span class='ocrx_word' id='word_1_114' title='bbox 1161 1033 1337 1081; x_wconf 87' lang='lat' dir='ltr'><strong>menfis</strong></span> <span class='ocrx_word' id='word_1_115' title='bbox 1365 1033 1594 1083; x_wconf 66' lang='lat' dir='ltr'><strong>O&amp;obris</strong></span> <span class='ocrx_word' id='word_1_116' title='bbox 1619 1052 1748 1083; x_wconf 88' lang='lat' dir='ltr'><strong>anno</strong></span> <span class='ocrx_word' id='word_1_117' title='bbox 1774 1035 1978 1084; x_wconf 90' lang='lat' dir='ltr'><strong>Domini</strong></span> <span class='ocrx_word' id='word_1_118' title='bbox 2005 1037 2149 1086; x_wconf 83' lang='grc'><strong>1486.</strong></span> 
     </span>
    </p>
   </div>
   <div class='ocr_carea' id='block_1_6' title="bbox 188 1288 1461 1372">
    <p class='ocr_par' dir='ltr' id='par_1_6' title="bbox 188 1288 1461 1372">
     <span class='ocr_line' id='line_1_11' title="bbox 188 1288 1461 1372; baseline -0.001 -16"><span class='ocrx_word' id='word_1_119' title='bbox 188 1288 470 1361; x_wconf 82' lang='lat' dir='ltr'><strong>Affedacio</strong></span> <span class='ocrx_word' id='word_1_120' title='bbox 495 1313 668 1371; x_wconf 85' lang='lat' dir='ltr'><strong>quarte</strong></span> <span class='ocrx_word' id='word_1_121' title='bbox 691 1305 849 1370; x_wconf 85' lang='lat' dir='ltr'><strong>partis</strong></span> <span class='ocrx_word' id='word_1_122' title='bbox 875 1305 989 1354; x_wconf 89' lang='lat' dir='ltr'><strong>ville</strong></span> <span class='ocrx_word' id='word_1_123' title='bbox 1015 1306 1076 1354; x_wconf 89' lang='lat' dir='ltr'><strong>de</strong></span> <span class='ocrx_word' id='word_1_124' title='bbox 1102 1305 1461 1372; x_wconf 81' lang='lat' dir='ltr'><strong>Dunnyehtyn.</strong></span> 
     </span>
    </p>
   </div>
   <div class='ocr_carea' id='block_1_7' title="bbox 50 1467 2232 1541">
    <p class='ocr_par' dir='ltr' id='par_1_7' title="bbox 50 1467 2232 1541">
     <span class='ocr_line' id='line_1_12' title="bbox 50 1467 2232 1541; baseline 0.001 -5"><span class='ocrx_word' id='word_1_125' title='bbox 50 1491 137 1536; x_wconf 84' lang='lat'><strong>302</strong></span> <span class='ocrx_word' id='word_1_126' title='bbox 185 1467 315 1541; x_wconf 79' lang='lat' dir='ltr'><strong>Nos</strong></span> <span class='ocrx_word' id='word_1_127' title='bbox 354 1488 526 1538; x_wconf 75' lang='lat' dir='ltr'><strong>Dauid</strong></span> <span class='ocrx_word' id='word_1_128' title='bbox 560 1488 710 1536; x_wconf 72' lang='lat' dir='ltr'><strong>abbas</strong></span> <span class='ocrx_word' id='word_1_129' title='bbox 754 1523 765 1534; x_wconf 93' lang='lat'><strong>.</strong></span> <span class='ocrx_word' id='word_1_130' title='bbox 808 1524 818 1534; x_wconf 91' lang='lat'><em>.</em></span> <span class='ocrx_word' id='word_1_131' title='bbox 865 1523 876 1534; x_wconf 90' lang='lat'><strong>.</strong></span> <span class='ocrx_word' id='word_1_132' title='bbox 919 1487 980 1534; x_wconf 79' lang='lat' dir='ltr'><strong>de</strong></span> <span class='ocrx_word' id='word_1_133' title='bbox 1018 1486 1355 1535; x_wconf 72' lang='lat' dir='ltr'><strong>Abirbrothoc</strong></span> <span class='ocrx_word' id='word_1_134' title='bbox 1403 1526 1413 1534; x_wconf 95' lang='lat'><em>.</em></span> <span class='ocrx_word' id='word_1_135' title='bbox 1465 1525 1475 1536; x_wconf 94' lang='lat'><strong><em>.</em></strong></span> <span class='ocrx_word' id='word_1_136' title='bbox 1529 1526 1537 1536; x_wconf 94' lang='lat'><strong><em>.</em></strong></span> <span class='ocrx_word' id='word_1_137' title='bbox 1587 1489 1852 1537; x_wconf 73' lang='lat' dir='ltr'><strong>affedamus</strong></span> <span class='ocrx_word' id='word_1_138' title='bbox 1892 1529 1900 1538; x_wconf 91' lang='lat'><strong>.</strong></span> <span class='ocrx_word' id='word_1_139' title='bbox 1939 1529 1948 1538; x_wconf 90' lang='lat'><strong>.</strong></span> <span class='ocrx_word' id='word_1_140' title='bbox 1986 1529 1995 1538; x_wconf 94' lang='lat'>.</span> <span class='ocrx_word' id='word_1_141' title='bbox 2042 1490 2232 1539; x_wconf 73' lang='lat' dir='ltr'><strong>Thome</strong></span> 
     </span>
    </p>
   </div>
   <div class='ocr_carea' id='block_1_8' title="bbox 191 1578 2233 1646">
    <p class='ocr_par' dir='ltr' id='par_1_8' title="bbox 191 1578 2233 1646">
     <span class='ocr_line' id='line_1_13' title="bbox 191 1578 2233 1646; baseline 0 -16"><span class='ocrx_word' id='word_1_142' title='bbox 191 1581 528 1630; x_wconf 84' lang='lat' dir='ltr'><strong>Huehonsoun</strong></span> <span class='ocrx_word' id='word_1_143' title='bbox 564 1611 574 1621; x_wconf 87' lang='lat'><strong>·</strong></span> <span class='ocrx_word' id='word_1_144' title='bbox 608 1579 748 1628; x_wconf 80' lang='lat' dir='ltr'><strong>vxori</strong></span> <span class='ocrx_word' id='word_1_145' title='bbox 773 1579 855 1627; x_wconf 88' lang='lat' dir='ltr'><strong>sue</strong></span> <span class='ocrx_word' id='word_1_146' title='bbox 879 1579 1116 1627; x_wconf 88' lang='lat' dir='ltr'><strong>moderne</strong></span> <span class='ocrx_word' id='word_1_147' title='bbox 1149 1607 1159 1617; x_wconf 92' lang='lat'><strong>·</strong></span> <span class='ocrx_word' id='word_1_148' title='bbox 1195 1586 1244 1626; x_wconf 90' lang='lat' dir='ltr'><strong>et</strong></span> <span class='ocrx_word' id='word_1_149' title='bbox 1268 1578 1415 1626; x_wconf 85' lang='lat' dir='ltr'><strong>matri</strong></span> <span class='ocrx_word' id='word_1_150' title='bbox 1439 1579 1556 1627; x_wconf 57' lang='lat' dir='ltr'><strong>dieti</strong></span> <span class='ocrx_word' id='word_1_151' title='bbox 1582 1579 1773 1628; x_wconf 91' lang='lat' dir='ltr'><strong>Thome</strong></span> <span class='ocrx_word' id='word_1_152' title='bbox 1797 1581 1964 1630; x_wconf 62' lang='lat' dir='ltr'><strong>relffle</strong></span> <span class='ocrx_word' id='word_1_153' title='bbox 1989 1583 2233 1646; x_wconf 83' lang='lat' dir='ltr'><strong>quondam</strong></span> 
     </span>
    </p>
   </div>
   <div class='ocr_carea' id='block_1_9' title="bbox 157 1669 2232 1738">
    <p class='ocr_par' dir='ltr' id='par_1_9' title="bbox 157 1669 2232 1738">
     <span class='ocr_line' id='line_1_14' title="bbox 157 1669 2232 1738; baseline 0 -18"><span class='ocrx_word' id='word_1_154' title='bbox 157 1669 428 1722; x_wconf 79' lang='lat' dir='ltr'><strong>,Willelmi</strong></span> <span class='ocrx_word' id='word_1_155' title='bbox 468 1672 875 1720; x_wconf 82' lang='lat' dir='ltr'><strong>Alexandersoun</strong></span> <span class='ocrx_word' id='word_1_156' title='bbox 918 1700 928 1710; x_wconf 91' lang='lat'><strong>·</strong></span> <span class='ocrx_word' id='word_1_157' title='bbox 969 1678 1018 1719; x_wconf 90' lang='lat' dir='ltr'><strong>et</strong></span> <span class='ocrx_word' id='word_1_158' title='bbox 1060 1671 1156 1719; x_wconf 83' lang='lat' dir='ltr'><strong>suis</strong></span> <span class='ocrx_word' id='word_1_159' title='bbox 1201 1671 1569 1721; x_wconf 84' lang='lat' dir='ltr'><strong>coadiutoribus</strong></span> <span class='ocrx_word' id='word_1_160' title='bbox 1616 1709 1626 1721; x_wconf 88' lang='lat'><strong>.</strong></span> <span class='ocrx_word' id='word_1_161' title='bbox 1667 1711 1677 1721; x_wconf 90' lang='grc'><strong>.</strong></span> <span class='ocrx_word' id='word_1_162' title='bbox 1720 1711 1730 1721; x_wconf 92' lang='grc'><strong>.</strong></span> <span class='ocrx_word' id='word_1_163' title='bbox 1778 1681 2002 1737; x_wconf 82' lang='lat' dir='ltr'><strong>quartam</strong></span> <span class='ocrx_word' id='word_1_164' title='bbox 2043 1682 2232 1738; x_wconf 84' lang='lat' dir='ltr'><strong>partem</strong></span> 
     </span>
    </p>
   </div>
   <div class='ocr_carea' id='block_1_10' title="bbox 190 1761 2234 2198">
    <p class='ocr_par' dir='ltr' id='par_1_10' title="bbox 190 1761 2234 2090">
     <span class='ocr_line' id='line_1_15' title="bbox 190 1761 2234 1829; baseline 0 -16"><span class='ocrx_word' id='word_1_165' title='bbox 190 1773 431 1814; x_wconf 84' lang='lat' dir='ltr'><strong>terrarum</strong></span> <span class='ocrx_word' id='word_1_166' title='bbox 468 1763 583 1812; x_wconf 89' lang='lat' dir='ltr'><strong>ville</strong></span> <span class='ocrx_word' id='word_1_167' title='bbox 621 1763 682 1811; x_wconf 90' lang='lat' dir='ltr'><strong>de</strong></span> <span class='ocrx_word' id='word_1_168' title='bbox 718 1761 1085 1828; x_wconf 86' lang='lat' dir='ltr'><strong>Dunnyohthin</strong></span> <span class='ocrx_word' id='word_1_169' title='bbox 1139 1801 1148 1810; x_wconf 90' lang='lat'><strong><em>.</em></strong></span> <span class='ocrx_word' id='word_1_170' title='bbox 1202 1802 1212 1811; x_wconf 90' lang='lat'><strong>.</strong></span> <span class='ocrx_word' id='word_1_171' title='bbox 1267 1801 1277 1811; x_wconf 90' lang='lat'>.</span> <span class='ocrx_word' id='word_1_172' title='bbox 1331 1779 1452 1826; x_wconf 88' lang='lat' dir='ltr'><strong>quas</strong></span> <span class='ocrx_word' id='word_1_173' title='bbox 1494 1764 1740 1827; x_wconf 83' lang='lat' dir='ltr'><strong>quondam</strong></span> <span class='ocrx_word' id='word_1_174' title='bbox 1780 1765 2040 1829; x_wconf 83' lang='lat' dir='ltr'><strong>occupauit</strong></span> <span class='ocrx_word' id='word_1_175' title='bbox 2079 1766 2234 1814; x_wconf 54' lang='lat' dir='ltr'><strong>dietus</strong></span> 
     </span>
     <span class='ocr_line' id='line_1_16' title="bbox 191 1855 2233 1920; baseline -0.001 -14"><span class='ocrx_word' id='word_1_176' title='bbox 191 1855 895 1906; x_wconf 69' lang='lat' dir='ltr'><strong>Willelmus&#39;Alexandersoun</strong></span> <span class='ocrx_word' id='word_1_177' title='bbox 922 1871 1013 1919; x_wconf 87' lang='lat' dir='ltr'><strong>pro</strong></span> <span class='ocrx_word' id='word_1_178' title='bbox 1038 1862 1142 1904; x_wconf 90' lang='lat' dir='ltr'><strong>toto</strong></span> <span class='ocrx_word' id='word_1_179' title='bbox 1164 1861 1385 1920; x_wconf 88' lang='lat' dir='ltr'><strong>tempore</strong></span> <span class='ocrx_word' id='word_1_180' title='bbox 1411 1855 1509 1904; x_wconf 88' lang='lat' dir='ltr'><strong>vite</strong></span> <span class='ocrx_word' id='word_1_181' title='bbox 1530 1856 1768 1904; x_wconf 75' lang='lat' dir='ltr'><strong>di6torum</strong></span> <span class='ocrx_word' id='word_1_182' title='bbox 1796 1895 1804 1904; x_wconf 90' lang='lat'>.</span> <span class='ocrx_word' id='word_1_183' title='bbox 1833 1896 1840 1904; x_wconf 93' lang='lat'>.</span> <span class='ocrx_word' id='word_1_184' title='bbox 1868 1896 1876 1904; x_wconf 89' lang='lat'><strong>.</strong></span> <span class='ocrx_word' id='word_1_185' title='bbox 1904 1874 2012 1905; x_wconf 87' lang='lat' dir='ltr'><strong>oum</strong></span> <span class='ocrx_word' id='word_1_186' title='bbox 2034 1858 2233 1906; x_wconf 83' lang='lat' dir='ltr'><strong>decimis</strong></span> 
     </span>
     <span class='ocr_line' id='line_1_17' title="bbox 190 1947 2232 2015; baseline -0 -17"><span class='ocrx_word' id='word_1_187' title='bbox 190 1950 469 2015; x_wconf 80' lang='lat' dir='ltr'><strong>garbalibus</strong></span> <span class='ocrx_word' id='word_1_188' title='bbox 511 1987 521 1998; x_wconf 88' lang='lat'><strong>.</strong></span> <span class='ocrx_word' id='word_1_189' title='bbox 563 1986 574 1997; x_wconf 91' lang='lat'><strong>.</strong></span> <span class='ocrx_word' id='word_1_190' title='bbox 614 1987 624 1997; x_wconf 91' lang='lat'><strong>.</strong></span> <span class='ocrx_word' id='word_1_191' title='bbox 667 1947 916 1998; x_wconf 89' lang='lat' dir='ltr'><strong>Soluendo</strong></span> <span class='ocrx_word' id='word_1_192' title='bbox 956 1986 965 1995; x_wconf 92' lang='lat'>.</span> <span class='ocrx_word' id='word_1_193' title='bbox 1004 1986 1013 1995; x_wconf 93' lang='lat'><em>.</em></span> <span class='ocrx_word' id='word_1_194' title='bbox 1053 1987 1062 1995; x_wconf 90' lang='lat'><strong><em>.</em></strong></span> <span class='ocrx_word' id='word_1_195' title='bbox 1100 1947 1291 1995; x_wconf 87' lang='lat' dir='ltr'><strong>firmam</strong></span> <span class='ocrx_word' id='word_1_196' title='bbox 1329 1955 1378 1996; x_wconf 90' lang='lat' dir='ltr'><strong>et</strong></span> <span class='ocrx_word' id='word_1_197' title='bbox 1412 1964 1564 1996; x_wconf 87' lang='lat' dir='ltr'><strong>onera</strong></span> <span class='ocrx_word' id='word_1_198' title='bbox 1600 1948 1919 1997; x_wconf 71' lang='lat' dir='ltr'><strong>husbandalia</strong></span> <span class='ocrx_word' id='word_1_199' title='bbox 1957 1947 2077 1997; x_wconf 83' lang='lat' dir='ltr'><strong>ficut</strong></span> <span class='ocrx_word' id='word_1_200' title='bbox 2117 1987 2127 1997; x_wconf 92' lang='lat'><strong>.</strong></span> <span class='ocrx_word' id='word_1_201' title='bbox 2170 1988 2180 1997; x_wconf 90' lang='lat'><strong>.</strong></span> <span class='ocrx_word' id='word_1_202' title='bbox 2224 1989 2232 1996; x_wconf 93' lang='lat'>.</span> 
     </span>
     <span class='ocr_line' id='line_1_18' title="bbox 192 2039 2184 2090; baseline -0.001 0"><span class='ocrx_word' id='word_1_203' title='bbox 192 2041 468 2090; x_wconf 87' lang='lat' dir='ltr'><strong>Willelmus</strong></span> <span class='ocrx_word' id='word_1_204' title='bbox 495 2040 905 2090; x_wconf 84' lang='lat' dir='ltr'><strong>Alexandersoun</strong></span> <span class='ocrx_word' id='word_1_205' title='bbox 939 2078 949 2088; x_wconf 90' lang='lat'><strong>.</strong></span> <span class='ocrx_word' id='word_1_206' title='bbox 987 2078 996 2087; x_wconf 93' lang='lat'><strong>.</strong></span> <span class='ocrx_word' id='word_1_207' title='bbox 1034 2078 1044 2088; x_wconf 88' lang='lat'><strong>.</strong></span> <span class='ocrx_word' id='word_1_208' title='bbox 1082 2039 1300 2088; x_wconf 81' lang='lat' dir='ltr'><strong>soluebat</strong></span> <span class='ocrx_word' id='word_1_209' title='bbox 1338 2079 1347 2088; x_wconf 88' lang='lat'><em>.</em></span> <span class='ocrx_word' id='word_1_210' title='bbox 1387 2077 1396 2087; x_wconf 96' lang='lat'>.</span> <span class='ocrx_word' id='word_1_211' title='bbox 1438 2078 1447 2087; x_wconf 92' lang='lat'>.</span> <span class='ocrx_word' id='word_1_212' title='bbox 1488 2039 1699 2088; x_wconf 90' lang='lat' dir='ltr'><strong>termino</strong></span> <span class='ocrx_word' id='word_1_213' title='bbox 1726 2057 1841 2088; x_wconf 86' lang='lat' dir='ltr'><strong>vero</strong></span> <span class='ocrx_word' id='word_1_214' title='bbox 1865 2039 2095 2088; x_wconf 84' lang='lat' dir='ltr'><strong>introitus</strong></span> <span class='ocrx_word' id='word_1_215' title='bbox 2129 2079 2138 2088; x_wconf 92' lang='lat'><strong>.</strong></span> <span class='ocrx_word' id='word_1_216' title='bbox 2176 2080 2184 2088; x_wconf 88' lang='lat'><strong><em>.</em></strong></span> 
     </span>
    </p>

    <p class='ocr_par' dir='ltr' id='par_1_11' title="bbox 191 2131 2230 2198">
     <span class='ocr_line' id='line_1_19' title="bbox 191 2131 2230 2198; baseline -0.001 -15"><span class='ocrx_word' id='word_1_217' title='bbox 191 2134 455 2198; x_wconf 86' lang='lat' dir='ltr'><strong>incipiente</strong></span> <span class='ocrx_word' id='word_1_218' title='bbox 479 2135 530 2182; x_wconf 90' lang='lat' dir='ltr'><strong>in</strong></span> <span class='ocrx_word' id='word_1_219' title='bbox 559 2134 680 2182; x_wconf 82' lang='lat' dir='ltr'><strong>festo</strong></span> <span class='ocrx_word' id='word_1_220' title='bbox 707 2132 1022 2181; x_wconf 84' lang='lat' dir='ltr'><strong>Pentecostes</strong></span> <span class='ocrx_word' id='word_1_221' title='bbox 1047 2133 1212 2181; x_wconf 83' lang='lat' dir='ltr'><strong>datam</strong></span> <span class='ocrx_word' id='word_1_222' title='bbox 1246 2131 1551 2196; x_wconf 85' lang='lat' dir='ltr'><strong>presencium</strong></span> <span class='ocrx_word' id='word_1_223' title='bbox 1577 2131 1859 2179; x_wconf 78' lang='lat' dir='ltr'><strong>immediate</strong></span> <span class='ocrx_word' id='word_1_224' title='bbox 1884 2131 2114 2194; x_wconf 88' lang='lat' dir='ltr'><strong>sequente</strong></span> <span class='ocrx_word' id='word_1_225' title='bbox 2142 2170 2152 2180; x_wconf 89' lang='lat'><em>.</em></span> <span class='ocrx_word' id='word_1_226' title='bbox 2181 2169 2191 2180; x_wconf 95' lang='lat'><strong><em>.</em></strong></span> <span class='ocrx_word' id='word_1_227' title='bbox 2220 2170 2230 2179; x_wconf 87' lang='lat'><strong>.</strong></span> 
     </span>
    </p>
   </div>
   <div class='ocr_carea' id='block_1_11' title="bbox 193 2224 2187 2291">
    <p class='ocr_par' dir='ltr' id='par_1_12' title="bbox 193 2224 2187 2291">
     <span class='ocr_line' id='line_1_20' title="bbox 193 2224 2187 2291; baseline -0.002 -15"><span class='ocrx_word' id='word_1_228' title='bbox 193 2227 343 2291; x_wconf 89' lang='lat' dir='ltr'><strong>Apud</strong></span> <span class='ocrx_word' id='word_1_229' title='bbox 381 2265 392 2275; x_wconf 91' lang='lat'><em>.</em></span> <span class='ocrx_word' id='word_1_230' title='bbox 432 2265 443 2276; x_wconf 90' lang='lat'>.</span> <span class='ocrx_word' id='word_1_231' title='bbox 483 2264 494 2275; x_wconf 87' lang='lat'><em>.</em></span> <span class='ocrx_word' id='word_1_232' title='bbox 532 2226 801 2291; x_wconf 85' lang='lat' dir='ltr'><strong>capitulum</strong></span> <span class='ocrx_word' id='word_1_233' title='bbox 827 2225 1109 2290; x_wconf 38' lang='lat' dir='ltr'><strong>quartosdie</strong></span> <span class='ocrx_word' id='word_1_234' title='bbox 1134 2224 1309 2274; x_wconf 84' lang='lat' dir='ltr'><strong>menfis</strong></span> <span class='ocrx_word' id='word_1_235' title='bbox 1336 2225 1635 2273; x_wconf 88' lang='lat' dir='ltr'><strong>Nouembris</strong></span> <span class='ocrx_word' id='word_1_236' title='bbox 1660 2242 1789 2272; x_wconf 86' lang='lat' dir='ltr'><strong>anno</strong></span> <span class='ocrx_word' id='word_1_237' title='bbox 1813 2225 2019 2272; x_wconf 90' lang='lat' dir='ltr'><strong>Domini</strong></span> <span class='ocrx_word' id='word_1_238' title='bbox 2047 2225 2187 2273; x_wconf 84' lang='grc'>1486,</span> 
     </span>
    </p>
   </div>
   <div class='ocr_carea' id='block_1_12' title="bbox 192 2474 1851 2560">
    <p class='ocr_par' dir='ltr' id='par_1_13' title="bbox 192 2474 1851 2560">
     <span class='ocr_line' id='line_1_21' title="bbox 192 2474 1851 2560; baseline -0.004 -14"><span class='ocrx_word' id='word_1_239' title='bbox 192 2474 470 2546; x_wconf 80' lang='lat' dir='ltr'><strong>Affedacio</strong></span> <span class='ocrx_word' id='word_1_240' title='bbox 497 2499 667 2545; x_wconf 61' lang='lat' dir='ltr'><strong>ofitaue</strong></span> <span class='ocrx_word' id='word_1_241' title='bbox 691 2494 847 2560; x_wconf 84' lang='lat' dir='ltr'><strong>partis</strong></span> <span class='ocrx_word' id='word_1_242' title='bbox 872 2494 933 2543; x_wconf 87' lang='lat' dir='ltr'><strong>de</strong></span> <span class='ocrx_word' id='word_1_243' title='bbox 958 2494 1246 2558; x_wconf 85' lang='lat' dir='ltr'><strong>Aehmuthy</strong></span> <span class='ocrx_word' id='word_1_244' title='bbox 1272 2510 1384 2542; x_wconf 87' lang='lat' dir='ltr'><strong>eum</strong></span> <span class='ocrx_word' id='word_1_245' title='bbox 1408 2493 1602 2541; x_wconf 87' lang='lat' dir='ltr'><strong>brafina</strong></span> <span class='ocrx_word' id='word_1_246' title='bbox 1626 2493 1851 2541; x_wconf 88' lang='lat' dir='ltr'><strong>eiusdem.</strong></span> 
     </span>
    </p>
   </div>
   <div class='ocr_carea' id='block_1_13' title="bbox 190 2656 2229 3111">
    <p class='ocr_par' dir='ltr' id='par_1_14' title="bbox 190 2656 2229 3111">
     <span class='ocr_line' id='line_1_22' title="bbox 190 2656 2228 2730; baseline -0.004 0"><span class='ocrx_word' id='word_1_247' title='bbox 190 2656 317 2730; x_wconf 82' lang='lat' dir='ltr'><strong>Nos</strong></span> <span class='ocrx_word' id='word_1_248' title='bbox 357 2680 528 2729; x_wconf 82' lang='lat' dir='ltr'><strong>Dauid</strong></span> <span class='ocrx_word' id='word_1_249' title='bbox 571 2718 582 2729; x_wconf 90' lang='lat'><strong><em>.</em></strong></span> <span class='ocrx_word' id='word_1_250' title='bbox 626 2718 636 2729; x_wconf 91' lang='lat'><strong>.</strong></span> <span class='ocrx_word' id='word_1_251' title='bbox 681 2718 691 2728; x_wconf 94' lang='lat'><em>.</em></span> <span class='ocrx_word' id='word_1_252' title='bbox 734 2680 884 2729; x_wconf 82' lang='lat' dir='ltr'><strong>abbas</strong></span> <span class='ocrx_word' id='word_1_253' title='bbox 934 2717 944 2728; x_wconf 90' lang='lat'><strong>.</strong></span> <span class='ocrx_word' id='word_1_254' title='bbox 995 2717 1005 2728; x_wconf 95' lang='lat'><strong>.</strong></span> <span class='ocrx_word' id='word_1_255' title='bbox 1058 2717 1069 2728; x_wconf 89' lang='lat'><strong>.</strong></span> <span class='ocrx_word' id='word_1_256' title='bbox 1119 2680 1179 2727; x_wconf 87' lang='lat' dir='ltr'><strong>de</strong></span> <span class='ocrx_word' id='word_1_257' title='bbox 1222 2678 1562 2727; x_wconf 83' lang='lat' dir='ltr'><strong>Abirbrothoc</strong></span> <span class='ocrx_word' id='word_1_258' title='bbox 1611 2714 1622 2726; x_wconf 88' lang='lat'><strong>.</strong></span> <span class='ocrx_word' id='word_1_259' title='bbox 1674 2715 1684 2725; x_wconf 95' lang='lat'><strong>.</strong></span> <span class='ocrx_word' id='word_1_260' title='bbox 1735 2715 1744 2725; x_wconf 94' lang='lat'><em>.</em></span> <span class='ocrx_word' id='word_1_261' title='bbox 1794 2676 2061 2725; x_wconf 82' lang='lat' dir='ltr'><strong>affedamus</strong></span> <span class='ocrx_word' id='word_1_262' title='bbox 2105 2712 2115 2723; x_wconf 95' lang='lat'>.</span> <span class='ocrx_word' id='word_1_263' title='bbox 2161 2714 2171 2723; x_wconf 93' lang='lat'><em>.</em></span> <span class='ocrx_word' id='word_1_264' title='bbox 2218 2713 2228 2722; x_wconf 91' lang='lat'><strong>.</strong></span> 
     </span>
     <span class='ocr_line' id='line_1_23' title="bbox 191 2768 2229 2838; baseline -0.003 -17"><span class='ocrx_word' id='word_1_265' title='bbox 191 2772 390 2822; x_wconf 86' lang='lat' dir='ltr'><strong>Andree</strong></span> <span class='ocrx_word' id='word_1_266' title='bbox 429 2772 603 2838; x_wconf 83' lang='lat' dir='ltr'><strong>Brydy</strong></span> <span class='ocrx_word' id='word_1_267' title='bbox 628 2780 678 2821; x_wconf 90' lang='lat' dir='ltr'><strong>et</strong></span> <span class='ocrx_word' id='word_1_268' title='bbox 702 2773 901 2837; x_wconf 83' lang='lat' dir='ltr'><strong>Agnete</strong></span> <span class='ocrx_word' id='word_1_269' title='bbox 937 2771 1104 2835; x_wconf 83' lang='lat' dir='ltr'><strong>sponse</strong></span> <span class='ocrx_word' id='word_1_270' title='bbox 1142 2771 1222 2818; x_wconf 88' lang='lat' dir='ltr'><strong>sue</strong></span> <span class='ocrx_word' id='word_1_271' title='bbox 1266 2808 1276 2819; x_wconf 95' lang='lat'><strong><em>.</em></strong></span> <span class='ocrx_word' id='word_1_272' title='bbox 1321 2807 1331 2818; x_wconf 87' lang='lat'>.</span> <span class='ocrx_word' id='word_1_273' title='bbox 1377 2808 1387 2818; x_wconf 92' lang='lat'>.</span> <span class='ocrx_word' id='word_1_274' title='bbox 1431 2773 1654 2819; x_wconf 54' lang='lat' dir='ltr'><strong>obtimam</strong></span> <span class='ocrx_word' id='word_1_275' title='bbox 1691 2777 1880 2833; x_wconf 83' lang='lat' dir='ltr'><strong>partem</strong></span> <span class='ocrx_word' id='word_1_276' title='bbox 1916 2768 2030 2816; x_wconf 83' lang='lat' dir='ltr'><strong>ville</strong></span> <span class='ocrx_word' id='word_1_277' title='bbox 2068 2768 2229 2815; x_wconf 83' lang='lat' dir='ltr'><strong>nostre</strong></span> 
     </span>
     <span class='ocr_line' id='line_1_24' title="bbox 191 2861 2229 2930; baseline -0.002 -18"><span class='ocrx_word' id='word_1_278' title='bbox 191 2864 253 2913; x_wconf 85' lang='lat' dir='ltr'><strong>de</strong></span> <span class='ocrx_word' id='word_1_279' title='bbox 275 2863 560 2930; x_wconf 84' lang='lat' dir='ltr'><strong>Aehmuthy</strong></span> <span class='ocrx_word' id='word_1_280' title='bbox 587 2882 686 2914; x_wconf 82' lang='lat' dir='ltr'><strong>vna</strong></span> <span class='ocrx_word' id='word_1_281' title='bbox 710 2881 822 2912; x_wconf 82' lang='lat' dir='ltr'><strong>eum</strong></span> <span class='ocrx_word' id='word_1_282' title='bbox 847 2864 993 2911; x_wconf 87' lang='lat' dir='ltr'><strong>domo</strong></span> <span class='ocrx_word' id='word_1_283' title='bbox 1018 2861 1209 2911; x_wconf 87' lang='lat' dir='ltr'><strong>brafine</strong></span> <span class='ocrx_word' id='word_1_284' title='bbox 1235 2863 1447 2911; x_wconf 84' lang='lat' dir='ltr'><strong>eiusdem</strong></span> <span class='ocrx_word' id='word_1_285' title='bbox 1488 2900 1498 2911; x_wconf 94' lang='lat'>.</span> <span class='ocrx_word' id='word_1_286' title='bbox 1538 2899 1549 2911; x_wconf 88' lang='lat'><strong>.</strong></span> <span class='ocrx_word' id='word_1_287' title='bbox 1587 2901 1598 2911; x_wconf 93' lang='lat'><strong>.</strong></span> <span class='ocrx_word' id='word_1_288' title='bbox 1636 2862 1720 2910; x_wconf 92' lang='lat' dir='ltr'><strong>fibi</strong></span> <span class='ocrx_word' id='word_1_289' title='bbox 1746 2869 1795 2910; x_wconf 83' lang='lat' dir='ltr'><strong>et-</strong></span> <span class='ocrx_word' id='word_1_290' title='bbox 1818 2862 1911 2909; x_wconf 90' lang='lat' dir='ltr'><strong>suis</strong></span> <span class='ocrx_word' id='word_1_291' title='bbox 1938 2861 2229 2909; x_wconf 87' lang='lat' dir='ltr'><strong>subtenenti-</strong></span> 
     </span>
     <span class='ocr_line' id='line_1_25' title="bbox 191 2952 2227 3021; baseline -0.002 -18"><span class='ocrx_word' id='word_1_292' title='bbox 191 2955 279 3004; x_wconf 87' lang='lat' dir='ltr'><strong>bus</strong></span> <span class='ocrx_word' id='word_1_293' title='bbox 302 2974 391 3021; x_wconf 91' lang='lat' dir='ltr'><strong>pro</strong></span> <span class='ocrx_word' id='word_1_294' title='bbox 416 2963 519 3005; x_wconf 86' lang='lat' dir='ltr'><strong>toto</strong></span> <span class='ocrx_word' id='word_1_295' title='bbox 545 2964 767 3021; x_wconf 86' lang='lat' dir='ltr'><strong>tempore</strong></span> <span class='ocrx_word' id='word_1_296' title='bbox 793 2953 892 3003; x_wconf 88' lang='lat' dir='ltr'><strong>vite</strong></span> <span class='ocrx_word' id='word_1_297' title='bbox 931 2992 942 3002; x_wconf 93' lang='lat'><em>.</em></span> <span class='ocrx_word' id='word_1_298' title='bbox 981 2992 991 3002; x_wconf 92' lang='lat'><em>.</em></span> <span class='ocrx_word' id='word_1_299' title='bbox 1028 2991 1039 3002; x_wconf 93' lang='lat'><strong><em>.</em></strong></span> <span class='ocrx_word' id='word_1_300' title='bbox 1074 2955 1288 3003; x_wconf 90' lang='lat' dir='ltr'><strong>termino</strong></span> <span class='ocrx_word' id='word_1_301' title='bbox 1313 2954 1544 3002; x_wconf 86' lang='lat' dir='ltr'><strong>introitus</strong></span> <span class='ocrx_word' id='word_1_302' title='bbox 1579 2991 1589 3001; x_wconf 93' lang='lat'>.</span> <span class='ocrx_word' id='word_1_303' title='bbox 1625 2991 1635 3001; x_wconf 94' lang='lat'><strong><em>.</em></strong></span> <span class='ocrx_word' id='word_1_304' title='bbox 1672 2989 1684 3001; x_wconf 84' lang='grc'><strong>.</strong></span> <span class='ocrx_word' id='word_1_305' title='bbox 1719 2953 1990 3017; x_wconf 86' lang='lat' dir='ltr'><strong>incipiente</strong></span> <span class='ocrx_word' id='word_1_306' title='bbox 2016 2952 2095 2999; x_wconf 85' lang='lat' dir='ltr'><strong>die</strong></span> <span class='ocrx_word' id='word_1_307' title='bbox 2118 2952 2227 2999; x_wconf 82' lang='lat' dir='ltr'><strong>date</strong></span> 
     </span>
     <span class='ocr_line' id='line_1_26' title="bbox 191 3044 2224 3111; baseline -0.003 -16"><span class='ocrx_word' id='word_1_308' title='bbox 191 3047 494 3111; x_wconf 82' lang='lat' dir='ltr'><strong>presencium</strong></span> <span class='ocrx_word' id='word_1_309' title='bbox 531 3076 541 3086; x_wconf 92' lang='lat'><strong>·</strong></span> <span class='ocrx_word' id='word_1_310' title='bbox 581 3047 831 3097; x_wconf 90' lang='lat' dir='ltr'><strong>Soluendo</strong></span> <span class='ocrx_word' id='word_1_311' title='bbox 867 3083 878 3094; x_wconf 93' lang='lat'><em>.</em></span> <span class='ocrx_word' id='word_1_312' title='bbox 915 3083 926 3094; x_wconf 91' lang='lat'><strong>.</strong></span> <span class='ocrx_word' id='word_1_313' title='bbox 969 3081 980 3094; x_wconf 90' lang='lat'><strong>.</strong></span> <span class='ocrx_word' id='word_1_314' title='bbox 1012 3044 1149 3093; x_wconf 85' lang='lat' dir='ltr'><strong>illam</strong></span> <span class='ocrx_word' id='word_1_315' title='bbox 1175 3046 1367 3094; x_wconf 88' lang='lat' dir='ltr'><strong>firmam</strong></span> <span class='ocrx_word' id='word_1_316' title='bbox 1393 3054 1442 3094; x_wconf 90' lang='lat' dir='ltr'><strong>et</strong></span> <span class='ocrx_word' id='word_1_317' title='bbox 1466 3062 1619 3094; x_wconf 88' lang='lat' dir='ltr'><strong>onera</strong></span> <span class='ocrx_word' id='word_1_318' title='bbox 1641 3045 1962 3093; x_wconf 80' lang='lat' dir='ltr'><strong>husbandalia</strong></span> <span class='ocrx_word' id='word_1_319' title='bbox 1986 3061 2079 3107; x_wconf 91' lang='lat' dir='ltr'><strong>que</strong></span> <span class='ocrx_word' id='word_1_320' title='bbox 2116 3081 2126 3090; x_wconf 88' lang='lat'><strong>.</strong></span> <span class='ocrx_word' id='word_1_321' title='bbox 2165 3080 2174 3090; x_wconf 89' lang='lat'>.</span> <span class='ocrx_word' id='word_1_322' title='bbox 2215 3080 2224 3087; x_wconf 91' lang='lat'>.</span> 
     </span>
    </p>
   </div>
   <div class='ocr_carea' id='block_1_14' title="bbox 193 3134 2225 3277">
    <p class='ocr_par' dir='ltr' id='par_1_15' title="bbox 193 3134 2225 3277">
     <span class='ocr_line' id='line_1_27' title="bbox 193 3134 2225 3200; baseline -0.002 -15"><span class='ocrx_word' id='word_1_323' title='bbox 193 3139 311 3187; x_wconf 84' lang='lat' dir='ltr'><strong>solui</strong></span> <span class='ocrx_word' id='word_1_324' title='bbox 337 3139 697 3189; x_wconf 80' lang='lat' dir='ltr'><strong>consueuerunt</strong></span> <span class='ocrx_word' id='word_1_325' title='bbox 724 3178 734 3188; x_wconf 93' lang='lat'><strong><em>.</em></strong></span> <span class='ocrx_word' id='word_1_326' title='bbox 763 3176 774 3187; x_wconf 91' lang='lat'>.</span> <span class='ocrx_word' id='word_1_327' title='bbox 803 3176 814 3187; x_wconf 89' lang='lat'><strong>.</strong></span> <span class='ocrx_word' id='word_1_328' title='bbox 841 3138 1085 3187; x_wconf 81' lang='lat' dir='ltr'><strong>Volumus</strong></span> <span class='ocrx_word' id='word_1_329' title='bbox 1110 3145 1273 3186; x_wconf 89' lang='lat' dir='ltr'><strong>autem</strong></span> <span class='ocrx_word' id='word_1_330' title='bbox 1300 3138 1430 3200; x_wconf 88' lang='lat' dir='ltr'><strong>quod</strong></span> <span class='ocrx_word' id='word_1_331' title='bbox 1453 3137 1569 3185; x_wconf 62' lang='lat' dir='ltr'><strong>dieti</strong></span> <span class='ocrx_word' id='word_1_332' title='bbox 1595 3173 1605 3183; x_wconf 89' lang='lat'><strong>.</strong></span> <span class='ocrx_word' id='word_1_333' title='bbox 1634 3174 1644 3184; x_wconf 89' lang='lat'>.</span> <span class='ocrx_word' id='word_1_334' title='bbox 1673 3173 1683 3182; x_wconf 93' lang='lat'><strong>.</strong></span> <span class='ocrx_word' id='word_1_335' title='bbox 1709 3136 1962 3199; x_wconf 85' lang='lat' dir='ltr'><strong>imponant</strong></span> <span class='ocrx_word' id='word_1_336' title='bbox 1987 3142 2035 3183; x_wconf 89' lang='lat' dir='ltr'><strong>et</strong></span> <span class='ocrx_word' id='word_1_337' title='bbox 2067 3134 2225 3197; x_wconf 75' lang='lat' dir='ltr'><strong>expel-</strong></span> 
     </span>
     <span class='ocr_line' id='line_1_28' title="bbox 1165 3234 1237 3277; baseline -0.014 0"><span class='ocrx_word' id='word_1_338' title='bbox 1165 3234 1194 3277; x_wconf 83' lang='lat'>2</span> <span class='ocrx_word' id='word_1_339' title='bbox 1221 3246 1237 3276; x_wconf 91' lang='lat'>1</span> 
     </span>
    </p>
   </div>
  </div>
 </body>
</html>
