<?xml version="1.0" encoding="UTF-8"?>
<!DOCTYPE html PUBLIC "-//W3C//DTD XHTML 1.0 Transitional//EN"
    "http://www.w3.org/TR/xhtml1/DTD/xhtml1-transitional.dtd">
<html xmlns="http://www.w3.org/1999/xhtml" xml:lang="en" lang="en">
 <head>
  <title>
</title>
<meta http-equiv="Content-Type" content="text/html;charset=utf-8" />
  <meta name='ocr-system' content='tesseract 3.04.00' />
  <meta name='ocr-capabilities' content='ocr_page ocr_carea ocr_par ocr_line ocrx_word'/>
</head>
<body>
  <div class='ocr_page' id='page_1' title='image "./libersthomedea8602arbruoft_0496.png"; bbox 0 0 2586 3834; ppageno 0'>
   <div class='ocr_carea' id='block_1_1' title="bbox 276 872 371 919">
    <p class='ocr_par' dir='ltr' id='par_1_1' title="bbox 276 872 371 919">
     <span class='ocr_line' id='line_1_1' title="bbox 276 872 371 919; baseline 0 0"><span class='ocrx_word' id='word_1_1' title='bbox 276 872 371 919; x_wconf 79' lang='lat'><strong>499</strong></span> 
     </span>
    </p>
   </div>
   <div class='ocr_carea' id='block_1_2' title="bbox 271 1876 490 1921">
    <p class='ocr_par' dir='ltr' id='par_1_2' title="bbox 271 1876 490 1921">
     <span class='ocr_line' id='line_1_2' title="bbox 271 1876 490 1921; baseline 0.027 -6"><span class='ocrx_word' id='word_1_2' title='bbox 271 1876 367 1919; x_wconf 81' lang='lat'><strong>500</strong></span> <span class='ocrx_word' id='word_1_3' title='bbox 426 1913 434 1921; x_wconf 93' lang='lat'>.</span> <span class='ocrx_word' id='word_1_4' title='bbox 482 1911 490 1921; x_wconf 92' lang='lat'><strong>.</strong></span> 
     </span>
    </p>
   </div>
   <div class='ocr_carea' id='block_1_3' title="bbox 422 363 2017 432">
    <p class='ocr_par' dir='ltr' id='par_1_3' title="bbox 422 363 2017 432">
     <span class='ocr_line' id='line_1_3' title="bbox 422 363 2017 432; baseline -0.008 -9"><span class='ocrx_word' id='word_1_5' title='bbox 422 379 519 432; x_wconf 77' lang='lat'><strong>:396</strong></span> <span class='ocrx_word' id='word_1_6' title='bbox 867 369 1290 422; x_wconf 90' lang='lat' dir='ltr'><strong>REGISTRUM</strong></span> <span class='ocrx_word' id='word_1_7' title='bbox 1326 367 1422 416; x_wconf 81' lang='lat' dir='ltr'><strong>DE</strong></span> <span class='ocrx_word' id='word_1_8' title='bbox 1458 363 2017 414; x_wconf 88' lang='lat' dir='ltr'><strong>ABERBROTHOC.</strong></span> 
     </span>
    </p>
   </div>
   <div class='ocr_carea' id='block_1_4' title="bbox 424 579 2470 666">
    <p class='ocr_par' dir='ltr' id='par_1_4' title="bbox 424 579 2470 666">
     <span class='ocr_line' id='line_1_4' title="bbox 424 579 2470 666; baseline -0.006 -17"><span class='ocrx_word' id='word_1_9' title='bbox 424 579 638 666; x_wconf 76' lang='lat' dir='ltr'><strong>Quarta</strong></span> <span class='ocrx_word' id='word_1_10' title='bbox 671 615 784 662; x_wconf 90' lang='lat' dir='ltr'><strong>pars</strong></span> <span class='ocrx_word' id='word_1_11' title='bbox 810 596 924 645; x_wconf 88' lang='lat' dir='ltr'><strong>ville</strong></span> <span class='ocrx_word' id='word_1_12' title='bbox 949 595 1010 642; x_wconf 92' lang='lat' dir='ltr'><strong>de</strong></span> <span class='ocrx_word' id='word_1_13' title='bbox 1036 591 1302 658; x_wconf 88' lang='lat' dir='ltr'><strong>Kynelune</strong></span> <span class='ocrx_word' id='word_1_14' title='bbox 1339 588 1581 638; x_wconf 83' lang='lat' dir='ltr'><strong>affedatur</strong></span> <span class='ocrx_word' id='word_1_15' title='bbox 1616 587 1906 636; x_wconf 86' lang='lat' dir='ltr'><strong>Alexandro</strong></span> <span class='ocrx_word' id='word_1_16' title='bbox 1944 586 2118 652; x_wconf 88' lang='lat' dir='ltr'><strong>Peddy</strong></span> <span class='ocrx_word' id='word_1_17' title='bbox 2145 595 2194 636; x_wconf 94' lang='lat' dir='ltr'><strong>et</strong></span> <span class='ocrx_word' id='word_1_18' title='bbox 2219 587 2470 638; x_wconf 82' lang='lat' dir='ltr'>Elisabeth</span> 
     </span>
    </p>
   </div>
   <div class='ocr_carea' id='block_1_5' title="bbox 426 686 1040 756">
    <p class='ocr_par' dir='ltr' id='par_1_5' title="bbox 426 686 1040 756">
     <span class='ocr_line' id='line_1_5' title="bbox 426 686 1040 756; baseline -0.015 -15"><span class='ocrx_word' id='word_1_19' title='bbox 426 692 706 756; x_wconf 83' lang='lat' dir='ltr'><strong>Caryneors</strong></span> <span class='ocrx_word' id='word_1_20' title='bbox 730 690 833 738; x_wconf 89' lang='lat' dir='ltr'><strong>eius</strong></span> <span class='ocrx_word' id='word_1_21' title='bbox 857 686 1040 751; x_wconf 88' lang='lat' dir='ltr'><strong>sponse.</strong></span> 
     </span>
    </p>
   </div>
   <div class='ocr_carea' id='block_1_6' title="bbox 423 860 2471 1383">
    <p class='ocr_par' dir='ltr' id='par_1_6' title="bbox 423 860 2471 1383">
     <span class='ocr_line' id='line_1_6' title="bbox 425 860 2468 927; baseline -0.005 -9"><span class='ocrx_word' id='word_1_22' title='bbox 425 911 432 918; x_wconf 95' lang='lat'><strong><em>.</em></strong></span> <span class='ocrx_word' id='word_1_23' title='bbox 476 907 485 917; x_wconf 91' lang='lat'><strong>.</strong></span> <span class='ocrx_word' id='word_1_24' title='bbox 529 906 539 916; x_wconf 92' lang='lat'>.</span> <span class='ocrx_word' id='word_1_25' title='bbox 581 868 756 917; x_wconf 87' lang='lat' dir='ltr'><strong>Pateat</strong></span> <span class='ocrx_word' id='word_1_26' title='bbox 800 904 811 915; x_wconf 84' lang='lat'><strong>.</strong></span> <span class='ocrx_word' id='word_1_27' title='bbox 854 904 864 914; x_wconf 91' lang='lat'><strong>.</strong></span> <span class='ocrx_word' id='word_1_28' title='bbox 906 904 915 913; x_wconf 95' lang='lat'>.</span> <span class='ocrx_word' id='word_1_29' title='bbox 958 882 1047 913; x_wconf 92' lang='lat' dir='ltr'><strong>nos</strong></span> <span class='ocrx_word' id='word_1_30' title='bbox 1086 862 1360 927; x_wconf 86' lang='lat' dir='ltr'>Georgium</span> <span class='ocrx_word' id='word_1_31' title='bbox 1411 899 1421 909; x_wconf 96' lang='lat'><strong><em>.</em></strong></span> <span class='ocrx_word' id='word_1_32' title='bbox 1469 898 1478 907; x_wconf 89' lang='lat'><strong>.</strong></span> <span class='ocrx_word' id='word_1_33' title='bbox 1522 898 1533 907; x_wconf 91' lang='lat'><strong>.</strong></span> <span class='ocrx_word' id='word_1_34' title='bbox 1583 860 1809 909; x_wconf 90' lang='lat' dir='ltr'><strong>abbatem</strong></span> <span class='ocrx_word' id='word_1_35' title='bbox 1847 897 1857 908; x_wconf 92' lang='lat'><strong>.</strong></span> <span class='ocrx_word' id='word_1_36' title='bbox 1893 898 1902 908; x_wconf 86' lang='lat'><strong><em>.</em></strong></span> <span class='ocrx_word' id='word_1_37' title='bbox 1941 900 1949 909; x_wconf 92' lang='lat'><strong>.</strong></span> <span class='ocrx_word' id='word_1_38' title='bbox 1988 861 2049 909; x_wconf 88' lang='lat' dir='ltr'><strong>de</strong></span> <span class='ocrx_word' id='word_1_39' title='bbox 2086 861 2308 909; x_wconf 87' lang='lat' dir='ltr'><strong>Arbroth</strong></span> <span class='ocrx_word' id='word_1_40' title='bbox 2347 898 2358 909; x_wconf 88' lang='lat'><strong>.</strong></span> <span class='ocrx_word' id='word_1_41' title='bbox 2405 897 2414 907; x_wconf 90' lang='lat'><strong>.</strong></span> <span class='ocrx_word' id='word_1_42' title='bbox 2459 899 2468 908; x_wconf 94' lang='lat'><strong>.</strong></span> 
     </span>
     <span class='ocr_line' id='line_1_7' title="bbox 424 951 2469 1018; baseline -0.003 -10"><span class='ocrx_word' id='word_1_43' title='bbox 424 957 646 1009; x_wconf 78' lang='lat' dir='ltr'><strong>affedaffe</strong></span> <span class='ocrx_word' id='word_1_44' title='bbox 684 995 694 1005; x_wconf 86' lang='lat'><strong>.</strong></span> <span class='ocrx_word' id='word_1_45' title='bbox 728 996 737 1005; x_wconf 92' lang='lat'><strong>.</strong></span> <span class='ocrx_word' id='word_1_46' title='bbox 776 995 787 1005; x_wconf 89' lang='lat'><strong>.</strong></span> <span class='ocrx_word' id='word_1_47' title='bbox 818 956 1126 1005; x_wconf 85' lang='lat' dir='ltr'><strong>Allexandro</strong></span> <span class='ocrx_word' id='word_1_48' title='bbox 1151 954 1324 1018; x_wconf 85' lang='lat' dir='ltr'><strong>Peddy</strong></span> <span class='ocrx_word' id='word_1_49' title='bbox 1344 961 1393 1002; x_wconf 92' lang='lat' dir='ltr'><strong>et</strong></span> <span class='ocrx_word' id='word_1_50' title='bbox 1418 951 1682 1001; x_wconf 88' lang='lat' dir='ltr'><strong>Elizabetb</strong></span> <span class='ocrx_word' id='word_1_51' title='bbox 1710 951 1997 1017; x_wconf 88' lang='lat' dir='ltr'><strong>Caryncors</strong></span> <span class='ocrx_word' id='word_1_52' title='bbox 2022 952 2128 1000; x_wconf 89' lang='lat' dir='ltr'><strong>eius</strong></span> <span class='ocrx_word' id='word_1_53' title='bbox 2153 952 2323 1016; x_wconf 87' lang='lat' dir='ltr'><strong>sponse</strong></span> <span class='ocrx_word' id='word_1_54' title='bbox 2361 988 2372 999; x_wconf 89' lang='lat'><strong>.</strong></span> <span class='ocrx_word' id='word_1_55' title='bbox 2411 989 2422 1000; x_wconf 91' lang='lat'><strong>.</strong></span> <span class='ocrx_word' id='word_1_56' title='bbox 2460 991 2469 1001; x_wconf 91' lang='lat'><em>.</em></span> 
     </span>
     <span class='ocr_line' id='line_1_8' title="bbox 423 1044 2470 1115; baseline -0.003 -16"><span class='ocrx_word' id='word_1_57' title='bbox 423 1058 645 1115; x_wconf 83' lang='lat' dir='ltr'><strong>quartam</strong></span> <span class='ocrx_word' id='word_1_58' title='bbox 681 1056 872 1113; x_wconf 88' lang='lat' dir='ltr'><strong>partem</strong></span> <span class='ocrx_word' id='word_1_59' title='bbox 898 1047 1015 1095; x_wconf 89' lang='lat' dir='ltr'><strong>ville</strong></span> <span class='ocrx_word' id='word_1_60' title='bbox 1049 1044 1213 1094; x_wconf 87' lang='lat' dir='ltr'><strong>nostre</strong></span> <span class='ocrx_word' id='word_1_61' title='bbox 1250 1045 1311 1093; x_wconf 92' lang='lat' dir='ltr'><strong>de</strong></span> <span class='ocrx_word' id='word_1_62' title='bbox 1348 1044 1617 1110; x_wconf 84' lang='lat' dir='ltr'><strong>Kyncluue</strong></span> <span class='ocrx_word' id='word_1_63' title='bbox 1654 1061 1765 1093; x_wconf 91' lang='lat' dir='ltr'><strong>cum</strong></span> <span class='ocrx_word' id='word_1_64' title='bbox 1803 1044 2009 1093; x_wconf 84' lang='lat' dir='ltr'><strong>decimis</strong></span> <span class='ocrx_word' id='word_1_65' title='bbox 2039 1044 2325 1110; x_wconf 87' lang='lat' dir='ltr'><strong>garbalibus</strong></span> <span class='ocrx_word' id='word_1_66' title='bbox 2362 1083 2371 1092; x_wconf 92' lang='lat'>.</span> <span class='ocrx_word' id='word_1_67' title='bbox 2411 1082 2421 1093; x_wconf 88' lang='lat'><strong>.</strong></span> <span class='ocrx_word' id='word_1_68' title='bbox 2460 1083 2470 1092; x_wconf 92' lang='lat'>.</span> 
     </span>
     <span class='ocr_line' id='line_1_9' title="bbox 424 1135 2471 1206; baseline -0.002 -16"><span class='ocrx_word' id='word_1_69' title='bbox 424 1159 567 1206; x_wconf 87' lang='lat' dir='ltr'><strong>quam</strong></span> <span class='ocrx_word' id='word_1_70' title='bbox 607 1179 616 1189; x_wconf 91' lang='lat'><strong>.</strong></span> <span class='ocrx_word' id='word_1_71' title='bbox 656 1180 665 1189; x_wconf 90' lang='lat'><strong>.</strong></span> <span class='ocrx_word' id='word_1_72' title='bbox 706 1179 716 1188; x_wconf 89' lang='lat'><strong>.</strong></span> <span class='ocrx_word' id='word_1_73' title='bbox 754 1140 1040 1188; x_wconf 82' lang='lat' dir='ltr'><strong>Alexander</strong></span> <span class='ocrx_word' id='word_1_74' title='bbox 1081 1154 1215 1186; x_wconf 89' lang='lat' dir='ltr'><strong>nunc</strong></span> <span class='ocrx_word' id='word_1_75' title='bbox 1257 1144 1467 1200; x_wconf 88' lang='lat' dir='ltr'><strong>occupat</strong></span> <span class='ocrx_word' id='word_1_76' title='bbox 1506 1175 1515 1184; x_wconf 90' lang='lat'><strong>.</strong></span> <span class='ocrx_word' id='word_1_77' title='bbox 1558 1172 1568 1183; x_wconf 87' lang='lat'><em>.</em></span> <span class='ocrx_word' id='word_1_78' title='bbox 1611 1174 1621 1184; x_wconf 87' lang='lat'><strong>.</strong></span> <span class='ocrx_word' id='word_1_79' title='bbox 1660 1135 1793 1184; x_wconf 87' lang='lat' dir='ltr'><strong>infra</strong></span> <span class='ocrx_word' id='word_1_80' title='bbox 1830 1135 2102 1184; x_wconf 90' lang='lat' dir='ltr'><strong>dominium</strong></span> <span class='ocrx_word' id='word_1_81' title='bbox 2143 1135 2364 1185; x_wconf 87' lang='lat' dir='ltr'><strong>nostrum</strong></span> <span class='ocrx_word' id='word_1_82' title='bbox 2411 1138 2471 1185; x_wconf 93' lang='lat' dir='ltr'><strong>de</strong></span> 
     </span>
     <span class='ocr_line' id='line_1_10' title="bbox 424 1227 2471 1299; baseline -0.003 -17"><span class='ocrx_word' id='word_1_83' title='bbox 424 1233 769 1299; x_wconf 88' lang='lat' dir='ltr'><strong>Kyncoldrum</strong></span> <span class='ocrx_word' id='word_1_84' title='bbox 793 1258 803 1268; x_wconf 90' lang='lat'><strong>·</strong></span> <span class='ocrx_word' id='word_1_85' title='bbox 828 1231 1040 1279; x_wconf 90' lang='lat' dir='ltr'><strong>termino</strong></span> <span class='ocrx_word' id='word_1_86' title='bbox 1070 1229 1182 1294; x_wconf 90' lang='lat' dir='ltr'><strong>[etc.</strong></span> <span class='ocrx_word' id='word_1_87' title='bbox 1209 1236 1262 1277; x_wconf 87' lang='lat' dir='ltr'><strong>ut</strong></span> <span class='ocrx_word' id='word_1_88' title='bbox 1287 1227 1433 1292; x_wconf 92' lang='lat' dir='ltr'><strong>supra</strong></span> <span class='ocrx_word' id='word_1_89' title='bbox 1456 1227 1553 1276; x_wconf 89' lang='lat' dir='ltr'><strong>No.</strong></span> <span class='ocrx_word' id='word_1_90' title='bbox 1580 1227 1702 1293; x_wconf 82' lang='grc'>497]</span> <span class='ocrx_word' id='word_1_91' title='bbox 1744 1265 1755 1275; x_wconf 92' lang='grc'><strong>.</strong></span> <span class='ocrx_word' id='word_1_92' title='bbox 1790 1267 1799 1276; x_wconf 92' lang='grc'><strong>.</strong></span> <span class='ocrx_word' id='word_1_93' title='bbox 1836 1268 1845 1276; x_wconf 92' lang='grc'><strong>.</strong></span> <span class='ocrx_word' id='word_1_94' title='bbox 1882 1227 2034 1292; x_wconf 88' lang='lat' dir='ltr'><strong>Apud</strong></span> <span class='ocrx_word' id='word_1_95' title='bbox 2071 1267 2079 1276; x_wconf 88' lang='lat'>.</span> <span class='ocrx_word' id='word_1_96' title='bbox 2112 1266 2122 1276; x_wconf 87' lang='lat'><strong>.</strong></span> <span class='ocrx_word' id='word_1_97' title='bbox 2155 1267 2163 1275; x_wconf 93' lang='lat'><strong>.</strong></span> <span class='ocrx_word' id='word_1_98' title='bbox 2202 1228 2471 1292; x_wconf 88' lang='lat' dir='ltr'><strong>capitulum</strong></span> 
     </span>
     <span class='ocr_line' id='line_1_11' title="bbox 425 1317 2230 1383; baseline -0.004 -11"><span class='ocrx_word' id='word_1_99' title='bbox 425 1323 649 1373; x_wconf 75' lang='lat' dir='ltr'><strong>vicesimo</strong></span> <span class='ocrx_word' id='word_1_100' title='bbox 674 1323 753 1371; x_wconf 92' lang='lat' dir='ltr'><strong>die</strong></span> <span class='ocrx_word' id='word_1_101' title='bbox 778 1321 953 1371; x_wconf 87' lang='lat' dir='ltr'><strong>menfis</strong></span> <span class='ocrx_word' id='word_1_102' title='bbox 977 1321 1012 1370; x_wconf 87' lang='lat' dir='ltr'>J</span> <span class='ocrx_word' id='word_1_103' title='bbox 1015 1321 1104 1369; x_wconf 91' lang='lat' dir='ltr'><strong>ulii</strong></span> <span class='ocrx_word' id='word_1_104' title='bbox 1129 1336 1259 1368; x_wconf 88' lang='lat' dir='ltr'><strong>anno</strong></span> <span class='ocrx_word' id='word_1_105' title='bbox 1285 1319 1494 1367; x_wconf 90' lang='lat' dir='ltr'><strong>Domini</strong></span> <span class='ocrx_word' id='word_1_106' title='bbox 1518 1325 1584 1366; x_wconf 89' lang='lat' dir='ltr'><strong>m⁰</strong></span> <span class='ocrx_word' id='word_1_107' title='bbox 1608 1317 2000 1383; x_wconf 74' lang='lat' dir='ltr'><strong>quingentesimo</strong></span> <span class='ocrx_word' id='word_1_108' title='bbox 2025 1318 2230 1366; x_wconf 87' lang='lat' dir='ltr'><strong>decimo.</strong></span> 
     </span>
    </p>
   </div>
   <div class='ocr_carea' id='block_1_7' title="bbox 424 1573 2468 1748">
    <p class='ocr_par' dir='ltr' id='par_1_7' title="bbox 424 1573 2468 1748">
     <span class='ocr_line' id='line_1_12' title="bbox 424 1573 2468 1658; baseline -0.002 -17"><span class='ocrx_word' id='word_1_109' title='bbox 424 1573 634 1658; x_wconf 76' lang='lat' dir='ltr'><strong>Quarta</strong></span> <span class='ocrx_word' id='word_1_110' title='bbox 656 1608 769 1655; x_wconf 88' lang='lat' dir='ltr'><strong>pars</strong></span> <span class='ocrx_word' id='word_1_111' title='bbox 794 1590 855 1638; x_wconf 89' lang='lat' dir='ltr'><strong>de</strong></span> <span class='ocrx_word' id='word_1_112' title='bbox 874 1588 1230 1654; x_wconf 89' lang='lat' dir='ltr'><strong>Westyrpercy</strong></span> <span class='ocrx_word' id='word_1_113' title='bbox 1250 1585 1495 1635; x_wconf 77' lang='lat' dir='ltr'><strong>affedatur</strong></span> <span class='ocrx_word' id='word_1_114' title='bbox 1514 1586 1549 1634; x_wconf 89' lang='lat' dir='ltr'>J</span> <span class='ocrx_word' id='word_1_115' title='bbox 1551 1586 1736 1634; x_wconf 88' lang='lat' dir='ltr'><strong>ohanni</strong></span> <span class='ocrx_word' id='word_1_116' title='bbox 1757 1585 1951 1634; x_wconf 86' lang='lat' dir='ltr'><strong>Fenton</strong></span> <span class='ocrx_word' id='word_1_117' title='bbox 1978 1616 1986 1626; x_wconf 93' lang='lat'>-</span> <span class='ocrx_word' id='word_1_118' title='bbox 2019 1586 2279 1636; x_wconf 90' lang='lat' dir='ltr'><strong>Elizabeth</strong></span> <span class='ocrx_word' id='word_1_119' title='bbox 2302 1587 2438 1637; x_wconf 90' lang='lat' dir='ltr'><strong>Blair</strong></span> <span class='ocrx_word' id='word_1_120' title='bbox 2459 1618 2468 1626; x_wconf 91' lang='lat'><strong>·</strong></span> 
     </span>
     <span class='ocr_line' id='line_1_13' title="bbox 424 1681 972 1748; baseline -0.007 -16"><span class='ocrx_word' id='word_1_121' title='bbox 424 1692 472 1732; x_wconf 89' lang='lat' dir='ltr'><strong>et</strong></span> <span class='ocrx_word' id='word_1_122' title='bbox 496 1684 737 1748; x_wconf 88' lang='lat' dir='ltr'><strong>Gylberto</strong></span> <span class='ocrx_word' id='word_1_123' title='bbox 761 1681 972 1731; x_wconf 87' lang='lat' dir='ltr'><strong>Fenton.</strong></span> 
     </span>
    </p>
   </div>
   <div class='ocr_carea' id='block_1_8' title="bbox 423 1868 2470 2925">
    <p class='ocr_par' dir='ltr' id='par_1_8' title="bbox 423 1868 2470 2925">
     <span class='ocr_line' id='line_1_14' title="bbox 543 1868 2467 1934; baseline -0.002 -13"><span class='ocrx_word' id='word_1_124' title='bbox 543 1911 551 1920; x_wconf 92' lang='lat'>.</span> <span class='ocrx_word' id='word_1_125' title='bbox 589 1873 762 1921; x_wconf 89' lang='lat' dir='ltr'><strong>Pateat</strong></span> <span class='ocrx_word' id='word_1_126' title='bbox 805 1911 813 1919; x_wconf 90' lang='lat'><strong><em>.</em></strong></span> <span class='ocrx_word' id='word_1_127' title='bbox 863 1910 871 1918; x_wconf 95' lang='lat'><em>.</em></span> <span class='ocrx_word' id='word_1_128' title='bbox 923 1910 932 1918; x_wconf 95' lang='lat'><em>.</em></span> <span class='ocrx_word' id='word_1_129' title='bbox 969 1887 1059 1918; x_wconf 91' lang='lat' dir='ltr'><strong>nos</strong></span> <span class='ocrx_word' id='word_1_130' title='bbox 1084 1868 1356 1934; x_wconf 86' lang='lat' dir='ltr'><strong>Georgium</strong></span> <span class='ocrx_word' id='word_1_131' title='bbox 1399 1906 1407 1914; x_wconf 91' lang='lat'><em>.</em></span> <span class='ocrx_word' id='word_1_132' title='bbox 1458 1906 1466 1915; x_wconf 96' lang='lat'>.</span> <span class='ocrx_word' id='word_1_133' title='bbox 1516 1906 1525 1916; x_wconf 93' lang='lat'><strong>.</strong></span> <span class='ocrx_word' id='word_1_134' title='bbox 1575 1868 1802 1917; x_wconf 84' lang='lat' dir='ltr'><strong>abbatem</strong></span> <span class='ocrx_word' id='word_1_135' title='bbox 1844 1907 1852 1916; x_wconf 94' lang='lat'><strong><em>.</em></strong></span> <span class='ocrx_word' id='word_1_136' title='bbox 1893 1906 1902 1915; x_wconf 91' lang='lat'><strong>.</strong></span> <span class='ocrx_word' id='word_1_137' title='bbox 1941 1907 1950 1917; x_wconf 90' lang='lat'><strong><em>.</em></strong></span> <span class='ocrx_word' id='word_1_138' title='bbox 2001 1869 2062 1916; x_wconf 91' lang='lat' dir='ltr'><strong>de</strong></span> <span class='ocrx_word' id='word_1_139' title='bbox 2087 1868 2311 1918; x_wconf 87' lang='lat' dir='ltr'><strong>Arbroth</strong></span> <span class='ocrx_word' id='word_1_140' title='bbox 2354 1910 2362 1918; x_wconf 91' lang='lat'><strong>.</strong></span> <span class='ocrx_word' id='word_1_141' title='bbox 2409 1907 2418 1917; x_wconf 90' lang='lat'>.</span> <span class='ocrx_word' id='word_1_142' title='bbox 2460 1911 2467 1919; x_wconf 94' lang='lat'><strong><em>.</em></strong></span> 
     </span>
     <span class='ocr_line' id='line_1_15' title="bbox 425 1945 2469 2012; baseline -0.001 0"><span class='ocrx_word' id='word_1_143' title='bbox 425 1963 647 2012; x_wconf 79' lang='lat' dir='ltr'><strong>affedaffe</strong></span> <span class='ocrx_word' id='word_1_144' title='bbox 694 2002 703 2011; x_wconf 90' lang='lat'><strong>.</strong></span> <span class='ocrx_word' id='word_1_145' title='bbox 751 2001 762 2010; x_wconf 89' lang='lat'>.</span> <span class='ocrx_word' id='word_1_146' title='bbox 808 2001 818 2010; x_wconf 90' lang='lat'><em>.</em></span> <span class='ocrx_word' id='word_1_147' title='bbox 862 1961 1083 2011; x_wconf 88' lang='lat' dir='ltr'><strong>Johanni</strong></span> <span class='ocrx_word' id='word_1_148' title='bbox 1106 1960 1302 2009; x_wconf 86' lang='lat' dir='ltr'><strong>Fenton</strong></span> <span class='ocrx_word' id='word_1_149' title='bbox 1340 1987 1350 1996; x_wconf 89' lang='lat'><strong>·</strong></span> <span class='ocrx_word' id='word_1_150' title='bbox 1392 1958 1646 2008; x_wconf 81' lang='lat' dir='ltr'><strong>Elisabeth</strong></span> <span class='ocrx_word' id='word_1_151' title='bbox 1684 1959 1823 2008; x_wconf 91' lang='lat' dir='ltr'><strong>Blair</strong></span> <span class='ocrx_word' id='word_1_152' title='bbox 1866 1989 1875 1998; x_wconf 92' lang='lat'>-</span> <span class='ocrx_word' id='word_1_153' title='bbox 1915 1969 1965 2008; x_wconf 95' lang='lat' dir='ltr'><strong>et</strong></span> <span class='ocrx_word' id='word_1_154' title='bbox 1992 1945 2221 2009; x_wconf 82' lang='lat' dir='ltr'><strong>Gilberto</strong></span> <span class='ocrx_word' id='word_1_155' title='bbox 2246 1960 2469 2011; x_wconf 89' lang='lat' dir='ltr'><strong>Fentone</strong></span> 
     </span>
     <span class='ocr_line' id='line_1_16' title="bbox 423 2053 2468 2118; baseline -0.001 -14"><span class='ocrx_word' id='word_1_156' title='bbox 423 2056 523 2103; x_wconf 90' lang='lat' dir='ltr'><strong>filio</strong></span> <span class='ocrx_word' id='word_1_157' title='bbox 548 2056 816 2104; x_wconf 91' lang='lat' dir='ltr'><strong>eorundem</strong></span> <span class='ocrx_word' id='word_1_158' title='bbox 852 2094 861 2103; x_wconf 90' lang='lat'><strong>.</strong></span> <span class='ocrx_word' id='word_1_159' title='bbox 892 2094 901 2103; x_wconf 88' lang='lat'><strong>.</strong></span> <span class='ocrx_word' id='word_1_160' title='bbox 937 2091 948 2102; x_wconf 88' lang='lat'><em>.</em></span> <span class='ocrx_word' id='word_1_161' title='bbox 984 2071 1075 2118; x_wconf 92' lang='lat' dir='ltr'><strong>pro</strong></span> <span class='ocrx_word' id='word_1_162' title='bbox 1099 2053 1325 2102; x_wconf 88' lang='lat' dir='ltr'><strong>terminis</strong></span> <span class='ocrx_word' id='word_1_163' title='bbox 1351 2053 1522 2101; x_wconf 89' lang='lat' dir='ltr'><strong>decem</strong></span> <span class='ocrx_word' id='word_1_164' title='bbox 1547 2058 1597 2100; x_wconf 89' lang='lat' dir='ltr'><strong>et</strong></span> <span class='ocrx_word' id='word_1_165' title='bbox 1620 2068 1799 2100; x_wconf 88' lang='lat' dir='ltr'><strong>nouem</strong></span> <span class='ocrx_word' id='word_1_166' title='bbox 1824 2068 2067 2100; x_wconf 90' lang='lat' dir='ltr'><strong>annorum</strong></span> <span class='ocrx_word' id='word_1_167' title='bbox 2100 2092 2109 2100; x_wconf 88' lang='lat'><strong>.</strong></span> <span class='ocrx_word' id='word_1_168' title='bbox 2149 2092 2157 2100; x_wconf 92' lang='lat'>.</span> <span class='ocrx_word' id='word_1_169' title='bbox 2199 2090 2208 2100; x_wconf 92' lang='lat'><em>.</em></span> <span class='ocrx_word' id='word_1_170' title='bbox 2244 2062 2468 2117; x_wconf 84' lang='lat' dir='ltr'><strong>quartam</strong></span> 
     </span>
     <span class='ocr_line' id='line_1_17' title="bbox 423 2144 2469 2211; baseline -0.001 -16"><span class='ocrx_word' id='word_1_171' title='bbox 423 2156 614 2211; x_wconf 89' lang='lat' dir='ltr'><strong>partem</strong></span> <span class='ocrx_word' id='word_1_172' title='bbox 640 2147 755 2195; x_wconf 87' lang='lat' dir='ltr'><strong>ville</strong></span> <span class='ocrx_word' id='word_1_173' title='bbox 780 2145 944 2194; x_wconf 86' lang='lat' dir='ltr'><strong>nostre</strong></span> <span class='ocrx_word' id='word_1_174' title='bbox 969 2146 1030 2194; x_wconf 93' lang='lat' dir='ltr'><strong>de</strong></span> <span class='ocrx_word' id='word_1_175' title='bbox 1055 2144 1402 2210; x_wconf 88' lang='lat' dir='ltr'><strong>Westyrpersy</strong></span> <span class='ocrx_word' id='word_1_176' title='bbox 1429 2160 1541 2192; x_wconf 90' lang='lat' dir='ltr'><strong>cum</strong></span> <span class='ocrx_word' id='word_1_177' title='bbox 1566 2144 1772 2192; x_wconf 87' lang='lat' dir='ltr'><strong>decimis</strong></span> <span class='ocrx_word' id='word_1_178' title='bbox 1797 2144 2081 2208; x_wconf 88' lang='lat' dir='ltr'><strong>garbalibus</strong></span> <span class='ocrx_word' id='word_1_179' title='bbox 2114 2185 2122 2192; x_wconf 90' lang='lat'><em>.</em></span> <span class='ocrx_word' id='word_1_180' title='bbox 2164 2183 2174 2192; x_wconf 94' lang='lat'><strong>.</strong></span> <span class='ocrx_word' id='word_1_181' title='bbox 2212 2185 2220 2194; x_wconf 91' lang='lat'><em>.</em></span> <span class='ocrx_word' id='word_1_182' title='bbox 2259 2147 2469 2195; x_wconf 91' lang='lat' dir='ltr'><strong>termino</strong></span> 
     </span>
     <span class='ocr_line' id='line_1_18' title="bbox 425 2236 2467 2301; baseline 0 -15"><span class='ocrx_word' id='word_1_183' title='bbox 425 2255 541 2287; x_wconf 91' lang='lat' dir='ltr'><strong>vero</strong></span> <span class='ocrx_word' id='word_1_184' title='bbox 572 2238 803 2287; x_wconf 87' lang='lat' dir='ltr'><strong>introitus</strong></span> <span class='ocrx_word' id='word_1_185' title='bbox 850 2274 860 2284; x_wconf 93' lang='lat'><strong>.</strong></span> <span class='ocrx_word' id='word_1_186' title='bbox 899 2275 908 2285; x_wconf 93' lang='lat'>.</span> <span class='ocrx_word' id='word_1_187' title='bbox 946 2276 955 2285; x_wconf 92' lang='lat'>.</span> <span class='ocrx_word' id='word_1_188' title='bbox 992 2236 1262 2301; x_wconf 83' lang='lat' dir='ltr'><strong>incipiente</strong></span> <span class='ocrx_word' id='word_1_189' title='bbox 1299 2236 1379 2285; x_wconf 91' lang='lat' dir='ltr'><strong>die</strong></span> <span class='ocrx_word' id='word_1_190' title='bbox 1416 2237 1530 2286; x_wconf 89' lang='lat' dir='ltr'><strong>date</strong></span> <span class='ocrx_word' id='word_1_191' title='bbox 1565 2236 1870 2299; x_wconf 86' lang='lat' dir='ltr'><strong>presencium</strong></span> <span class='ocrx_word' id='word_1_192' title='bbox 1909 2273 1919 2284; x_wconf 89' lang='lat'><em>.</em></span> <span class='ocrx_word' id='word_1_193' title='bbox 1960 2274 1971 2285; x_wconf 88' lang='lat'><strong><em>.</em></strong></span> <span class='ocrx_word' id='word_1_194' title='bbox 2008 2276 2016 2285; x_wconf 94' lang='lat'><strong><em>.</em></strong></span> <span class='ocrx_word' id='word_1_195' title='bbox 2058 2236 2307 2286; x_wconf 89' lang='lat' dir='ltr'><strong>Soluendo</strong></span> <span class='ocrx_word' id='word_1_196' title='bbox 2350 2275 2360 2284; x_wconf 89' lang='lat'><strong>.</strong></span> <span class='ocrx_word' id='word_1_197' title='bbox 2406 2277 2415 2286; x_wconf 91' lang='lat'>.</span> <span class='ocrx_word' id='word_1_198' title='bbox 2458 2277 2467 2287; x_wconf 93' lang='lat'>.</span> 
     </span>
     <span class='ocr_line' id='line_1_19' title="bbox 423 2328 2469 2392; baseline 0 -13"><span class='ocrx_word' id='word_1_199' title='bbox 423 2340 521 2379; x_wconf 87' lang='lat' dir='ltr'><strong>tres</strong></span> <span class='ocrx_word' id='word_1_200' title='bbox 545 2330 695 2379; x_wconf 80' lang='lat' dir='ltr'><strong>libras</strong></span> <span class='ocrx_word' id='word_1_201' title='bbox 719 2329 956 2378; x_wconf 90' lang='lat' dir='ltr'><strong>tredecim</strong></span> <span class='ocrx_word' id='word_1_202' title='bbox 979 2328 1159 2377; x_wconf 87' lang='lat' dir='ltr'><strong>solidos</strong></span> <span class='ocrx_word' id='word_1_203' title='bbox 1183 2336 1232 2376; x_wconf 90' lang='lat' dir='ltr'><strong>et</strong></span> <span class='ocrx_word' id='word_1_204' title='bbox 1256 2335 1468 2392; x_wconf 91' lang='lat' dir='ltr'><strong>quatuor</strong></span> <span class='ocrx_word' id='word_1_205' title='bbox 1492 2328 1724 2377; x_wconf 89' lang='lat' dir='ltr'><strong>denarios</strong></span> <span class='ocrx_word' id='word_1_206' title='bbox 1761 2367 1770 2376; x_wconf 92' lang='lat'><strong>.</strong></span> <span class='ocrx_word' id='word_1_207' title='bbox 1810 2367 1818 2376; x_wconf 96' lang='lat'>.</span> <span class='ocrx_word' id='word_1_208' title='bbox 1857 2365 1867 2374; x_wconf 92' lang='lat'>.</span> <span class='ocrx_word' id='word_1_209' title='bbox 1904 2336 2101 2377; x_wconf 90' lang='lat' dir='ltr'><strong>monete</strong></span> <span class='ocrx_word' id='word_1_210' title='bbox 2140 2366 2151 2376; x_wconf 93' lang='lat'><em>.</em></span> <span class='ocrx_word' id='word_1_211' title='bbox 2191 2367 2201 2377; x_wconf 86' lang='lat'><strong>.</strong></span> <span class='ocrx_word' id='word_1_212' title='bbox 2243 2367 2253 2377; x_wconf 93' lang='lat'><strong>.</strong></span> <span class='ocrx_word' id='word_1_213' title='bbox 2296 2329 2469 2380; x_wconf 91' lang='lat' dir='ltr'><strong>Scocie</strong></span> 
     </span>
     <span class='ocr_line' id='line_1_20' title="bbox 424 2418 2470 2485; baseline 0 -16"><span class='ocrx_word' id='word_1_214' title='bbox 424 2423 487 2469; x_wconf 92' lang='lat' dir='ltr'><strong>ad</strong></span> <span class='ocrx_word' id='word_1_215' title='bbox 525 2460 534 2469; x_wconf 88' lang='lat'><strong><em>.</em></strong></span> <span class='ocrx_word' id='word_1_216' title='bbox 578 2459 589 2469; x_wconf 93' lang='lat'><strong>.</strong></span> <span class='ocrx_word' id='word_1_217' title='bbox 634 2458 645 2468; x_wconf 89' lang='lat'>.</span> <span class='ocrx_word' id='word_1_218' title='bbox 687 2420 810 2469; x_wconf 86' lang='lat' dir='ltr'><strong>festa</strong></span> <span class='ocrx_word' id='word_1_219' title='bbox 844 2458 855 2468; x_wconf 91' lang='lat'>.</span> <span class='ocrx_word' id='word_1_220' title='bbox 896 2458 907 2468; x_wconf 89' lang='lat'><strong>.</strong></span> <span class='ocrx_word' id='word_1_221' title='bbox 945 2458 954 2468; x_wconf 95' lang='lat'>.</span> <span class='ocrx_word' id='word_1_222' title='bbox 991 2418 1305 2468; x_wconf 86' lang='lat' dir='ltr'><strong>Pentecostes</strong></span> <span class='ocrx_word' id='word_1_223' title='bbox 1330 2426 1379 2468; x_wconf 90' lang='lat' dir='ltr'><strong>et</strong></span> <span class='ocrx_word' id='word_1_224' title='bbox 1407 2418 1575 2469; x_wconf 55' lang='lat' dir='ltr'><strong>Sancti</strong></span> <span class='ocrx_word' id='word_1_225' title='bbox 1600 2419 1810 2469; x_wconf 88' lang='lat' dir='ltr'><strong>Martini</strong></span> <span class='ocrx_word' id='word_1_226' title='bbox 1837 2457 1847 2468; x_wconf 89' lang='lat'><strong>.</strong></span> <span class='ocrx_word' id='word_1_227' title='bbox 1892 2459 1902 2469; x_wconf 90' lang='lat'>.</span> <span class='ocrx_word' id='word_1_228' title='bbox 1949 2457 1959 2467; x_wconf 90' lang='lat'><strong>.</strong></span> <span class='ocrx_word' id='word_1_229' title='bbox 1998 2438 2208 2469; x_wconf 88' lang='lat' dir='ltr'><strong>vnacum</strong></span> <span class='ocrx_word' id='word_1_230' title='bbox 2244 2431 2470 2485; x_wconf 90' lang='lat' dir='ltr'><strong>rynmart</strong></span> 
     </span>
     <span class='ocr_line' id='line_1_21' title="bbox 426 2511 2468 2575; baseline 0.001 -15"><span class='ocrx_word' id='word_1_231' title='bbox 426 2512 610 2560; x_wconf 86' lang='lat' dir='ltr'><strong>weddir</strong></span> <span class='ocrx_word' id='word_1_232' title='bbox 644 2512 724 2559; x_wconf 83' lang='lat' dir='ltr'><strong>sex</strong></span> <span class='ocrx_word' id='word_1_233' title='bbox 760 2511 1029 2575; x_wconf 88' lang='lat' dir='ltr'><strong>caponibus</strong></span> <span class='ocrx_word' id='word_1_234' title='bbox 1064 2518 1113 2560; x_wconf 92' lang='lat' dir='ltr'><strong>et</strong></span> <span class='ocrx_word' id='word_1_235' title='bbox 1149 2511 1355 2560; x_wconf 89' lang='lat' dir='ltr'><strong>totidem</strong></span> <span class='ocrx_word' id='word_1_236' title='bbox 1390 2511 1590 2575; x_wconf 88' lang='lat' dir='ltr'><strong>gallinis</strong></span> <span class='ocrx_word' id='word_1_237' title='bbox 1626 2530 1684 2561; x_wconf 89' lang='lat' dir='ltr'><strong>ac</strong></span> <span class='ocrx_word' id='word_1_238' title='bbox 1717 2513 1944 2561; x_wconf 91' lang='lat' dir='ltr'><strong>omnibus</strong></span> <span class='ocrx_word' id='word_1_239' title='bbox 1969 2512 2080 2561; x_wconf 90' lang='lat' dir='ltr'><strong>aliis</strong></span> <span class='ocrx_word' id='word_1_240' title='bbox 2104 2513 2468 2563; x_wconf 87' lang='lat' dir='ltr'><strong>husbandorum</strong></span> 
     </span>
     <span class='ocr_line' id='line_1_22' title="bbox 424 2601 2467 2668; baseline 0.001 -18"><span class='ocrx_word' id='word_1_241' title='bbox 424 2603 653 2651; x_wconf 84' lang='lat' dir='ltr'><strong>oneribus</strong></span> <span class='ocrx_word' id='word_1_242' title='bbox 697 2640 707 2650; x_wconf 94' lang='lat'><strong><em>.</em></strong></span> <span class='ocrx_word' id='word_1_243' title='bbox 748 2642 757 2651; x_wconf 91' lang='lat'>.</span> <span class='ocrx_word' id='word_1_244' title='bbox 799 2639 810 2650; x_wconf 85' lang='grc'><strong>.</strong></span> <span class='ocrx_word' id='word_1_245' title='bbox 843 2603 908 2651; x_wconf 87' lang='lat' dir='ltr'><strong>Et</strong></span> <span class='ocrx_word' id='word_1_246' title='bbox 946 2601 980 2649; x_wconf 88' lang='lat' dir='ltr'>fi</span> <span class='ocrx_word' id='word_1_247' title='bbox 1017 2603 1273 2668; x_wconf 88' lang='lat' dir='ltr'><strong>contingat</strong></span> <span class='ocrx_word' id='word_1_248' title='bbox 1307 2602 1524 2668; x_wconf 87' lang='lat' dir='ltr'><strong>prefatos</strong></span> <span class='ocrx_word' id='word_1_249' title='bbox 1560 2642 1569 2651; x_wconf 90' lang='lat'><strong><em>.</em></strong></span> <span class='ocrx_word' id='word_1_250' title='bbox 1606 2640 1616 2651; x_wconf 93' lang='lat'>.</span> <span class='ocrx_word' id='word_1_251' title='bbox 1657 2641 1667 2651; x_wconf 94' lang='lat'><strong>.</strong></span> <span class='ocrx_word' id='word_1_252' title='bbox 1709 2603 1814 2652; x_wconf 88' lang='lat' dir='ltr'><strong>fore</strong></span> <span class='ocrx_word' id='word_1_253' title='bbox 1844 2603 2185 2654; x_wconf 90' lang='lat' dir='ltr'><strong>inobedientes</strong></span> <span class='ocrx_word' id='word_1_254' title='bbox 2221 2613 2304 2653; x_wconf 91' lang='lat' dir='ltr'><strong>aut</strong></span> <span class='ocrx_word' id='word_1_255' title='bbox 2341 2606 2467 2653; x_wconf 88' lang='lat' dir='ltr'><strong>male</strong></span> 
     </span>
     <span class='ocr_line' id='line_1_23' title="bbox 424 2693 2467 2760; baseline 0.001 -19"><span class='ocrx_word' id='word_1_256' title='bbox 424 2693 755 2757; x_wconf 88' lang='lat' dir='ltr'><strong>persoluentes</strong></span> <span class='ocrx_word' id='word_1_257' title='bbox 790 2731 800 2740; x_wconf 89' lang='lat'><strong>.</strong></span> <span class='ocrx_word' id='word_1_258' title='bbox 837 2730 846 2740; x_wconf 93' lang='lat'><strong>.</strong></span> <span class='ocrx_word' id='word_1_259' title='bbox 884 2731 893 2741; x_wconf 89' lang='lat'><strong>.</strong></span> <span class='ocrx_word' id='word_1_260' title='bbox 931 2693 1100 2742; x_wconf 88' lang='lat' dir='ltr'><strong>licebit</strong></span> <span class='ocrx_word' id='word_1_261' title='bbox 1134 2694 1274 2742; x_wconf 89' lang='lat' dir='ltr'><strong>nobis</strong></span> <span class='ocrx_word' id='word_1_262' title='bbox 1322 2731 1332 2741; x_wconf 88' lang='lat'>.</span> <span class='ocrx_word' id='word_1_263' title='bbox 1376 2732 1386 2741; x_wconf 92' lang='lat'><strong>.</strong></span> <span class='ocrx_word' id='word_1_264' title='bbox 1428 2732 1438 2742; x_wconf 94' lang='lat'><strong>.</strong></span> <span class='ocrx_word' id='word_1_265' title='bbox 1482 2697 1543 2744; x_wconf 88' lang='lat' dir='ltr'><strong>de</strong></span> <span class='ocrx_word' id='word_1_266' title='bbox 1585 2732 1596 2744; x_wconf 90' lang='lat'><strong>.</strong></span> <span class='ocrx_word' id='word_1_267' title='bbox 1644 2734 1652 2743; x_wconf 95' lang='lat'><em>.</em></span> <span class='ocrx_word' id='word_1_268' title='bbox 1700 2733 1711 2743; x_wconf 89' lang='lat'><strong>.</strong></span> <span class='ocrx_word' id='word_1_269' title='bbox 1744 2703 1922 2760; x_wconf 89' lang='lat' dir='ltr'><strong>quarta</strong></span> <span class='ocrx_word' id='word_1_270' title='bbox 1955 2703 2097 2760; x_wconf 90' lang='lat' dir='ltr'><strong>parte</strong></span> <span class='ocrx_word' id='word_1_271' title='bbox 2130 2713 2239 2744; x_wconf 93' lang='lat' dir='ltr'><strong>cum</strong></span> <span class='ocrx_word' id='word_1_272' title='bbox 2265 2697 2467 2745; x_wconf 86' lang='lat' dir='ltr'><strong>decimis</strong></span> 
     </span>
     <span class='ocr_line' id='line_1_24' title="bbox 428 2784 2465 2850; baseline 0.001 -17"><span class='ocrx_word' id='word_1_273' title='bbox 428 2823 437 2833; x_wconf 94' lang='lat'><strong><em>.</em></strong></span> <span class='ocrx_word' id='word_1_274' title='bbox 477 2824 487 2834; x_wconf 88' lang='lat'><strong>.</strong></span> <span class='ocrx_word' id='word_1_275' title='bbox 524 2824 533 2833; x_wconf 90' lang='lat'><strong>.</strong></span> <span class='ocrx_word' id='word_1_276' title='bbox 571 2784 825 2849; x_wconf 85' lang='lat' dir='ltr'><strong>disponere</strong></span> <span class='ocrx_word' id='word_1_277' title='bbox 863 2822 871 2833; x_wconf 88' lang='lat'><strong><em>.</em></strong></span> <span class='ocrx_word' id='word_1_278' title='bbox 901 2823 909 2831; x_wconf 95' lang='lat'><strong><em>.</em></strong></span> <span class='ocrx_word' id='word_1_279' title='bbox 937 2823 947 2833; x_wconf 89' lang='lat'>.</span> <span class='ocrx_word' id='word_1_280' title='bbox 981 2786 1133 2850; x_wconf 90' lang='lat' dir='ltr'><strong>Apud</strong></span> <span class='ocrx_word' id='word_1_281' title='bbox 1169 2823 1179 2833; x_wconf 91' lang='lat'><strong>.</strong></span> <span class='ocrx_word' id='word_1_282' title='bbox 1215 2826 1223 2834; x_wconf 88' lang='lat'><strong>.</strong></span> <span class='ocrx_word' id='word_1_283' title='bbox 1258 2826 1265 2834; x_wconf 92' lang='lat'><strong>.</strong></span> <span class='ocrx_word' id='word_1_284' title='bbox 1301 2787 1570 2850; x_wconf 88' lang='lat' dir='ltr'><strong>capitulum</strong></span> <span class='ocrx_word' id='word_1_285' title='bbox 1598 2785 1824 2836; x_wconf 86' lang='lat' dir='ltr'><strong>vicefimo</strong></span> <span class='ocrx_word' id='word_1_286' title='bbox 1850 2787 1930 2836; x_wconf 90' lang='lat' dir='ltr'><strong>die</strong></span> <span class='ocrx_word' id='word_1_287' title='bbox 1954 2787 2079 2836; x_wconf 86' lang='lat' dir='ltr'><strong>Julii</strong></span> <span class='ocrx_word' id='word_1_288' title='bbox 2105 2805 2236 2836; x_wconf 89' lang='lat' dir='ltr'><strong>anno</strong></span> <span class='ocrx_word' id='word_1_289' title='bbox 2260 2788 2465 2836; x_wconf 91' lang='lat' dir='ltr'><strong>Domini</strong></span> 
     </span>
     <span class='ocr_line' id='line_1_25' title="bbox 426 2876 787 2925; baseline 0 -1"><span class='ocrx_word' id='word_1_290' title='bbox 426 2884 491 2925; x_wconf 92' lang='lat' dir='ltr'><strong>m⁰</strong></span> <span class='ocrx_word' id='word_1_291' title='bbox 516 2883 562 2924; x_wconf 55' lang='grc' dir='ltr'><strong>νο</strong></span> <span class='ocrx_word' id='word_1_292' title='bbox 586 2876 787 2925; x_wconf 89' lang='lat' dir='ltr'><strong>decimo.</strong></span> 
     </span>
    </p>
   </div>
  </div>
 </body>
</html>
