2742 3848
659 315 1090 366 REGISTRUM
1124 316 1222 365 DE
1259 316 1822 372 ABERBROTHOC.
2023 348 2031 355 ·
2174 329 2265 381 491

58 541 153 596 720
204 518 533 605 Preceptum
571 540 723 589 safine
761 548 1009 590 terrarum
1046 541 1108 589 de
1151 541 1457 608 Haddirvyk
1494 550 1543 592 et
1571 542 1786 610 Claylek
1820 545 1874 593 in
1910 546 2172 611 regalitate
2210 549 2270 596 de

205 632 536 698 Abyrbroyth
552 639 602 681 et
620 633 970 683 vicecomitatu
989 633 1051 682 de
1069 633 1250 683 Forfar
1266 635 1318 684 in
1334 636 1558 685 fauorem
1574 637 1610 686 J
1613 637 1823 686 ohannis
1844 637 2042 705 Erskyn
2058 640 2120 689 de
2138 639 2271 690 Dwn

205 732 441 789 tanquam
464 725 664 775 heredis
696 726 948 790 quondam
983 725 1019 774 J
1022 725 1232 775 ohannis
1264 727 1461 794 Erskyn
1487 729 1548 777 de
1575 728 1696 778 Dun
1723 729 1804 779 aui
1830 729 1900 779 sui
1938 757 1948 769 ·
1992 735 2057 779 30
2081 731 2271 797 Aprilis

207 821 349 872 1529.

203 1081 400 1154 Abbas
420 1101 604 1151 affedat
621 1118 713 1167 pro
734 1108 839 1150 toto
856 1109 1081 1166 tempore
1098 1101 1198 1150 vite
1218 1102 1329 1150 Ade
1347 1102 1552 1151 Peirson
1570 1111 1618 1152 et
1634 1104 1908 1154 Elezabeth
1925 1105 2083 1155 Fethe
2100 1107 2268 1170 sponse

202 1195 335 1244 illius
361 1202 410 1243 et
435 1211 607 1243 eorum
633 1193 885 1259 affignatis
911 1201 960 1242 et
986 1194 1356 1244 coadiutoribus
1382 1196 1511 1246 statu
1537 1198 1794 1262 equalibus
1831 1206 1916 1247 aut
1948 1199 2268 1266 inferioribus

201 1288 312 1336 illas
338 1295 552 1352 quatuor
577 1304 719 1336 acras
744 1293 878 1335 terre
906 1287 967 1334 de
993 1285 1416 1337 Punderlawfeild
1451 1307 1561 1338 cum
1598 1290 1766 1355 garbis
1799 1291 2121 1340 decimalibus
2147 1308 2268 1356 quas

201 1382 451 1444 quondam
477 1379 769 1445 Margareta
791 1377 972 1428 Schort
996 1387 1155 1427 mater
1172 1379 1290 1428 dieti
1315 1380 1429 1430 Ade
1456 1383 1732 1446 occupabat
1748 1383 1921 1448 vigore
1947 1381 2267 1432 affedacionis

199 1472 287 1521 fibi
313 1481 362 1521 et
387 1472 497 1520 aliis
519 1471 804 1520 tenentibus
827 1471 880 1520 in
904 1472 1064 1536 burgo
1091 1472 1152 1520 de
1178 1471 1441 1538 Arbroyth
1478 1474 1687 1538 desuper
1713 1475 1933 1523 confecte
1969 1503 1979 1513 ·
2017 1482 2065 1523 et
2090 1476 2267 1540 quibus

199 1573 412 1629 quatuor
437 1565 566 1614 acris
601 1563 710 1629 post
746 1564 931 1612 obitum
971 1563 1261 1628 Margarete
1299 1565 1449 1613 abbas
1475 1567 1688 1614 eundem
1713 1566 1881 1615 Adam
1907 1566 2102 1616 admifit
2127 1566 2266 1633 affig-

198 1666 370 1707 natum
405 1684 416 1696 ·
451 1657 532 1706 Ac
557 1657 715 1706 eciam
741 1674 889 1706 vnam
914 1657 1061 1705 aliam
1098 1673 1264 1705 acram
1303 1658 1413 1705 cuni
1450 1659 1619 1722 garbis
1656 1658 1981 1707 decimalibus
2005 1659 2058 1707 in
2092 1660 2264 1707 eadem

198 1759 333 1800 terra
375 1751 436 1799 de
478 1749 893 1798 Pun'derlaufeild
925 1749 1042 1798 olim
1079 1756 1370 1814 occupatam
1419 1767 1510 1814 per
1546 1750 1857 1799 Willelmum
1897 1749 2057 1817 Steyll
2092 1753 2264 1816 vigore

197 1843 389 1908 prefate
415 1842 735 1892 affedacionis
771 1869 781 1879 ·
818 1858 965 1906 quam
992 1859 1160 1890 acram
1184 1841 1318 1890 idem
1343 1841 1631 1892 Willelmus
1659 1843 1791 1891 dicto
1817 1844 1909 1892 ade
1934 1850 1989 1891 ut
2012 1843 2096 1891 suo
2127 1843 2264 1908 affig-

197 1943 315 1984 nato
340 1935 548 1984 tradidit
583 1964 594 1974 ·
631 1934 898 1983 reseruatis
925 1934 1093 1983 abbati
1130 1934 1336 1983 decimis
1371 1935 1465 1983 lini
1490 1944 1539 1984 et
1565 1935 1767 2000 canapis
1798 1936 1853 1984 in
1878 1935 2020 1984 dictis
2046 1939 2262 2000 quinque

198 2029 325 2077 acris
352 2027 655 2076 cresencium
690 2055 701 2066 ·
737 2026 978 2075 Preterea
1001 2034 1102 2075 tres
1129 2027 1239 2075 illas
1264 2046 1406 2077 acras
1432 2035 1481 2077 et
1506 2029 1762 2078 dimidiam
1793 2029 2014 2078 iacentes
2039 2030 2091 2077 in
2116 2029 2262 2078 terris

198 2122 258 2170 de
284 2121 455 2188 Kepty
481 2139 592 2170 cum
617 2121 784 2186 garbis
810 2120 1134 2169 decimalibus
1169 2137 1290 2184 quas
1326 2121 1492 2170 Adam
1528 2139 1663 2170 nunc
1700 2128 1912 2186 occupat
1937 2122 2108 2187 vigore
2142 2121 2261 2170 eius-

196 2193 689 2263 demaffedacionis'-
716 2212 980 2261 reseruatis
1007 2212 1277 2261 conuentui
1303 2213 1509 2261 decimis
1533 2213 1625 2261 lini
1651 2220 1700 2262 et
1726 2214 1927 2278 canapis
1960 2240 1971 2251 ·
2009 2213 2259 2263 Soluendo

195 2323 287 2371 pro
313 2306 531 2370 quinque
569 2305 698 2354 acris
735 2323 847 2353 cum
883 2305 1087 2353 decimis
1125 2305 1344 2370 quinque
1380 2305 1538 2354 bollas
1562 2305 1676 2369 puri
1701 2304 1815 2354 ficci
1841 2312 1890 2353 et
1913 2306 2087 2353 mundi
2120 2306 2261 2354 ordei

195 2399 422 2448 mensure
446 2399 543 2447 fori
567 2399 813 2447 currentis
839 2399 901 2446 ad
926 2398 1165 2446 terminos
1193 2396 1415 2445 soluendi
1453 2424 1463 2433 ·
1500 2403 1550 2444 et
1584 2396 1829 2444 monacho
1865 2396 2091 2444 ministro
2128 2414 2256 2445 com-

195 2491 452 2540 munitatis
475 2508 567 2554 pro
601 2490 759 2538 tribus
796 2489 924 2538 acris
950 2496 999 2537 et
1024 2489 1231 2537 dimidia
1267 2489 1328 2536 de
1365 2487 1535 2552 Kepty
1562 2504 1674 2535 cum
1711 2488 1915 2536 decimis
1941 2488 2119 2553 viginti
2156 2497 2256 2537 tres

154 2646 157 2650 Ι
196 2584 375 2631 solidos
423 2590 472 2631 et
513 2589 726 2646 quatuor
775 2581 1006 2630 denarios
1051 2588 1250 2630 monete
1302 2578 1476 2629 Scocie
1521 2580 1586 2627 ad
1633 2580 1872 2628 terminos
1914 2580 2102 2628 vsuales
2149 2607 2158 2617 ·
2206 2588 2256 2628 et

196 2676 424 2724 ducendo
463 2674 626 2723 eidem
667 2673 913 2722 monacho
949 2673 1080 2722 infra
1116 2672 1469 2722 monasterium
1508 2689 1621 2720 cum
1659 2672 1929 2736 premoniti
1964 2672 2147 2721 fuerint
2182 2679 2254 2721 tot

108 2781 114 2784 ’
195 2767 493 2832 plaustratus
509 2767 766 2831 glebarum
786 2775 907 2831 quot
924 2766 1062 2831 prius
1083 2782 1194 2814 cum
1212 2764 1351 2814 sectis
1370 2766 1434 2814 ad
1453 2764 1615 2814 curias
1635 2765 1972 2815 elemofinarie
1992 2765 2252 2830 capitales·

197 2863 227 2910 2
250 2858 375 2908 Maii
403 2863 545 2914 1529.
