2742 3848
476 368 575 418 564

478 508 686 558 Cristeson,
706 506 941 557 willelmus,
963 507 1055 556 358,
1077 506 1179 561 359.Δ

480 578 677 620 Gristiana
697 578 812 632 (forte
831 578 859 618 J
862 576 1074 628 amesone),
1097 578 1191 616 345.

481 651 636 700 Cmffis,
657 651 884 699 Duncanus,
906 650 999 687 222.

608 722 790 771 Thomas,
811 722 903 770 222,
926 721 1022 758 442.

482 795 598 845 Crok,
621 792 835 842 Galfridus,
857 792 923 831 54.

483 866 624 916 Crony,
645 865 730 904 vide
751 863 883 902 Innes.
934 907 937 910 ‚

484 935 683 985 Crowden,
705 938 830 973 rector
849 933 908 983 de,
929 933 1015 971 vide
1035 931 1160 983 Lyne.

484 1008 732 1059 Groyssaynt,
755 1004 900 1052 David,
924 1005 989 1043 64.

484 1076 752 1126 Crukschank,
773 1075 989 1124 ‹Iohannes,
1012 1075 1105 1113 524.

484 1148 679 1199 Cubardy,
712 1146 954 1198 Guthbardy,
987 1144 1242 1196 thhbardy,
1273 1144 1360 1184 vide
1380 1143 1497 1184 Abir-

537 1221 712 1271 crumby,
734 1218 885 1259 Moreff.

484 1293 609 1344 Cuby,
623 1291 802 1331 dominus
818 1290 1024 1340 Robertus,
1045 1288 1260 1329 monachus
1279 1292 1320 1328 et
1338 1287 1502 1328 sacrista

537 1364 585 1403 de
604 1362 877 1413 Abirbrothoc,
903 1363 993 1412 182,
1019 1362 1110 1412 186,
1131 1362 1224 1400 254.

485 1436 700 1488 Cukyston,
721 1436 807 1475 vide
828 1434 991 1486 Ogilvy.

484 1507 685 1558 Culcutht,
705 1507 792 1547 vide
814 1505 1023 1546 Galbrath.

485 1580 657 1628 Cullace,
678 1578 875 1629 Marioria,
896 1578 983 1618 vide
998 1577 1116 1616 Wod.

484 1651 728 1702 Oulquhone,
769 1650 796 1690 J
799 1649 972 1689 ohannes
1010 1649 1069 1699 de,
1105 1649 1154 1688 de
1192 1648 1341 1698 eodem,
1375 1646 1499 1698 miles,

542 1725 632 1763 181.

486 1795 632 1846 Culter,
654 1796 741 1834 vide
762 1794 880 1833 Keor.

487 1867 722 1918 Cummyng,
746 1865 913 1917 Cumyn,
932 1865 1110 1917 Cwmyn,
1124 1864 1326 1916 meyne,
1341 1863 1500 1903 Heliza-

538 1939 645 1988 beth,
666 1939 751 1978 vide
770 1938 980 1978 Meldrum.

612 2011 826 2060 Johannes,
851 2010 942 2060 195,
965 2010 1058 2048 358.

560 2123 573 2133 f
614 2082 852 2133 Willelmus,
874 2083 940 2122 91.

489 2156 681 2206 Oumnok,
702 2156 788 2195 vide
808 2155 986 2194 Dunbar.

489 2228 745 2280 Cumyrnald,
768 2227 948 2267 dominus
968 2225 1028 2276 de,
1051 2227 1116 2264 51.
1197 2226 1199 2230 ’

489 2300 788 2352 Cunynghame,
832 2297 1142 2349 Ownynghame,
1183 2295 1420 2346 Alexander,
1457 2295 1504 2333 de

543 2372 725 2422 Polmais,
746 2370 870 2421 miles,
894 2372 987 2409 285.

628 2443 815 2495 magister
847 2440 1079 2491 Edwardus,
1114 2444 1241 2479 rector
1273 2439 1320 2478 de
1356 2437 1502 2489 Ousny,

544 2518 637 2566 264,
660 2516 752 2554 298.

492 2587 632 2639 Cupro,
656 2587 777 2625 abbas
795 2585 855 2636 de,
878 2586 971 2623 242.

618 2658 646 2698 J
649 2658 822 2697 ohannes
842 2656 963 2696 abbas
981 2655 1041 2705 de,
1063 2656 1156 2694 541.

493 2731 655 2780 Gurour,
697 2728 850 2777 Curror,
891 2727 1072 2776 Currour,
1114 2725 1296 2774 Curruor,
1346 2722 1505 2774 Ourrur,

548 2800 739 2850 Andreas,
763 2800 829 2838 98.

497 2897 603 2903 ——-
620 2872 648 2912 J
651 2871 834 2920 ohannes,
857 2870 922 2909 57.

622 2944 650 2983 J
652 2943 835 2992 ohannes,
852 2938 1058 2992 burgensis
1072 2938 1120 2978 de
1140 2937 1290 2987 Banffe,
1305 2938 1397 2988 255,
1411 2938 1504 2989 486,

550 3017 644 3056 487.

621 3085 835 3134 Johannes,
857 3082 905 3122 de
925 3081 1069 3130 Drone,
1092 3080 1184 3130 275,
1207 3080 1299 3129 276,
1322 3079 1414 3117 279.

497 3181 604 3189 --
622 3157 780 3206 Joneta,
800 3154 889 3195 vide
909 3151 1069 3204 Ogilvy.

625 3229 808 3278 Thomas,
838 3222 1116 3278 prebendarius
1143 3221 1192 3260 de
1213 3219 1443 3260 Auchindor
1470 3224 1507 3259 et

1200 363 1440 416 INDEX
1474 363 1859 416 NOMINUM.

1614 508 1860 556 presentatus
1879 503 1930 543 ad
1948 503 2136 543 vicariam
2155 504 2203 544 de
2223 505 2575 555 Banquhorsterne,

1617 576 1711 614 497.

1566 644 1732 694 Curour,
1753 645 1992 697 Willelmus,
2015 648 2081 687 57.

1566 717 1714 768 Gusny,
1735 718 1821 758 vide
1841 717 2141 770 Ounynghame.

1566 788 1786 839 Cuthberti,
1802 789 1831 829 J
1834 790 1988 841 acobus,
2010 791 2075 830 85.

1695 859 1881 910 Thomas,
1904 862 1970 901 90.

1570 1075 1809 1125 DALGARNO,
1827 1074 2071 1126 Dalgarnok,
2086 1073 2388 1126 Dalgarnowch,
2402 1074 2582 1114 dominus

1623 1146 1802 1186 Andreas
1821 1147 1881 1197 de,
1902 1145 2073 1186 vicarius
2092 1145 2141 1185 de
2160 1146 2355 1195 Abirloth,
2377 1147 2471 1187 433.

1695 1218 1724 1258 J
1726 1218 1900 1258 ohannes
1928 1217 1988 1268 de,
2014 1218 2221 1269 burgensis
2239 1218 2287 1257 de
2307 1218 2581 1264 Abirbrothoc‚

1627 1291 1692 1330 13.

1570 1384 1676 1391 -——
1697 1361 1726 1400 J
1728 1360 1902 1401 ohannes
1921 1360 1981 1412 de,
2003 1360 2183 1401 dominus
2202 1360 2250 1400 de
2270 1360 2432 1413 Fyntre,
2456 1363 2520 1400 50.

1571 1432 1758 1482 Dalketh,
1780 1433 1960 1473 dominus
1979 1432 2039 1484 de,
2059 1433 2144 1473 vide
2165 1433 2356 1485 DouglaS.

1697 1505 1784 1545 vide
1801 1504 1980 1544 Watson.

1571 1576 1761 1627 Dalzelle,
1785 1572 1958 1615 Thomas
1977 1575 2037 1627 de,
2060 1578 2125 1616 61.

1572 1648 1752 1699 Danielo,
1773 1648 1802 1688 J
1804 1648 1990 1699 ohannes,
2011 1649 2106 1687 458.

1572 1720 1787 1771 Dauidson,
1837 1719 2074 1770 Daujdsone,
2126 1719 2313 1769 Dauison,
2373 1720 2582 1768 Dauisone⁷

1627 1792 1844 1843 Dauisoun,
1876 1791 2100 1843 Dauysone,
2131 1791 2236 1831 filius
2264 1791 2407 1842 Dauid,
2440 1793 2584 1841 David,

1629 1865 1722 1904 509.

1702 1935 1882 1976 dominus
1928 1935 2156 1986 Duncanus,
2212 1935 2437 1983 monachus,
2493 1938 2585 1984 265,

1628 2009 1722 2047 266.

1700 2079 1881 2118 dominus
1892 2079 1920 2118 J
1923 2078 2109 2130 ohannes,
2124 2078 2350 2131 capellanus
2370 2077 2519 2131 capelle
2539 2078 2585 2115 de

1631 2150 1860 2200 Quhitfejld,
1875 2151 1970 2189 413.

1703 2220 1881 2271 Finlaus,
1907 2222 1997 2271 126,
2022 2222 2112 2271 127,
2138 2223 2228 2260 148.

1704 2292 1911 2343 Hemicus,
1933 2294 1971 2331 8.

1583 2387 1683 2393 —
1703 2364 1731 2403 J
1734 2368 1862 2414 oneta,
1884 2364 1969 2403 vide
1987 2363 2015 2403 J
2018 2377 2187 2417 arneson.

1703 2435 1891 2487 magister
1911 2435 2116 2484 Robertus,
2137 2436 2324 2486 notarius,
2347 2438 2438 2475 324.

1575 2530 1684 2535 -—
1704 2506 1874 2546 Mariota
1892 2519 2034 2559 sponsa
2047 2506 2192 2557 Finlai,
2217 2508 2306 2556 126,
2333 2509 2421 2545 127.

1705 2575 1910 2629 Robertus,
1931 2578 2155 2629 monachus,
2177 2581 2271 2618 410.

1705 2649 1880 2690 Thomas
1899 2649 2063 2700 Forbas,
2083 2651 2173 2689 140.

1703 2721 1941 2770 Willelmus,
1966 2722 2056 2771 195,
2079 2722 2172 2770 358,
2195 2722 2304 2760 508.-

1577 2792 1839 2844 Dawloquhy,
1859 2792 2065 2843 Robertus,
2086 2793 2296 2833 canonicus
2316 2793 2583 2843 Moraviensis,

1632 2866 1726 2903 211.

1578 2934 1846 2988 Dawrumpyl,
1867 2935 2048 2975 dominus
2068 2935 2252 2986 Thomas,
2272 2941 2517 2988 presentatus
2537 2936 2586 2974 ad

1631 3006 1820 3047 vicariam
1839 3006 1887 3046 de
1907 3006 2111 3055 Murraws,
2133 3008 2226 3046 512.
2549 3031 2559 3039 -

1578 3077 1805 3130 Dekysoun,
1827 3077 2007 3128 Dikison,
2030 3077 2216 3127 Diksone‚
2245 3078 2436 3126 Diksoun,
2459 3078 2583 3129 Diky-

1569 3156 1572 3159 “
1631 3162 1712 3200 son,
1725 3149 1944 3200 Dikysoun,
1959 3149 2190 3201 Dykysoun,
2207 3149 2387 3189 dominus
2398 3149 2582 3198 Jacobus,

1631 3219 1868 3272 capellanus,
1891 3221 1956 3260 96.
