2742 3848
438 390 536 442 624

439 546 582 596 Peblis,
639 550 740 585 terre
796 545 856 595 de,
916 546 1008 591 236,
1067 543 1160 591 237,
1211 541 1303 590 319,
1354 541 1447 589 365,

494 620 587 658 385.

439 690 642 742 Pergawy,
665 690 867 740 Pergewy,
894 687 984 726 103.

439 761 571 811 Perht,
594 760 726 810 Perth,
748 759 852 808 Pert,
875 771 978 808 aqua
996 756 1056 807 de,
1076 756 1159 795 vide
1179 756 1278 807 Tay.

565 833 714 882 burgus
747 842 815 869 seu
833 828 932 868 villa
964 828 1024 878 de,
1056 830 1093 878 7,
1126 828 1259 877 8,·46,
1292 827 1356 876 49,
1387 827 1451 876 70,

494 905 558 952 91,
581 903 645 951 98,
671 902 862 951 100-103,
887 901 977 950 105,
1008 900 1200 949 109-111,
1235 900 1325 948 124,
1361 899 1452 947 144,

497 976 586 1024 145,
621 975 711 1023 178,
746 975 836 1023 183,
868 974 960 1023 255,
994 973 1086 1023 256,
1109 972 1202 1022 285,
1235 972 1328 1022 296,
1359 971 1453 1021 310,

494 1047 586 1095 334,
609 1046 700 1094 381,
724 1046 816 1092 461,
840 1045 935 1094 544,
956 1044 1049 1083 545.
1382 1057 1388 1063 ·

439 1139 546 1148 —-—
565 1115 717 1169 capella
739 1115 875 1156 Sancti
894 1114 1010 1154 Pauli
1029 1115 1145 1166 apud,
1167 1115 1233 1154 91.

567 1188 605 1228 18
627 1188 823 1240 Speygate
843 1188 885 1226 in
904 1188 1030 1238 burgo
1050 1186 1110 1237 de,
1132 1187 1197 1236 98,
1223 1187 1314 1226 103.

567 1273 665 1313 pons
684 1260 744 1310 de,
767 1273 834 1299 seu
853 1259 891 1299 18
913 1258 1142 1310 Turatbrig,
1166 1259 1230 1308 65,
1263 1259 1328 1309 91,
1363 1258 1454 1308 178,

495 1333 588 1371 296.

566 1408 680 1456 porta
698 1403 746 1443 de
768 1403 893 1443 Turet
911 1402 1006 1443 ville
1026 1402 1087 1453 de,
1110 1403 1263 1454 49,’91,
1286 1402 1380 1441 310.

567 1475 761 1528 prioratus
782 1474 919 1515 Sancti
938 1474 1134 1515 Leonardi
1154 1473 1270 1526 apud,
1294 1475 1331 1512 7.

568 1552 836 1587 tenementum
870 1546 911 1586 in
945 1546 1024 1585 Via
1061 1547 1223 1598 Aquosa
1260 1545 1320 1596 (18,
1365 1546 1454 1594 100,

497 1620 690 1659 109-111.

567 1695 673 1730 terra
693 1690 846 1730 abbatis
866 1689 913 1730 de
936 1689 1066 1743 Cupro
1085 1689 1139 1740 in,
1161 1690 1227 1740 98,
1249 1690 1340 1739 100,
1366 1688 1456 1736 103,

498 1764 587 1813 110,
613 1765 703 1802 111.

571 1841 675 1875 terra
693 1836 741 1875 de
761 1835 950 1875 Anmund
969 1836 1022 1887 in,
1045 1836 1084 1875 8.

569 1913 675 1947 terra
702 1908 839 1947 domus
867 1921 936 1947 seu
964 1907 1103 1959 prioris
1134 1919 1203 1946 seu
1233 1905 1459 1946 monasterii

499 1978 810 2018 Cartusiensium
847 1991 916 2017 8811
945 1977 1074 2017 Vallis
1106 1977 1276 2016 Virtutis
1301 1977 1355 2028 in,
1390 1979 1455 2028 98,

503 2050 593 2100 100,
619 2050 709 2100 101,
735 2051 825 2097 110,
851 2051 942 2088 111.

572 2126 676 2160 terra
695 2134 763 2160 seu
781 2120 945 2160 baronia
963 2119 1118 2160 abbatis
1132 2119 1173 2158 in
1193 2118 1291 2159 villa
1310 2119 1369 2169 de,
1394 2120 1458 2167 70,

500 2195 565 2243 91,
589 2194 681 2243 296,
705 2194 798 2232 304.

573 2270 678 2304 terra
705 2278 774 2304 seu
802 2264 944 2303 toftum
977 2263 1018 2302 in
1045 2263 1133 2303 vico
1161 2262 1198 2302 18
1229 2261 1462 2302 Barkarraw

500 2341 614 2375 extra
631 2341 791 2388 pontem
810 2335 870 2386 de,
893 2337 959 2386 49,
982 2336 1047 2375 91.
1165 2320 1166 2323 Ἴ

574 2407 675 2447 tofta
694 2408 753 2459 de,
776 2409 869 2447 536.

575 2479 715 2519 toftum
747 2479 852 2530 quod
884 2482 1048 2517 vocatur
1079 2477 1322 2517 Merkarraw
1351 2481 1464 2516 extra

502 2552 671 2602 burgum
690 2550 749 2601 de,
774 2553 812 2590 7.

576 2622 873 2662 vicecomitatus
893 2621 953 2672 de,
976 2622 1070 2671 449,
1092 2622 1186 2660 479.

576 2693 688 2733 vicus
715 2693 843 2732 dictus
861 2692 1084 2744 Watirgate
1113 2705 1181 2732 8811
1201 2692 1278 2732 Via
1305 2692 1466 2743 Aquosa

504 2778 622 2817 prope
641 2764 679 2803 le
701 2763 804 2816 Spey
823 2763 926 2802 infra
952 2763 1124 2814 burgum
1152 2763 1213 2814 de,
1247 2764 1337 2814 100,
1373 2763 1463 2811 110,

509 2838 600 2876 111.

452 2906 656 2959 Petcapyl,
677 2911 782 2946 terra
800 2905 860 2956 (18,
886 2906 950 2945 67.

451 2979 674 3030 Petorethy,
714 2976 984 3028 Pettrechyee,
1018 2974 1238 3026 Patrochie,
1274 2976 1463 3017 molendi-

504 3064 601 3090 num
621 3050 681 3101 de,
703 3051 795 3099 207,
819 3048 913 3088 208.

580 3127 684 3161 terra
701 3121 761 3172 de,
784 3122 876 3170 373,
899 3119 993 3158 480.

452 3193 815 3246 Petinagartinach,
850 3190 1168 3242 Pettingardnar,
1202 3190 1466 3244 Pettyngard-

507 3279 591 3316 nar,
622 3263 936 3317 Pettyngardyn,
968 3262 1289 3317 Pettyngartnar,
1320 3262 1466 3314 Petyn-

1154 386 1394 437 INDEX
1430 383 1803 436 LOCORUM.

1576 544 1757 591 gartnay,
1789 543 1895 577 terra
1922 536 1983 585 (18,
2018 538 2080 587 14,
2113 538 2178 587 74,
2220 538 2310 587 120,
2345 538 2539 586 379-381,

1579 611 1774 661 398-400,
1797 611 1892 649 451.

1523 682 1712 734 Petlewy,
1734 681 1832 721 villa
1850 682 1910 732 (18,
1933 683 2025 721 513.

1524 753 1697 804 Petlour,
1720 753 1930 805 Petlowyr,
1945 753 2107 805 Westyr
2126 753 2336 806 Petlowyr,
2359 759 2459 793 terre
2480 753 2539 802 de,

1584 827 1674 876 144,
1700 827 1790 876 145,
1813 827 1906 865 504.

1526 898 1698 948 Pettaro,
1734 897 1980 948 Pettarowis,
2017 897 2182 948 Pittaro,
2219 903 2318 938 terre
2352 897 2412 948 de,
2447 899 2541 946 269,

1583 970 1779 1009 379-381.
2475 954 2479 959 ’

1655 1041 1900 1081 Westirtoun
1919 1040 1979 1092 (18,
2002 1042 2197 1081 379-381.

1527 1114 1655 1162 Pette,
1677 1118 1779 1153 terre
1798 1113 1857 1164 (18,
1880 1114 1974 1153 457.
2062 1162 2077 1173 ⁸

1527 1186 1786 1237 Pettynkery,
1808 1185 2090 1237 Pettynkurry,
2112 1185 2212 1225 villa
2231 1185 2290 1236 (18,
2314 1187 2407 1236 353,
2430 1186 2524 1225 490.

1529 1257 1765 1306 Pondirlaw,
1787 1256 2039 1308 Pundarlaw,
2070 1256 2415 1308 Punderlawfeild,
2438 1257 2543 1296 Pun-

1583 1329 1734 1380 dirlaw,
1756 1327 1998 1380 Pvndirlaw,
2016 1328 2099 1368 vide
2120 1328 2395 1376 Abirbrothoc.

1528 1401 1759 1451 Porkstane,
1780 1400 1829 1452 18,
1853 1402 1919 1440 97.

1530 1474 1786 1525 Portyncrag,
1850 1472 2079 1524 Northfery,
2146 1471 2263 1524 Crag,
2320 1473 2546 1524 passagium

1585 1544 1741 1585 boreale
1773 1544 1869 1584 ville
1903 1544 1964 1594 de,
2005 1557 2124 1596 prope
2157 1543 2312 1594 Dunde,
2349 1545 2412 1594 82,
2453 1545 2544 1593 156,

1590 1618 1679 1667 157,
1703 1617 1795 1667 240,
1818 1618 1911 1667 241,
1933 1618 2027 1656 262.

1659 1688 1827 1741 piscaria
1845 1687 1905 1739 de,
1928 1689 2021 1739 450,
2045 1689 2138 1728 503.

1660 1766 1762 1800 terre
1781 1760 1841 1811 de,
1867 1762 1958 1801 156.

1661 1832 1804 1872 toftum
1823 1832 1865 1871 in
1884 1831 1983 1871 villa
2002 1831 2061 1883 (18,
2085 1834 2149 1872 63.

1661 1903 1760 1944 villa
1779 1904 1838 1954 de,
1862 1905 1927 1952 63,
1951 1904 2015 1955 82,
2037 1904 2130 1954 418,
2153 1905 2246 1954 431,
2269 1905 2361 1953 478,
2384 1904 2476 1943 528.

1528 1975 1753 2027 Potargate,
1774 1975 1896 2026 vicus,
1917 1975 2003 2015 vide
2025 1973 2145 2015 Crail.

1529 2048 1731 2098 Poudoun,
1772 2047 1986 2098 Powdoun,
2026 2046 2194 2099 piscaria
2231 2046 2291 2097 (18,
2328 2048 2422 2096 404,
2453 2048 2546 2096 405,

1585 2119 1679 2158 505.

1530 2190 1683 2241 Powry,
1704 2189 1802 2229 villa
1820 2189 1867 2229 de
1886 2188 2045 2241 Westir,
2068 2191 2162 2229 264.

1531 2262 1838 2311 Predicatorum,
1857 2260 2022 2300 ecclesia
2034 2261 2212 2311 fratrum,
2233 2262 2318 2301 vide
2339 2261 2547 2301 Streuclin.

1532 2333 1740 2384 Presthok,
1762 2338 1863 2371 terre
1884 2331 1944 2383 de,
1968 2334 2033 2383 66,
2058 2334 2121 2372 67.

1533 2406 1739 2456 Prossyne,
1760 2403 1829 2444 the
1850 2410 1973 2446 water
1992 2404 2042 2455 of,
2069 2405 2161 2444 104.

1534 2477 1728 2517 Pwndiris
1748 2475 1888 2527 Carne,
1909 2476 1996 2517 vide
2017 2475 2261 2528 Carnofotyr.

1536 2692 1848 2739 Qmmrrscrmn)
1869 2691 2011 2743 Newk,
2032 2692 2112 2743 the,
2138 2693 2227 2732 152.

1535 2763 1765 2814 Quhitfeild,
1801 2762 1954 2816 capella
1984 2762 2105 2803 Beate
2140 2764 2264 2803 Marie
2296 2764 2460 2816 virginis
2489 2766 2548 2815 de,

1592 2837 1684 2876 165.

1536 2907 1767 2958 Quhittoun,
1789 2912 1891 2946 terre
1910 2906 1970 2956 de,
1984 2908 2086 2959 414.

1537 2978 1701 3032 Quinty,
1721 2978 1809 3018 vide
1830 2977 2142 3030 Innerquhenty.

1543 3191 1754 3230 {tusum
1774 3190 1892 3241 Well,
1914 3191 1995 3239 the,
2021 3193 2110 3232 103.

1538 3261 1821 3314 Ramdenheid,
1843 3262 1923 3313 the,
1946 3264 2010 3303 67.
