2762 3834
24 717 119 785 386

624 312 1052 364 REGISTRUM
1085 313 1182 363 DE
1217 314 1766 372 ABERBROTHOC.
2114 340 2209 384 313

173 519 483 604 Affignacio
509 536 697 585 domini
722 535 758 585 J
761 536 970 585 ohannis
992 536 1168 604 Fethy.

172 759 182 769 .
225 759 237 769 .
283 758 294 769 .
337 721 515 770 Pateat
550 760 559 770 .
597 760 607 769 .
645 759 655 770 .
692 737 782 768 nos
830 719 1003 769 Dauid
1045 758 1056 769 .
1101 758 1111 769 .
1159 759 1169 770 .
1213 725 1436 774 abbatem
1480 766 1488 775 .
1527 766 1535 774 .
1574 767 1582 775 .
1626 729 1687 776 de
1734 728 2070 781 Abirbrothoc
2105 773 2113 782 .
2151 774 2160 783 .
2198 774 2206 782 .

169 812 416 878 deputafl'e
462 853 472 861 .
510 850 521 861 .
560 851 570 860 .
615 811 815 860 domino
857 811 1081 860 Johanni
1119 812 1279 880 Fethy
1317 818 1377 865 de
1422 819 1559 866 cuius
1601 820 1697 868 fide
1740 821 2004 885 plurimum
2048 824 2208 874 sumus

167 905 331 954 confifi
370 905 612 954 monacho
651 903 806 953 nostri
840 905 1127 953 monasterii
1163 906 1378 970 expreffe
1415 909 1621 972 profeffo
1660 918 1708 959 et
1744 911 1980 962 sacerdoti
2024 922 2073 963 et
2111 917 2206 964 suis

164 999 432 1048 factoribus
474 1035 485 1046 .
519 1034 531 1046 .
568 1035 578 1046 .
616 997 803 1046 fru&us
827 996 1031 1046 ecclefie
1055 996 1218 1046 nostre
1243 999 1303 1047 (16
1327 998 1488 1065 Forge
1513 1001 1609 1050 fiue
1629 1004 1979 1066 peccuniarum
1999 1007 2207 1057 summas

163 1108 254 1156 per
277 1089 470 1139 nostros
493 1090 740 1138 firmarios
768 1089 912 1138 nobis
946 1106 1038 1154 pro
1074 1089 1276 1138 decimis
1310 1092 1591 1155 garbalibus
1626 1094 1751 1143 diae
1787 1095 1986 1145 ecclesie
2017 1099 2206 1148 debitas

164 1184 248 1232 seu
283 1183 535 1231 debendas
572 1208 582 1218 ·
620 1199 678 1230 ac
714 1181 872 1230 eciam
896 1181 1085 1230 fructus
1111 1182 1413 1231 decimarum
1436 1186 1709 1248 garbalium
1733 1187 1831 1235 fiue
1855 1190 2205 1252 peccuniarum

163 1275 373 1323 summas
413 1266 504 1338 p'er
544 1273 738 1321 nostros
778 1272 1024 1321 firmarios
1068 1273 1210 1322 nobis
1256 1275 1445 1323 debitas
1483 1277 1565 1324 seu
1604 1278 1848 1327 debendas
1893 1281 2096 1330 baronie
2143 1283 2203 1330 (16

163 1365 378 1415 Scheves
414 1365 623 1415 iacentis
663 1365 718 1413 in
755 1363 1023 1430 parrochia
1067 1365 1232 1414 nostre
1271 1367 1470 1415 ecclefie
1512 1369 1572 1416 (16
1612 1368 1800 1418 Tarves
1843 1397 1853 1408 ·
1898 1372 1982 1434 qui
2022 1374 2204 1421 fructus

163 1457 365 1507 ecclesie
404 1465 454 1506 et
489 1457 695 1506 baronie
736 1457 1098 1507 antedictarum
1140 1458 1202 1506 ad
1242 1459 1490 1522 octoginta
1525 1459 1674 1508 libras
1711 1500 1719 1508 .
1757 1500 1766 1509 .
1804 1500 1813 1509 .
1850 1470 2043 1511 monete
2085 1501 2095 1511 .
2138 1501 2149 1512 .
2193 1502 2202 1512 .

163 1549 336 1599 Scocie
362 1550 433 1599 vti
457 1550 636 1598 nostris
659 1549 892 1598 firmariis
932 1587 942 1598 .
982 1586 993 1597 .
1031 1588 1041 1597 .
1079 1548 1354 1599 affedantur
1376 1551 1422 1598 se
1448 1552 1718 1600 extendunt
1739 1579 1749 1589 ·
1778 1553 1839 1600 ad
1863 1554 1933 1601 sui
1954 1554 2006 1601 in
2030 1554 2204 1603 nostris

159 1643 211 1690 in
237 1642 466 1691 Romana
490 1642 631 1691 curia
654 1641 878 1707 negociis
902 1642 1200 1706 peragendis
1228 1641 1636 1690 sustentacionem
1661 1660 1716 1691 ac
1740 1643 1933 1692 habitus
1965 1646 2204 1710 victusque

162 1773 173 1782 .
216 1771 227 1783 .
264 1771 274 1782 .
301 1734 732 1799 supportacionem
768 1751 860 1799 pro
896 1733 1122 1782 terminis
1157 1734 1306 1782 trium
1344 1751 1584 1782 annorum
1624 1773 1634 1782 .
1674 1712 1698 1783 ⁰.
1730 1774 1739 1783 .
1778 1742 1826 1784 et
1850 1736 1978 1784 vltra
1997 1737 2204 1786 durante

159 1825 326 1875 nostra
349 1826 604 1875 voluntate
641 1864 652 1874 .
680 1863 691 1874 .
721 1863 731 1874 .
770 1826 982 1874 termino
1006 1843 1123 1874 vero
1158 1825 1390 1875 introitus
1415 1865 1424 1874 .
1453 1864 1463 1874 .
1491 1862 1501 1872 .
1528 1825 1794 1890 incipiente
1817 1827 1870 1875 in
1895 1827 2014 1875 festo
2042 1827 2205 1877 Saneti

158 1920 296 1969 Petri
322 1921 455 1984 quod
481 1919 665 1968 dicitur
690 1919 957 1968 aduincula
979 1919 1031 1967 in
1059 1935 1189 1967 anno
1213 1916 1421 1966 Domini
1444 1917 1698 1966 millefimo
1729 1918 2203 1984 quadringentesimo

157 2012 470 2077 nonogesimo
514 2028 648 2059 nono
697 2037 706 2047 ·
754 2010 835 2059 De
882 2011 1124 2059 fructibus
1171 2017 1337 2058 tamen
1386 2010 1503 2058 anni
1550 2010 1861 2074 precedentis
1907 2009 2205 2074 nonogefimi

159 2104 318 2153 o6taui
357 2103 676 2153 concedimus
718 2141 728 2151 .
778 2141 788 2151 .
833 2140 845 2152 .
891 2103 1021 2152 dicto
1061 2140 1071 2151 .
1109 2142 1118 2151 .
1160 2140 1170 2150 .
1208 2101 1429 2151 Johanni
1466 2138 1475 2148 .
1511 2141 1519 2149 .
1560 2138 1570 2148 .
1608 2108 1657 2149 et
1685 2101 1779 2149 suis
1803 2101 2065 2148 fa&oribus
2101 2140 2110 2148 .
2144 2140 2152 2148 .
2191 2140 2200 2149 .

156 2195 449 2260 potestatem
498 2235 507 2244 .
557 2233 567 2244 .
617 2234 626 2244 .
676 2195 832 2244 dictos
857 2195 1043 2243 frufflus
1067 2202 1153 2244 aut
1176 2194 1530 2260 peccuniarum
1555 2193 1762 2241 summas
1803 2231 1813 2241 .
1857 2231 1867 2240 .
1910 2231 1919 2240 .
1962 2210 1991 2240 a
2025 2192 2199 2239 nostris

154 2287 386 2336 firmariis
427 2327 437 2336 .
481 2327 491 2336 .
535 2327 544 2336 .
587 2287 866 2352 recipiendi
891 2295 940 2336 et
965 2287 1375 2352 qualitercunque
1401 2283 1689 2348 disponendi
1728 2321 1738 2332 .
1783 2320 1793 2330 .
1834 2321 1844 2331 .
1888 2299 1998 2330 cum
2021 2281 2197 2329 nostris

156 2380 385 2428 firmariis
421 2419 430 2429 .
465 2420 474 2429 .
522 2419 531 2428 .
569 2380 630 2428 de
654 2379 797 2428 dictis
833 2418 843 2429 .
883 2420 892 2429 .
932 2410 951 2428 ,v
980 2379 1176 2443 summis
1212 2377 1538 2442 componendi
1574 2375 1696 2423 etin
1718 2374 1908 2423 defectu
1941 2373 2197 2422 solucionis

158 2472 315 2521 dictos
339 2471 581 2521 firmarios
605 2471 936 2537 distringendi
977 2510 987 2520 .
1036 2510 1046 2520 .
1084 2510 1095 2521 .
1139 2489 1198 2520 ac
1223 2470 1388 2518 omnia
1411 2468 1509 2516 alia
1549 2507 1558 2516 .
1601 2506 1611 2515 .
1654 2504 1663 2515 .
1705 2464 1911 2530 gerendi
1952 2504 1962 2514 .
2002 2505 2010 2513 .
2051 2503 2060 2512 .
2103 2482 2196 2528 que

156 2581 245 2612 nos
268 2564 357 2628 ipfi
399 2603 409 2614 .
453 2603 463 2612 .
506 2602 517 2612 .
554 2564 608 2612 in
631 2562 871 2628 premiffis
913 2600 923 2611 .
967 2603 976 2612 .
1021 2603 1029 2612 .
1068 2563 1233 2612 facere
1257 2561 1485 2627 poffimus
1527 2599 1535 2608 .
1579 2600 1588 2608 .
1626 2598 1635 2607 .
1669 2559 1819 2624 Apud
1860 2598 1869 2607 .
1912 2598 1921 2607 .
1961 2597 1970 2606 .
2012 2557 2196 2606 monas-

157 2656 338 2705 terium
380 2696 390 2707 .
435 2695 445 2706 .
489 2695 499 2706 .
542 2656 669 2705 xiiii⁰
703 2656 784 2706 die
820 2656 996 2705 mensis
1021 2655 1251 2706 Januarii
1279 2671 1407 2704 anno
1442 2651 1646 2701 Domini
1680 2649 1932 2700 millesimo
1968 2649 2193 2713 quadrin-

157 2747 424 2813 gentefimo
448 2748 762 2814 nonogefimo
788 2748 1006 2813 septimo.

1130 3198 1216 3243 (ἐκ
