2762 3834
616 367 1042 419 REGISTRUM
1076 369 1177 418 DE
1210 370 1761 426 ABERBROTHOO.
2103 391 2198 434 333

173 505 581 589 Inuerkething-
611 523 765 574 carta
789 524 1003 573 eiusdem
1028 526 1144 590 data
1167 526 1419 577 willelmo
1446 530 1575 580 scot.

30 690 121 735 413
173 661 435 735 Omnibus
473 721 482 730 .
522 721 532 729 .
573 720 582 730 .
621 681 792 730 Dauid
826 720 836 730 .
877 721 887 731 .
931 721 940 731 .
975 683 1124 731 abbas
1156 723 1165 733 .
1202 722 1213 734 .
1250 724 1259 734 .
1298 687 1358 735 de
1383 688 1715 740 Abirbrothoe
1746 730 1755 740 .
1791 732 1799 741 .
1834 732 1844 741 .
1877 694 2074 744 salutem
2107 736 2115 744 .
2150 736 2158 745 .
2193 738 2199 745 .

174 774 385 824 Nouerit
410 771 699 822 vniuerfitas
724 774 886 822 vestra
909 792 998 822 nos
1031 814 1040 824 .
1067 815 1077 825 .
1104 815 1113 825 .
1149 778 1420 827 conceffiss'e
1454 817 1464 827 .
1491 817 1501 828 .
1528 819 1537 829 .
1564 781 1813 831 Willelmo
1841 783 1955 834 Scot
1978 786 2201 851 burgenfi

172 867 233 915 de
257 864 620 931 Innerkething
644 872 693 913 et
715 864 979 914 heredibus
1005 867 1099 914 suis
1138 904 1149 915 .
1185 905 1195 915 .
1234 906 1245 916 .
1282 877 1463 919 terram
1487 872 1621 922 illam
1646 876 1939 925 anteriorem
1962 894 2070 926 cum
2096 887 2201 927 orto

304 997 314 1006 .
366 959 609 1007 iacentem
649 958 700 1005 in
742 958 900 1023 burgo
943 958 1005 1012 de
1046 958 1411 1026 Innerkething
1444 962 1586 1027 supra
1624 965 1677 1030 ly
1712 967 1824 1015 dam
1858 967 1986 1016 inter
2020 976 2201 1017 terram

175 1051 367 1100 Thome
389 1049 667 1102 Thomsone
686 1066 743 1098 ex
764 1056 907 1113 parte
926 1049 1128 1098 australi
1166 1090 1175 1099 .
1213 1089 1224 1100 .
1260 1089 1270 1100 .
1306 1060 1354 1101 et
1378 1061 1559 1102 terram
1584 1056 1696 1104 olim
1721 1057 1836 1105 dia}
1857 1058 2045 1108 Thome
2069 1077 2200 1108 nunc

169 1142 221 1190 in
245 1141 471 1190 manibus
499 1141 691 1189 Thome
716 1140 952 1206 Burgane
976 1141 1262 1191 existentem
1287 1161 1346 1191 ex
1371 1152 1510 1209 parte
1533 1147 1709 1196 boriali
1750 1185 1759 1195 .
1803 1187 1813 1196 .
1856 1187 1866 1197 .
1910 1151 2201 1215 quequidem

170 1243 309 1283 terra
344 1242 395 1282 et
433 1242 571 1282 ortus
616 1270 626 1281 .
670 1270 681 1281 .
726 1270 737 1280 .
780 1232 982 1283 fuerunt
1011 1233 1318 1300 'hereditarie
1352 1235 1387 1284 J
1391 1236 1596 1286 ohannis
1631 1238 1926 1304 Kirkpatrik
1962 1259 2203 1306 quamque

170 1326 466 1374 anteriorem
490 1333 675 1374 terram
700 1331 749 1372 et
774 1331 934 1373 ortum
976 1363 985 1372 .
1029 1363 1038 1373 .
1078 1363 1089 1374 .
1134 1324 1390 1376 Johannes
1425 1367 1433 1376 .
1466 1367 1475 1376 .
1508 1367 1517 1376 .
1556 1329 1607 1377 in
1632 1331 1853 1379 manibus
1877 1331 2051 1380 nostris
2089 1369 2099 1380 .
2140 1371 2149 1380 .
2191 1371 2199 1380 .

169 1417 435 1483 refignauit
470 1457 479 1466 .
518 1456 526 1465 .
565 1457 574 1466 .
616 1416 909 1465 Tenendam
953 1454 963 1464 .
1007 1454 1018 1465 .
1063 1454 1073 1464 .
1115 1417 1167 1465 in
1191 1418 1400 1467 liberum
1436 1420 1728 1486 burgagium
1766 1459 1776 1470 .
1814 1460 1824 1470 .
1862 1461 1872 1471 .
1909 1423 2042 1472 salua
2063 1424 2203 1472 nobis

217 1549 226 1558 .
263 1550 272 1559 .
309 1509 502 1558 iusticia
525 1509 800 1573 regalitatis
825 1515 874 1557 et
898 1507 1007 1556 aliis
1031 1509 1427 1573 placitis-nostris
1468 1550 1478 1559 .
1516 1551 1524 1560 .
1563 1550 1572 1559 .
1614 1512 1883 1561 Reddendo
1926 1552 1935 1561 .
1979 1553 1988 1563 .
2031 1533 2039 1562 2
2083 1515 2202 1562 duos

170 1603 346 1651 solidos
384 1640 392 1648 .
433 1639 443 1650 .
483 1640 492 1648 .
531 1602 595 1651 ad
628 1602 750 1650 duos
776 1601 896 1650 anni
920 1601 1158 1650 terminos
1200 1630 1210 1640 ·
1253 1611 1302 1651 et
1337 1602 1635 1651 inueniendo
1671 1604 1834 1653 abbati
1875 1644 1882 1652 .
1923 1643 1931 1652 .
1968 1643 1977 1652 .
2019 1614 2068 1654 et
2103 1607 2205 1654 eius

170 1693 420 1742 monachis
456 1694 703 1742 conuerfis
740 1702 789 1743 et
825 1693 1021 1742 clericis
1054 1694 1250 1743 balliuis
1288 1702 1336 1742 et
1371 1695 1634 1743 atsstornatis
1670 1696 1945 1744 eorundem*
1974 1697 2207 1745 venienti—

169 1787 363 1851 buspro
382 1785 604 1851 negociis
623 1792 671 1834 et
690 1785 845 1834 caufis
861 1785 1143 1834 monasterii
1163 1785 1712 1850 quociensaduenerint
1731 1786 1928 1851 fingulis
1946 1788 2207 1836 secundum

171 1879 346 1927 statum
373 1877 506 1926 suum
535 1895 645 1926 cum
677 1877 865 1926 familia
894 1879 980 1926 sua
1009 1877 1268 1926 honestum
1305 1877 1572 1942 hospicium
1610 1878 1769 1926 aulam
1801 1878 1852 1926 in
1884 1896 1980 1942 qua
2014 1879 2209 1927 honeste

170 1970 388 2034 poterint
411 1970 808 2020 comedere-cum
835 1969 1001 2018 mensa
1024 1969 1238 2018 trestulis
1274 1978 1322 2018 et
1359 1970 1468 2018 aliis
1502 1970 1817 2034 apparatibus
1852 1969 2068 2034 spensam
2101 1986 2208 2018 cum

170 2061 412 2111 butellare
437 2078 548 2110 cum
573 2061 696 2109 vafis
720 2060 1001 2109 necessariis
1028 2079 1271 2110 cameram
1303 2062 1391 2110 seu
1409 2079 1625 2111 cameras
1650 2062 1731 2110 ubi
1754 2062 1952 2110 honeste
1976 2063 2209 2110 recubare

171 2154 392 2218 poterint
416 2152 958 2217 coqu-inamhonestam
984 2153 1298 2205 etstabulum
1322 2171 1413 2218 pro
1450 2154 1586 2217 equis
1622 2154 1684 2201 ad
1719 2170 1974 2201 numerum
2010 2153 2210 2217 triginta

172 2255 221 2295 et
256 2247 386 2295 infra
427 2275 437 2285 ·
481 2245 749 2294 Inuenient
786 2246 942 2295 eciam
978 2246 1421 2295 readuenientibus-
1454 2245 1695 2309 predictis
1724 2244 1939 2308 personis
1974 2242 2207 2292 sufficiens

174 2338 331 2387 focale
363 2346 462 2387 tam
486 2337 539 2385 in
564 2337 677 2387 aula
701 2344 750 2386 et
772 2337 825 2385 in
851 2354 1048 2387 camera
1080 2355 1226 2402 quam
1251 2338 1303 2385 in
1328 2338 1539 2401 coquina
1573 2337 1706 2385 albas
1743 2336 1968 2385 candelas
2003 2336 2063 2383 de
2097 2335 2207 2382 sebo

174 2446 268 2493 que
294 2429 570 2495 uulgariter
593 2439 946 2494 nuncupantur
982 2430 1188 2478 candele
1224 2430 1284 2477 de
1320 2430 1490 2478 Pareis
1524 2428 1773 2476 le&erium
1810 2427 2121 2475 stramentum
2156 2426 2206 2472 in

176 2521 287 2569 aula
312 2529 360 2570 et
384 2521 437 2569 in
463 2538 660 2570 camera
684 2521 753 2569 sal
777 2538 865 2584 pro
889 2521 1055 2569 mensa
1091 2551 1101 2561 ·
1141 2519 1239 2570 Sed
1262 2523 1307 2569 fi³
1322 2522 1470 2570 abbas
1495 2521 1573 2569 vel
1596 2520 1818 2568 monachi
1845 2519 1917 2568 sui
1942 2518 2107 2567 clerici
2131 2517 2208 2565 vel

177 2613 415 2662 adamnati
464 2651 474 2662 .
523 2652 532 2661 .
584 2650 595 2661 .
645 2612 774 2661 vltra
820 2619 920 2661 tres
967 2616 1135 2661 noaes
1184 2614 1416 2662 continue
1467 2612 1695 2677 hospitati
1740 2611 1922 2659 fuerint
1967 2609 2207 2674 predictus

177 2703 456 2754 Willelmus
481 2713 565 2753 aut
589 2705 797 2754 heredes
821 2704 893 2753 sui
918 2722 1019 2752 non
1055 2706 1356 2754 tenebuntur
1380 2706 1442 2753 ad
1466 2704 1622 2752 focale
1647 2710 1695 2751 et
1720 2702 1852 2750 albas
1878 2700 2104 2750 candelas
2128 2700 2207 2747 sed

178 2797 347 2846 omnia
376 2797 475 2846 alia
507 2813 666 2846 onera
692 2797 922 2848 subibunt
957 2813 1048 2861 pro
1083 2814 1222 2845 mora
1256 2798 1570 2861 personarum
1599 2795 1926 2859 predictarum
1961 2800 2009 2840 et
2044 2807 2207 2839 earum

177 2889 364 2939 familia
395 2920 405 2930 ·
437 2890 675 2939 Preterea
698 2906 809 2938 cum
835 2889 1006 2937 nuncii
1031 2889 1110 2937 vel
1132 2889 1351 2937 cursores
1376 2887 1562 2937 abbatis
1588 2884 1946 2934 interuenerint
1970 2883 2032 2930 ad
2055 2882 2207 2944 hospi-

179 2980 927 3036 tandum-fine-contradifitione
961 2980 1284 3029 admittantur
1320 3008 1331 3019 ·
1370 2978 1691 3042 Ad'sumptus
1717 2986 1878 3025 tamen
1903 2991 1991 3038 pro
2017 2972 2207 3021 cibariis

179 3068 422 3123 suis-idem
439 3073 721 3122 Willelmus
746 3080 795 3121 et
818 3072 1027 3120 heredes
1046 3071 1237 3119 suinon
1256 3072 1553 3119 tenebuntur
1578 3097 1588 3108 ·
1613 3068 1785 3116 Distus
1805 3081 1919 3114 vero
1939 3062 2211 3111 Willelmus-

181 3163 261 3211 seu
283 3163 490 3214 heredes
514 3164 585 3213 sui
610 3164 747 3213 nullo
772 3164 919 3212 modo
944 3163 1125 3211 dietam
1149 3171 1333 3211 terram
1358 3179 1467 3210 cum
1494 3171 1600 3209 orto
1636 3197 1644 3206 .
1685 3196 1695 3205 .
1732 3195 1740 3203 .
1777 3155 2057 3204 alienabunt
2094 3189 2104 3199 .
2144 3189 2153 3198 .
2193 3188 2201 3197 .
