2762 3834
540 396 631 441 142
980 386 1398 440 REGISTRUM
1434 384 1528 433 DE
1564 382 2149 433 ABERBROTHOC..

536 523 687 572 iurari
726 562 734 571 .
773 562 780 570 .
819 562 827 570 .
869 522 1086 570 Nomina
1110 520 1240 569 assisc
1266 550 1275 559 ·
1301 518 1335 567 J
1339 518 1556 565 ohannes
1583 514 1824 579 Ogistoun
1849 532 2092 580 apparens
2124 515 2267 565 heres
2298 518 2484 565 domini
2508 519 2569 566 de

539 614 777 678 Ogistoun
798 639 808 649 ·
827 612 1068 661 Patricius
1088 610 1295 673 Gardyn
1315 609 1375 656 de
1394 607 1565 655 eodem
1588 632 1597 642 ·
1618 606 1836 655 Thomas
1857 605 2102 671 Ogistoun
2116 635 2126 645 ·
2144 607 2393 658 Henricus
2409 609 2567 675 Fethy

536 706 596 752 de
618 704 826 752 Ballisak
846 703 903 751 -J
906 703 1122 751 ohannes
1150 700 1374 763 Strangis
1400 698 1618 761 clauiger
1643 735 1653 745 .
1681 736 1690 745 .
1718 737 1727 746 .
1754 698 1885 762 regis
1911 725 1921 736 ·
1949 697 2230 747 Willelmus
2257 698 2374 749 Scot
2398 729 2408 739 ·
2439 700 2571 748 Wal-

537 805 666 844 terus
688 794 817 859 Leys
844 824 853 834 ·
879 802 926 842 et
944 794 978 842 J
982 794 1198 840 ohannes
1223 791 1464 839 Fermour
1487 817 1498 827 ·
1522 788 1787 852 burgenses
1811 790 1873 837 de
1897 789 2235 838 Abirbrothoc
2254 817 2263 827 ·
2283 790 2571 840 Alexander

537 885 696 934 Peblis
740 915 749 924 ·
793 884 1042 933 Walterus
1084 883 1304 931 Buchart
1345 909 1354 918 ·
1393 880 1428 928 J
1431 880 1649 928 ohannes
1698 879 1946 928 Durward
1991 910 2001 920 ·
2049 880 2267 930 Thomas
2315 882 2523 947 Ramsay
2562 910 2572 920 ·

535 977 566 1024 J
571 978 785 1025 ohannes
829 975 1028 1024 Huntar
1069 1003 1078 1012 ·
1118 984 1167 1022 et
1209 973 1484 1021 Willelmus
1528 971 1765 1036 Stephani
1803 999 1814 1010 ·
1852 973 2154 1021 diuersarum
2198 974 2573 1037 parrochiarum

535 1067 843 1130 parrochiani
876 1096 886 1105 ·
918 1067 1149 1131 magister
1185 1064 1441 1113 Johannes
1479 1063 1632 1113 Clerk
1668 1066 1828 1111 nector
1864 1065 1925 1112 de
1961 1063 2103 1130 Logy
2128 1092 2138 1103 ·
2163 1065 2394 1131 magister
2422 1066 2571 1115 Alex-

534 1161 686 1207 ander
712 1159 1005 1207 Thorntoun
1041 1158 1252 1206 vicarius
1289 1158 1350 1205 de
1389 1157 1508 1221 Nyg
1544 1184 1553 1194 ·
1592 1154 1822 1220 magister
1847 1155 1882 1204 J
1886 1156 2105 1204 ohannes
2130 1156 2323 1222 Fordys
2361 1159 2572 1207 vicarius

534 1255 590 1298 de
634 1251 835 1300 Garvok
884 1279 893 1288 ·
936 1250 1161 1298 dominus
1202 1249 1236 1298 J
1240 1249 1458 1297 ohannes
1499 1247 1701 1296 Harvar
1744 1247 1960 1296 vicarius
2007 1249 2067 1296 de
2109 1248 2519 1314 Banchoryterne
2560 1280 2569 1289 ·

533 1343 754 1391 dominus
797 1343 1039 1391 Ricardus
1083 1342 1277 1390 Bennat
1325 1340 1538 1389 vicarius
1588 1340 1649 1387 de
1692 1339 2032 1388 Abirbrothoc
2075 1371 2085 1380 ·
2131 1341 2358 1388 dominus
2405 1341 2573 1390 Dauid

534 1434 710 1482 Bullok
735 1435 1017 1498 capellanus
1053 1461 1062 1470 ·
1092 1443 1140 1482 et
1173 1433 1404 1498 magister
1431 1431 1650 1479 Thomas
1686 1430 1958 1495 Dekysoun
1994 1431 2048 1479 in
2082 1432 2295 1481 decretis
2327 1432 2572 1481 bachalla·

533 1527 630 1575 rius
656 1555 665 1565 ·
693 1526 975 1590 Sequuntur
1010 1525 1206 1573 articuli
1232 1551 1242 1562 ·
1267 1524 1461 1572 Primus
1495 1522 1733 1571 articulus
1756 1549 1767 1560 ·
1793 1521 1826 1569 fi
1853 1523 2026 1571 domus
2059 1523 2387 1572 elimofinaria
2424 1524 2482 1573 fit
2511 1526 2572 1573 de

531 1619 825 1667 fundacione
861 1618 992 1682 regis
1026 1617 1238 1681 episcopi
1277 1616 1354 1664 vel
1393 1615 1594 1664 alterius
1627 1615 1816 1662 domini
1848 1614 1927 1663 vel
1957 1615 2147 1664 abbatis
2182 1625 2231 1665 et
2266 1624 2539 1665 conuentus
2563 1645 2573 1654 ·

534 1711 658 1768 Item
684 1728 777 1774 que
812 1717 989 1758 natura
1026 1708 1335 1756 fundacionis
1372 1716 1419 1756 et
1455 1725 1552 1771 quo
1590 1724 1708 1771 rege
1740 1707 1818 1755 vel
1857 1707 2056 1755 domino
2086 1715 2135 1756 et
2168 1709 2230 1756 ad
2255 1725 2399 1772 quem
2424 1709 2572 1757 finem

532 1803 735 1850 fundata
759 1800 828 1849 est
852 1801 1022 1849 domus
1048 1827 1058 1838 ·
1084 1799 1208 1848 Item
1242 1799 1276 1847 fi
1308 1800 1461 1848 sciant
1484 1800 1545 1847 de
1570 1798 1749 1847 litteris
1786 1798 2099 1847 fundacionis
2125 1799 2202 1847 vel
2241 1800 2538 1849 audiuerunt
2565 1829 2575 1838 ·

535 1895 658 1943 Item
685 1894 718 1941 fi
744 1894 972 1942 viderunt
996 1893 1184 1956 aliquos
1208 1908 1449 1956 pauperes
1476 1891 1764 1940 sustentatos
1802 1890 1854 1938 in
1888 1891 2034 1939 domo
2073 1891 2293 1955 predicta
2326 1893 2407 1940 uel
2438 1893 2572 1940 audi-

536 1993 710 2033 uerunt
736 2015 746 2024 ·
768 1985 892 2034 Item
919 1983 952 2031 sl
976 1985 1084 2032 sunt
1110 1984 1260 2047 aliqui
1286 1984 1507 2032 redditus
1532 1982 1713 2031 annexi
1737 1982 1957 2046 predicte
1983 1983 2150 2031 domui
2176 1991 2224 2032 et
2249 1994 2368 2047 quot
2395 1984 2502 2033 sunt
2526 1994 2575 2033 et

536 2077 617 2139 qui
644 2077 752 2125 sunt
776 2105 785 2115 ·
814 2076 937 2124 Item
963 2074 1005 2123 fi.
1022 2076 1095 2124 illi
1131 2076 1352 2124 redditus
1390 2076 1499 2123 sunt
1534 2075 1685 2123 amoti
1723 2075 2047 2123 demembrati
2077 2075 2156 2123 vel
2180 2075 2382 2124 alienati
2411 2094 2441 2124 a
2464 2093 2572 2140 pre·

536 2168 662 2216 dicta
692 2169 835 2216 domo
860 2196 870 2205 ·
896 2167 1020 2216 Item
1053 2168 1171 2232 quid
1195 2168 1482 2216 sensendum
1508 2167 1579 2215 est
1615 2168 1676 2215 de
1707 2167 1759 2232 ly
1791 2166 2081 2232 Spitalfelde
2117 2176 2166 2216 et
2191 2168 2383 2232 capella
2407 2167 2571 2217 Sancti

534 2260 567 2308 J
572 2260 776 2308 ohannis
801 2288 811 2298 ·
838 2259 963 2308 Item
990 2260 1147 2323 qualis
1183 2260 1253 2308 est
1287 2260 1520 2324 magister
1557 2268 1606 2309 et
1641 2260 1888 2324 quomodo
1923 2260 2097 2308 domus
2130 2260 2201 2308 est
2223 2261 2501 2325 gubernata
2524 2269 2572 2309 et

537 2359 709 2399 ornata
745 2351 952 2400 interius
986 2359 1034 2399 et
1070 2354 1281 2399 exterius
1316 2380 1326 2391 ·
1368 2351 1494 2400 Item
1519 2369 1672 2416 quare
1704 2352 1924 2416 predi&a
1959 2353 2132 2400 domus
2156 2351 2482 2401 elimolinaria
2503 2352 2574 2401 est

538 2442 622 2489 fita
646 2451 786 2490 extra
822 2441 1165 2491 monasterium
1192 2458 1302 2491 cum
1345 2443 1535 2507 capella
1576 2461 1720 2492 orreo
1763 2452 1872 2493 orto
1912 2444 2053 2492 curia
2093 2451 2142 2492 et
2179 2444 2324 2492 domo
2358 2461 2571 2509 magna·

543 2532 664 2580 Item
689 2533 806 2595 quid
830 2534 1113 2582 sensendum
1138 2534 1208 2582 est
1243 2535 1304 2582 de
1339 2535 1471 2582 fama
1505 2536 1735 2599 populari
1773 2536 1906 2600 quod
1942 2536 2114 2584 domus
2152 2535 2480 2584 elimofinaria
2510 2537 2571 2583 de

543 2624 875 2673 Abirbrothoc
898 2626 1103 2674 fundata
1126 2626 1194 2673 est
1230 2626 1281 2673 in
1307 2627 1561 2689 equalibus
1595 2627 1960 2692 poss’effionibus
1999 2645 2109 2676 cum
2149 2627 2428 2691 episcopatu
2454 2627 2571 2675 Bre-

543 2715 755 2762 chinensi
777 2744 787 2754 ·
809 2716 890 2763 Ad
915 2717 1123 2779 primum
1151 2718 1411 2765 articulum
1435 2719 1620 2767 scilicet
1644 2720 1706 2767 de
1731 2719 2028 2768 fundacione
2048 2720 2221 2768 domus
2246 2719 2570 2767 elimofinarie

542 2844 549 2852 .
585 2844 593 2852 .
621 2843 629 2852 .
655 2805 824 2853 dicunt
849 2807 979 2869 quod
1005 2806 1115 2854 talis
1140 2807 1310 2855 domus
1335 2807 1404 2856 est
1428 2808 1511 2856 sed
1535 2810 1595 2857 de
1620 2811 1918 2859 fundacione
1942 2811 2141 2875 penitus
2164 2811 2396 2876 ignorant
2414 2838 2425 2848 -
2444 2810 2570 2859 Item

541 2896 602 2943 ad
624 2896 886 2944 secundum
913 2924 922 2934 ·
948 2896 1129 2945 scilicet
1161 2898 1222 2945 de
1257 2906 1436 2946 natura
1466 2899 1774 2948 fundacionis
1798 2929 1808 2940 ·
1834 2919 1863 2950 a
1887 2919 1984 2966 quo
2020 2919 2137 2967 rege
2162 2902 2242 2951 vel
2266 2902 2464 2950 domino
2486 2931 2496 2940 ·
2523 2910 2570 2950 et

540 2988 601 3035 ad
626 3002 769 3050 quem
793 2987 937 3035 finem
958 3016 968 3026 -
990 2988 1162 3036 dicunt
1186 2989 1316 3051 quod
1340 2988 1432 3037 hoc
1457 2990 1688 3054 ignorant
1708 3019 1717 3030 ·
1741 2993 1825 3040 sed
1849 2993 2021 3043 dicunt
2045 2995 2177 3058 quod
2201 2994 2347 3043 talem
2374 2994 2569 3042 domum

540 3077 722 3125 habent
746 3077 866 3126 ficut
887 3078 985 3126 alia
1009 3078 1303 3127 monasteria
1325 3079 1509 3128 habent
1538 3081 1589 3127 in
1626 3098 1723 3144 qua
1747 3083 1892 3131 domo
1917 3084 2027 3132 sunt
2051 3084 2236 3133 debiles
2260 3094 2309 3133 et
2331 3100 2570 3149 pauperes

539 3167 787 3217 sustentati
807 3168 989 3216 cotidie
1008 3169 1069 3217 de
1086 3169 1306 3232 reliquiis
1330 3177 1379 3217 et
1399 3170 1687 3234 fragmentis
1706 3173 1980 3222 mensarum
2001 3176 2189 3225 abbatis
2209 3184 2258 3225 et
2275 3184 2571 3225 conuentus·
