2762 3834
584 372 1011 424 REGISTRUM
1045 373 1142 423 DE
1178 371 1736 424 ABERBROTHOC.
2090 379 2176 423 181

254 541 263 550 .
313 508 447 551 carte
485 503 650 552 nostre
694 541 707 553 .
750 544 760 553 .
803 544 813 554 .
853 522 1089 571 magnum
1113 506 1320 571 figillum
1355 504 1575 554 nostrum
1606 505 1789 571 apponi
1820 504 2131 570 Precepimus
2163 534 2173 543 ·

136 593 337 642 testibus¹
379 632 388 642 .
431 632 441 642 .
485 632 495 642 .
539 593 792 643 Willelmo
831 597 1197 662 archiepiscopo
1241 596 1593 649 Sanffiandree
1628 624 1639 636 ·
1672 597 1709 646 J
1711 596 1905 646 ohanne
1947 596 2174 661 episcopo

137 684 425 750 Glasguenfi
455 711 466 722 ·
491 684 760 733 Wilhelmo
786 686 1012 751 episcopo
1037 687 1336 738 Morauienfi
1359 689 1514 737 nostri
1542 689 1717 738 secreti
1751 688 1897 754 figilli
1935 689 2136 737 custode
2163 717 2172 726 ·

136 777 332 826 Thoma
377 776 605 841 episcopo
651 775 985 824 Abirdonenfi
1032 804 1043 815 ·
1090 779 1280 827 dilectis
1328 780 1700 846 consanguineis
1746 780 1924 829 nostris
1969 780 2174 828 Andrea

134 869 333 917 domino
363 867 625 917 Avandale
655 867 953 916 cancellario
989 868 1156 917 nostro
1189 899 1199 909 ·
1241 870 1418 920 Colino
1444 873 1622 921 comite
1660 874 1721 922 de
1763 872 1935 938 Ergile
1974 873 2174 921 domino

136 961 375 1025 Campbel
400 968 449 1010 et
472 960 638 1031 Lorne
678 960 914 1025 magistro
948 960 1154 1024 hospicii
1177 961 1331 1010 nostri
1356 991 1366 1002 ·
1403 963 1574 1012 Dauid
1599 965 1777 1013 comite
1803 965 1864 1012 de
1891 964 2171 1014 Craufurde

134 1053 332 1102 domino
351 1052 598 1117 Lindesay
639 1080 649 1090 ·
688 1051 921 1101 Johanne
946 1052 1008 1100 (16
1041 1050 1335 1115 Culquhone
1374 1054 1435 1102 de
1479 1057 1653 1104 eodem
1694 1056 1850 1105 milite
1885 1083 1897 1094 ·
1924 1056 2173 1122 magistris

134 1144 440 1194 Archibaldo
468 1143 748 1202 Quhitelaw
773 1142 1124 1192 archidiacono
1148 1142 1406 1192 Laudonie
1441 1145 1703 1195 secretario
1741 1148 1907 1196 nostro
1942 1156 1991 1197 et
2024 1147 2175 1196 Alex-

82 1307 87 1312 ·
133 1237 289 1284 andro
313 1235 471 1301 Inglis
496 1235 684 1283 decano
710 1233 1052 1283 Dunkeldenfi
1074 1233 1255 1282 clerico
1274 1234 1551 1284 nostrorum
1575 1239 1851 1287 rotulorum
1877 1246 1927 1288 et
1950 1239 2175 1304 registri·
2227 1267 2230 1270 ·

136 1328 283 1392 Apud
305 1326 614 1392 Edynburch
636 1326 799 1390 primo
824 1325 904 1373 die
928 1324 1105 1373 menfis
1130 1324 1255 1373 Maii
1281 1343 1411 1374 anno
1435 1327 1641 1377 Domini
1664 1330 1919 1379 millesimo
1942 1331 2176 1395 quadrin-

131 1419 396 1485 gentefimo
419 1418 770 1484 septuagefimo
794 1434 927 1466 nono
953 1423 1003 1466 et
1025 1417 1170 1482 regni
1193 1417 1349 1465 nostri
1372 1419 1564 1468 decimo
1580 1414 1732 1470 nono.

133 1672 304 1746 Carta
326 1693 597 1743 tenementi
622 1700 671 1742 et
695 1694 868 1742 domus
889 1693 943 1742 in
966 1692 1013 1742 16
1041 1691 1238 1758 Oopgat
1263 1693 1325 1742 de
1351 1692 1705 1742 Abirbrothoc.

136 1851 395 1925 Omnibus
437 1911 446 1921 .
488 1912 498 1922 .
541 1912 551 1922 .
594 1873 853 1938 Georgeus
903 1911 914 1922 .
958 1911 968 1921 .
1020 1912 1031 1922 .
1074 1873 1224 1923 abbas
1274 1911 1285 1922 .
1337 1911 1348 1923 .
1398 1910 1409 1921 .
1460 1875 1522 1922 de
1581 1872 1918 1922 Abirbrothoc
1974 1873 2176 1923 salutem

138 2002 149 2013 .
199 2002 209 2013 .
257 2004 266 2014 .
306 1965 563 2014 Noueritis
608 1982 698 2014 nos
739 2003 750 2014 .
796 2003 807 2014 .
850 2003 861 2013 .
904 1964 1129 2014 affedaffe
1173 2003 1193 2015 ..
1222 2003 1233 2014 .
1269 2003 1280 2014 .
1320 1965 1491 2014 Dauid
1538 1964 1795 2014 Alansoun
1840 1964 2069 2030 burgenfi
2116 1967 2176 2014 de

133 2055 314 2106 Dunde
352 2094 363 2105 .
404 2094 416 2105 .
459 2095 469 2106 .
503 2074 650 2105 vnam
675 2057 874 2105 domum
913 2093 923 2105 .
964 2094 975 2105 .
1016 2094 1026 2105 .
1063 2057 1206 2106 nobis
1229 2058 1563 2122 pertinentem
1585 2057 1831 2105 iacentem
1854 2056 1907 2104 in
1930 2057 2088 2121 burgo
2114 2058 2174 2105 de

134 2148 469 2198 Abirbrothoc
503 2150 557 2197 in
591 2149 703 2198 vico
735 2149 820 2213 qui
856 2155 1063 2198 vocatur
1106 2148 1300 2215 Cobgat
1341 2166 1402 2198 ex
1441 2157 1584 2214 parte
1625 2148 1922 2198 occidentali
1960 2149 2174 2197 eiusdem

135 2240 263 2291 inter
286 2249 470 2290 terram
494 2240 732 2291 Duncani
756 2240 964 2290 Buchan
999 2258 1061 2290 ex
1094 2247 1236 2305 parte
1270 2241 1450 2295 boriali
1485 2241 1698 2290 eiusdem
1740 2280 1750 2289 .
1794 2277 1805 2288 .
1853 2278 1863 2288 .
1902 2248 1951 2289 et
1991 2248 2175 2289 terram

138 2332 253 2382 dieti
288 2333 524 2382 Duncani
560 2350 620 2383 ex
657 2340 799 2397 parte
835 2332 1036 2382 australi
1073 2333 1287 2382 eiusdem
1324 2370 1336 2381 .
1377 2371 1387 2381 .
1428 2370 1439 2381 .
1478 2332 1769 2381 Tenendam
1804 2368 1814 2380 .
1856 2367 1866 2379 .
1907 2368 1917 2378 .
1955 2331 2007 2379 in
2031 2332 2175 2380 feodo

140 2433 187 2474 et
218 2425 494 2475 hereditate
517 2426 880 2490 imperpetuum
917 2463 927 2472 .
961 2463 971 2473 .
1007 2463 1017 2472 .
1055 2424 1332 2473 Reddendo
1359 2460 1371 2472 .
1396 2461 1407 2471 .
1437 2461 1448 2471 .
1474 2422 1732 2472 tresdecim
1769 2422 1948 2471 solidos
1984 2430 2032 2471 et
2057 2440 2172 2486 qua-

139 2524 248 2565 tuor
272 2517 501 2566 denarios
525 2515 677 2565 annui
701 2516 924 2564 redditus
949 2515 1127 2564 vsualis
1150 2523 1346 2564 monete
1370 2514 1514 2580 regni
1541 2513 1714 2564 Scocie
1739 2522 1788 2563 et
1814 2515 2000 2562 firmam
2026 2515 2170 2578 burgi

139 2608 251 2658 inde
275 2608 490 2658 debitam
526 2647 536 2657 .
574 2647 583 2657 .
622 2646 631 2656 .
669 2608 733 2656 ad
756 2608 878 2656 duos
903 2608 1022 2656 anni
1057 2607 1293 2656 terminos
1325 2605 1580 2656 consuetos
1618 2643 1630 2653 .
1670 2642 1680 2653 .
1719 2641 1730 2653 .
1768 2604 1850 2653 vbi
1873 2604 2010 2669 prius
2033 2605 2176 2653 soluit

140 2699 226 2748 nifi
250 2701 421 2750 decem
444 2700 623 2748 solidos
646 2716 738 2764 pro
768 2695 911 2748 firma
934 2699 1063 2748 dicte
1099 2700 1271 2748 domus
1319 2735 1331 2748 .
1359 2735 1371 2747 .
1400 2735 1412 2747 .
1447 2714 1539 2762 pro
1576 2697 1710 2745 omni
1746 2697 1842 2745 alio
1874 2713 2024 2746 onere
2061 2733 2073 2744 .
2114 2735 2124 2745 .
2161 2734 2171 2744 .

141 2791 291 2856 Apud
330 2791 678 2841 monasterium
723 2792 944 2840 nostrum
990 2830 1000 2840 .
1047 2831 1055 2840 .
1107 2830 1116 2839 .
1157 2790 1432 2855 penultima
1474 2789 1554 2838 die
1600 2787 1775 2836 menfis
1819 2787 2001 2836 Marcii
2044 2805 2173 2836 anno

141 2881 343 2932 Domini
364 2901 414 2932 m
439 2884 713 2933 6666111111ο
736 2911 747 2923 ·
779 2883 1017 2932 Preterea
1040 2883 1104 2932 ad
1127 2882 1365 2931 maiorem
1400 2918 1413 2930 .
1448 2917 1460 2929 .
1499 2917 1510 2928 .
1546 2880 1856 2928 securitatem
1894 2916 1904 2926 .
1943 2916 1953 2927 .
1990 2916 2001 2927 .
2039 2887 2172 2927 carte

199 3010 211 3022 .
253 3011 265 3023 .
304 2976 451 3024 abbas
473 2983 523 3025 et
547 2983 820 3024 conuentus
856 2974 1082 3022 fecerunt
1114 2974 1360 3038 prefatum
1385 2971 1556 3021 Dauid
1593 3009 1604 3019 .
1643 3008 1654 3019 .
1694 3008 1705 3019 .
1741 2971 1793 3018 in
1837 3008 1848 3019 .
1893 3008 1904 3018 .
1953 3007 1964 3017 .
2002 2970 2171 3034 pofl'es-

143 3063 320 3115 fionem
350 3067 541 3132 prefate
577 3067 750 3115 domus
788 3103 799 3114 .
844 3102 854 3114 .
896 3102 907 3114 .
946 3065 1114 3114 vestiri
1149 3100 1161 3113 .
1200 3100 1211 3112 .
1244 3101 1255 3112 .
1284 3062 1654 3128 pertJacobum
1692 3060 1887 3110 Guthre
1922 3069 2040 3109 tunc
2071 3061 2171 3108 1161-

141 3155 291 3205 111111111
316 3157 603 3222 (1161111111ςί
627 3173 792 3205 coram
815 3155 910 3203 hiis
946 3155 1148 3204 testibus
1173 3154 1404 3204 videlicet
1440 3181 1450 3192 ·
1488 3152 1698 3202 dominis
1722 3151 1890 3201 Dauid
1915 3151 2031 3199 Bois
2056 3152 2169 3199 dieti
