<?xml version="1.0" encoding="UTF-8"?>
<!DOCTYPE html PUBLIC "-//W3C//DTD XHTML 1.0 Transitional//EN"
    "http://www.w3.org/TR/xhtml1/DTD/xhtml1-transitional.dtd">
<html xmlns="http://www.w3.org/1999/xhtml" xml:lang="en" lang="en">
 <head>
  <title>
</title>
<meta http-equiv="Content-Type" content="text/html;charset=utf-8" />
  <meta name='ocr-system' content='tesseract 3.04.00' />
  <meta name='ocr-capabilities' content='ocr_page ocr_carea ocr_par ocr_line ocrx_word'/>
</head>
<body>
  <div class='ocr_page' id='page_1' title='image "./libersthomedea8602arbruoft_0145.png"; bbox 0 0 2762 3834; ppageno 0'>
   <div class='ocr_carea' id='block_1_1' title="bbox 39 2562 99 2611">
    <p class='ocr_par' dir='ltr' id='par_1_1' title="bbox 39 2562 99 2611">
     <span class='ocr_line' id='line_1_1' title="bbox 39 2562 99 2611; baseline 0 0"><span class='ocrx_word' id='word_1_1' title='bbox 39 2562 99 2611; x_wconf 82' lang='lat'>47</span> 
     </span>
    </p>
   </div>
   <div class='ocr_carea' id='block_1_2' title="bbox 615 372 2232 426">
    <p class='ocr_par' dir='ltr' id='par_1_2' title="bbox 615 372 2232 426">
     <span class='ocr_line' id='line_1_2' title="bbox 615 372 2232 426; baseline -0.001 -1"><span class='ocrx_word' id='word_1_2' title='bbox 615 374 1046 426; x_wconf 85' lang='lat' dir='ltr'>REGISTRUM</span> <span class='ocrx_word' id='word_1_3' title='bbox 1079 373 1179 423; x_wconf 92' lang='lat' dir='ltr'>DE</span> <span class='ocrx_word' id='word_1_4' title='bbox 1215 372 1775 424; x_wconf 87' lang='lat' dir='ltr'><strong>ABERBROTHOC.</strong></span> <span class='ocrx_word' id='word_1_5' title='bbox 2168 380 2232 423; x_wconf 87' lang='grc'>45</span> 
     </span>
    </p>
   </div>
   <div class='ocr_carea' id='block_1_3' title="bbox 156 507 2230 2153">
    <p class='ocr_par' dir='ltr' id='par_1_3' title="bbox 156 507 2230 2153">
     <span class='ocr_line' id='line_1_3' title="bbox 159 507 2229 575; baseline 0 -18"><span class='ocrx_word' id='word_1_6' title='bbox 159 508 339 557; x_wconf 89' lang='lat' dir='ltr'>terium</span> <span class='ocrx_word' id='word_1_7' title='bbox 365 507 582 558; x_wconf 87' lang='lat' dir='ltr'>uestrum</span> <span class='ocrx_word' id='word_1_8' title='bbox 608 512 742 575; x_wconf 92' lang='lat' dir='ltr'>quod</span> <span class='ocrx_word' id='word_1_9' title='bbox 769 527 860 575; x_wconf 91' lang='lat' dir='ltr'>per</span> <span class='ocrx_word' id='word_1_10' title='bbox 885 510 1018 559; x_wconf 90' lang='lat' dir='ltr'>clare</span> <span class='ocrx_word' id='word_1_11' title='bbox 1054 509 1292 558; x_wconf 87' lang='lat' dir='ltr'><strong>memorie</strong></span> <span class='ocrx_word' id='word_1_12' title='bbox 1319 508 1628 559; x_wconf 92' lang='lat' dir='ltr'>Willelmum</span> <span class='ocrx_word' id='word_1_13' title='bbox 1655 526 1827 574; x_wconf 84' lang='lat' dir='ltr'>regem</span> <span class='ocrx_word' id='word_1_14' title='bbox 1854 508 2031 559; x_wconf 86' lang='lat' dir='ltr'>Scocie</span> <span class='ocrx_word' id='word_1_15' title='bbox 2057 509 2229 558; x_wconf 85' lang='lat' dir='ltr'>funda·</span> 
     </span>
     <span class='ocr_line' id='line_1_4' title="bbox 158 600 2230 668; baseline 0 -19"><span class='ocrx_word' id='word_1_16' title='bbox 158 609 262 649; x_wconf 94' lang='lat' dir='ltr'>tum</span> <span class='ocrx_word' id='word_1_17' title='bbox 311 602 477 652; x_wconf 83' lang='lat' dir='ltr'>extitit</span> <span class='ocrx_word' id='word_1_18' title='bbox 519 610 568 652; x_wconf 91' lang='lat' dir='ltr'>et</span> <span class='ocrx_word' id='word_1_19' title='bbox 611 604 673 652; x_wconf 89' lang='lat' dir='ltr'>de</span> <span class='ocrx_word' id='word_1_20' title='bbox 713 603 862 668; x_wconf 81' lang='lat' dir='ltr'>ipsius</span> <span class='ocrx_word' id='word_1_21' title='bbox 903 603 1046 652; x_wconf 91' lang='lat' dir='ltr'>bonis</span> <span class='ocrx_word' id='word_1_22' title='bbox 1089 604 1314 651; x_wconf 89' lang='lat' dir='ltr'>dotatum</span> <span class='ocrx_word' id='word_1_23' title='bbox 1358 608 1408 650; x_wconf 89' lang='lat' dir='ltr'>et</span> <span class='ocrx_word' id='word_1_24' title='bbox 1454 602 1508 650; x_wconf 94' lang='lat' dir='ltr'>in</span> <span class='ocrx_word' id='word_1_25' title='bbox 1547 618 1645 666; x_wconf 92' lang='lat' dir='ltr'>quo</span> <span class='ocrx_word' id='word_1_26' title='bbox 1686 618 1866 666; x_wconf 90' lang='lat' dir='ltr'>corpus</span> <span class='ocrx_word' id='word_1_27' title='bbox 1909 600 2059 666; x_wconf 89' lang='lat' dir='ltr'>ipfius</span> <span class='ocrx_word' id='word_1_28' title='bbox 2097 602 2230 667; x_wconf 82' lang='lat' dir='ltr'>regis</span> 
     </span>
     <span class='ocr_line' id='line_1_5' title="bbox 156 693 2230 761; baseline 0.001 -20"><span class='ocrx_word' id='word_1_29' title='bbox 156 694 469 743; x_wconf 89' lang='lat' dir='ltr'>inhumatum</span> <span class='ocrx_word' id='word_1_30' title='bbox 506 695 669 745; x_wconf 85' lang='lat' dir='ltr'>existit</span> <span class='ocrx_word' id='word_1_31' title='bbox 711 696 973 761; x_wconf 85' lang='lat' dir='ltr'>condignis</span> <span class='ocrx_word' id='word_1_32' title='bbox 1011 695 1285 743; x_wconf 86' lang='lat' dir='ltr'>honoribus</span> <span class='ocrx_word' id='word_1_33' title='bbox 1324 694 1610 744; x_wconf 83' lang='lat' dir='ltr'><strong>attollamus</strong></span> <span class='ocrx_word' id='word_1_34' title='bbox 1645 720 1656 733; x_wconf 66' lang='grc' dir='ltr'><strong><em>ο</em></strong></span> <span class='ocrx_word' id='word_1_35' title='bbox 1694 694 1833 743; x_wconf 91' lang='lat' dir='ltr'>Hinc</span> <span class='ocrx_word' id='word_1_36' title='bbox 1866 693 1936 743; x_wconf 85' lang='lat' dir='ltr'>est</span> <span class='ocrx_word' id='word_1_37' title='bbox 1968 695 2101 759; x_wconf 92' lang='lat' dir='ltr'>quod</span> <span class='ocrx_word' id='word_1_38' title='bbox 2140 712 2230 743; x_wconf 88' lang='lat' dir='ltr'>nos</span> 
     </span>
     <span class='ocr_line' id='line_1_6' title="bbox 158 787 2229 854; baseline 0 -19"><span class='ocrx_word' id='word_1_39' title='bbox 158 787 334 836; x_wconf 88' lang='lat' dir='ltr'>uestris</span> <span class='ocrx_word' id='word_1_40' title='bbox 360 788 411 836; x_wconf 90' lang='lat' dir='ltr'>in</span> <span class='ocrx_word' id='word_1_41' title='bbox 437 788 530 837; x_wconf 90' lang='lat' dir='ltr'>hac</span> <span class='ocrx_word' id='word_1_42' title='bbox 555 796 698 853; x_wconf 91' lang='lat' dir='ltr'>parte</span> <span class='ocrx_word' id='word_1_43' title='bbox 716 788 1167 854; x_wconf 90' lang='lat' dir='ltr'>supplicacionibus</span> <span class='ocrx_word' id='word_1_44' title='bbox 1191 787 1422 836; x_wconf 85' lang='lat' dir='ltr'>inclinati</span> <span class='ocrx_word' id='word_1_45' title='bbox 1447 795 1501 837; x_wconf 90' lang='lat' dir='ltr'>ut</span> <span class='ocrx_word' id='word_1_46' title='bbox 1525 795 1580 836; x_wconf 82' lang='lat' dir='ltr'>tu</span> <span class='ocrx_word' id='word_1_47' title='bbox 1602 787 1675 836; x_wconf 84' lang='lat' dir='ltr'>fili</span> <span class='ocrx_word' id='word_1_48' title='bbox 1699 788 1850 837; x_wconf 87' lang='lat' dir='ltr'>abbas</span> <span class='ocrx_word' id='word_1_49' title='bbox 1870 797 1919 837; x_wconf 92' lang='lat' dir='ltr'>et</span> <span class='ocrx_word' id='word_1_50' title='bbox 1936 788 2229 837; x_wconf 84' lang='lat' dir='ltr'>succefl&#39;ores</span> 
     </span>
     <span class='ocr_line' id='line_1_7' title="bbox 157 880 2228 946; baseline 0.001 -19"><span class='ocrx_word' id='word_1_51' title='bbox 157 881 230 928; x_wconf 89' lang='lat' dir='ltr'>tui</span> <span class='ocrx_word' id='word_1_52' title='bbox 270 920 279 929; x_wconf 88' lang='lat'><strong>.</strong></span> <span class='ocrx_word' id='word_1_53' title='bbox 325 921 333 929; x_wconf 97' lang='lat'>.</span> <span class='ocrx_word' id='word_1_54' title='bbox 379 921 387 930; x_wconf 94' lang='lat'><strong>.</strong></span> <span class='ocrx_word' id='word_1_55' title='bbox 430 882 580 931; x_wconf 90' lang='lat' dir='ltr'>mitra</span> <span class='ocrx_word' id='word_1_56' title='bbox 605 882 790 931; x_wconf 91' lang='lat' dir='ltr'>annulo</span> <span class='ocrx_word' id='word_1_57' title='bbox 816 889 865 931; x_wconf 92' lang='lat' dir='ltr'>et</span> <span class='ocrx_word' id='word_1_58' title='bbox 890 881 1000 929; x_wconf 89' lang='lat' dir='ltr'>aliis</span> <span class='ocrx_word' id='word_1_59' title='bbox 1025 880 1391 945; x_wconf 90' lang='lat' dir='ltr'>pontificalibus</span> <span class='ocrx_word' id='word_1_60' title='bbox 1426 880 1649 946; x_wconf 86' lang='lat' dir='ltr'>infigniis</span> <span class='ocrx_word' id='word_1_61' title='bbox 1685 881 1842 929; x_wconf 90' lang='lat' dir='ltr'>libere</span> <span class='ocrx_word' id='word_1_62' title='bbox 1872 880 2059 945; x_wconf 83' lang='lat' dir='ltr'>poffitis</span> <span class='ocrx_word' id='word_1_63' title='bbox 2082 882 2154 930; x_wconf 90' lang='lat' dir='ltr'>uti</span> <span class='ocrx_word' id='word_1_64' title='bbox 2181 890 2228 930; x_wconf 88' lang='lat' dir='ltr'>et</span> 
     </span>
     <span class='ocr_line' id='line_1_8' title="bbox 158 972 2228 1039; baseline 0.002 -21"><span class='ocrx_word' id='word_1_65' title='bbox 158 972 292 1034; x_wconf 92' lang='lat' dir='ltr'>quod</span> <span class='ocrx_word' id='word_1_66' title='bbox 315 972 368 1020; x_wconf 90' lang='lat' dir='ltr'>in</span> <span class='ocrx_word' id='word_1_67' title='bbox 406 1013 415 1022; x_wconf 92' lang='lat'>.</span> <span class='ocrx_word' id='word_1_68' title='bbox 459 1011 468 1021; x_wconf 92' lang='lat'><strong>.</strong></span> <span class='ocrx_word' id='word_1_69' title='bbox 514 1013 523 1021; x_wconf 93' lang='lat'><strong>.</strong></span> <span class='ocrx_word' id='word_1_70' title='bbox 560 974 861 1022; x_wconf 89' lang='lat' dir='ltr'>monasterio</span> <span class='ocrx_word' id='word_1_71' title='bbox 887 982 936 1023; x_wconf 92' lang='lat' dir='ltr'>et</span> <span class='ocrx_word' id='word_1_72' title='bbox 959 973 1263 1039; x_wconf 85' lang='lat' dir='ltr'>prioratibus</span> <span class='ocrx_word' id='word_1_73' title='bbox 1289 974 1450 1022; x_wconf 92' lang='lat' dir='ltr'>eidem</span> <span class='ocrx_word' id='word_1_74' title='bbox 1488 1012 1497 1022; x_wconf 92' lang='lat'>.</span> <span class='ocrx_word' id='word_1_75' title='bbox 1542 1012 1552 1022; x_wconf 89' lang='lat'><strong>.</strong></span> <span class='ocrx_word' id='word_1_76' title='bbox 1592 1013 1602 1023; x_wconf 92' lang='lat'>.</span> <span class='ocrx_word' id='word_1_77' title='bbox 1639 973 1866 1022; x_wconf 67' lang='lat' dir='ltr'>subieais</span> <span class='ocrx_word' id='word_1_78' title='bbox 1891 991 1949 1023; x_wconf 91' lang='lat' dir='ltr'>ac</span> <span class='ocrx_word' id='word_1_79' title='bbox 1973 975 2228 1039; x_wconf 89' lang='lat' dir='ltr'>parrochi-</span> 
     </span>
     <span class='ocr_line' id='line_1_9' title="bbox 158 1064 2229 1132; baseline 0.002 -22"><span class='ocrx_word' id='word_1_80' title='bbox 158 1064 317 1112; x_wconf 90' lang='lat' dir='ltr'>alibus</span> <span class='ocrx_word' id='word_1_81' title='bbox 337 1073 386 1114; x_wconf 92' lang='lat' dir='ltr'>et</span> <span class='ocrx_word' id='word_1_82' title='bbox 405 1065 515 1114; x_wconf 90' lang='lat' dir='ltr'>aliis</span> <span class='ocrx_word' id='word_1_83' title='bbox 533 1065 750 1115; x_wconf 82' lang='lat' dir='ltr'>ecclesiis</span> <span class='ocrx_word' id='word_1_84' title='bbox 776 1067 839 1115; x_wconf 87' lang='lat' dir='ltr'>ad</span> <span class='ocrx_word' id='word_1_85' title='bbox 865 1083 953 1115; x_wconf 93' lang='lat' dir='ltr'>uos</span> <span class='ocrx_word' id='word_1_86' title='bbox 973 1066 1199 1131; x_wconf 89' lang='lat' dir='ltr'>quamuis</span> <span class='ocrx_word' id='word_1_87' title='bbox 1223 1066 1373 1130; x_wconf 92' lang='lat' dir='ltr'>pleno</span> <span class='ocrx_word' id='word_1_88' title='bbox 1398 1066 1508 1115; x_wconf 86' lang='lat' dir='ltr'>iure</span> <span class='ocrx_word' id='word_1_89' title='bbox 1533 1083 1633 1114; x_wconf 93' lang='lat' dir='ltr'>non</span> <span class='ocrx_word' id='word_1_90' title='bbox 1659 1066 1841 1116; x_wconf 78' lang='lat' dir='ltr'>subsint</span> <span class='ocrx_word' id='word_1_91' title='bbox 1865 1067 2229 1132; x_wconf 90' lang='lat' dir='ltr'>pertinentibus</span> 
     </span>
     <span class='ocr_line' id='line_1_10' title="bbox 157 1157 2229 1224; baseline 0.002 -19"><span class='ocrx_word' id='word_1_92' title='bbox 157 1157 554 1207; x_wconf 54' lang='lat' dir='ltr'>benedffizionem</span> <span class='ocrx_word' id='word_1_93' title='bbox 594 1159 847 1207; x_wconf 82' lang='lat' dir='ltr'>solennem</span> <span class='ocrx_word' id='word_1_94' title='bbox 890 1159 1034 1224; x_wconf 91' lang='lat' dir='ltr'>super</span> <span class='ocrx_word' id='word_1_95' title='bbox 1081 1158 1319 1223; x_wconf 90' lang='lat' dir='ltr'>populum</span> <span class='ocrx_word' id='word_1_96' title='bbox 1366 1160 1476 1223; x_wconf 87' lang='lat' dir='ltr'>post</span> <span class='ocrx_word' id='word_1_97' title='bbox 1518 1159 1767 1208; x_wconf 76' lang='lat' dir='ltr'>missarum</span> <span class='ocrx_word' id='word_1_98' title='bbox 1816 1160 2131 1224; x_wconf 86' lang='lat' dir='ltr'>vesperarum</span> <span class='ocrx_word' id='word_1_99' title='bbox 2181 1171 2229 1210; x_wconf 88' lang='lat' dir='ltr'>et</span> 
     </span>
     <span class='ocr_line' id='line_1_11' title="bbox 157 1251 2228 1317; baseline 0.002 -18"><span class='ocrx_word' id='word_1_100' title='bbox 157 1251 513 1299; x_wconf 89' lang='lat' dir='ltr'>matutinarum</span> <span class='ocrx_word' id='word_1_101' title='bbox 531 1251 755 1300; x_wconf 84' lang='lat' dir='ltr'>solennia</span> <span class='ocrx_word' id='word_1_102' title='bbox 774 1252 1042 1300; x_wconf 90' lang='lat' dir='ltr'>dummodo</span> <span class='ocrx_word' id='word_1_103' title='bbox 1061 1251 1114 1299; x_wconf 93' lang='lat' dir='ltr'>in</span> <span class='ocrx_word' id='word_1_104' title='bbox 1139 1251 1484 1300; x_wconf 69' lang='lat' dir='ltr'>benediffione</span> <span class='ocrx_word' id='word_1_105' title='bbox 1509 1251 1794 1300; x_wconf 90' lang='lat' dir='ltr'>huiusmodi</span> <span class='ocrx_word' id='word_1_106' title='bbox 1820 1253 2000 1317; x_wconf 86' lang='lat' dir='ltr'>aliquis</span> <span class='ocrx_word' id='word_1_107' title='bbox 2026 1254 2228 1303; x_wconf 90' lang='lat' dir='ltr'>antistes</span> 
     </span>
     <span class='ocr_line' id='line_1_12' title="bbox 159 1344 2228 1410; baseline 0.003 -20"><span class='ocrx_word' id='word_1_108' title='bbox 159 1344 239 1391; x_wconf 88' lang='lat' dir='ltr'>seu</span> <span class='ocrx_word' id='word_1_109' title='bbox 286 1344 411 1392; x_wconf 89' lang='lat' dir='ltr'>sedis</span> <span class='ocrx_word' id='word_1_110' title='bbox 453 1344 723 1408; x_wconf 87' lang='lat' dir='ltr'>apostolice</span> <span class='ocrx_word' id='word_1_111' title='bbox 767 1344 961 1408; x_wconf 85' lang='lat' dir='ltr'>legatus</span> <span class='ocrx_word' id='word_1_112' title='bbox 1007 1344 1208 1408; x_wconf 86' lang='lat' dir='ltr'>presens</span> <span class='ocrx_word' id='word_1_113' title='bbox 1251 1360 1354 1391; x_wconf 90' lang='lat' dir='ltr'>non</span> <span class='ocrx_word' id='word_1_114' title='bbox 1400 1344 1551 1393; x_wconf 86' lang='lat' dir='ltr'>fuerit</span> <span class='ocrx_word' id='word_1_115' title='bbox 1594 1345 1797 1410; x_wconf 85' lang='lat' dir='ltr'>elargiri</span> <span class='ocrx_word' id='word_1_116' title='bbox 1841 1346 2026 1410; x_wconf 86' lang='lat' dir='ltr'>poffitis</span> <span class='ocrx_word' id='word_1_117' title='bbox 2067 1347 2228 1396; x_wconf 86' lang='lat' dir='ltr'>felicis</span> 
     </span>
     <span class='ocr_line' id='line_1_13' title="bbox 156 1435 2229 1505; baseline 0.004 -23"><span class='ocrx_word' id='word_1_118' title='bbox 156 1435 525 1483; x_wconf 84' lang='lat' dir='ltr'>recordacionis</span> <span class='ocrx_word' id='word_1_119' title='bbox 571 1435 852 1483; x_wconf 84' lang='lat' dir='ltr'>Alexandri</span> <span class='ocrx_word' id='word_1_120' title='bbox 898 1452 1026 1500; x_wconf 90' lang='lat' dir='ltr'>pape</span> <span class='ocrx_word' id='word_1_121' title='bbox 1074 1436 1239 1500; x_wconf 88' lang='lat' dir='ltr'>quarti</span> <span class='ocrx_word' id='word_1_122' title='bbox 1292 1436 1647 1500; x_wconf 82' lang='lat' dir='ltr'>predecessoris</span> <span class='ocrx_word' id='word_1_123' title='bbox 1699 1438 1852 1487; x_wconf 89' lang='lat' dir='ltr'>nostri</span> <span class='ocrx_word' id='word_1_124' title='bbox 1901 1457 1995 1504; x_wconf 91' lang='lat' dir='ltr'>que</span> <span class='ocrx_word' id='word_1_125' title='bbox 2051 1441 2229 1505; x_wconf 87' lang='lat' dir='ltr'>incipit</span> 
     </span>
     <span class='ocr_line' id='line_1_14' title="bbox 158 1527 2227 1596; baseline 0.004 -20"><span class='ocrx_word' id='word_1_126' title='bbox 158 1528 367 1577; x_wconf 74' lang='lat' dir='ltr'>Abbates</span> <span class='ocrx_word' id='word_1_127' title='bbox 400 1535 450 1576; x_wconf 90' lang='lat' dir='ltr'>et</span> <span class='ocrx_word' id='word_1_128' title='bbox 486 1527 595 1577; x_wconf 90' lang='lat' dir='ltr'>aliis</span> <span class='ocrx_word' id='word_1_129' title='bbox 621 1528 996 1592; x_wconf 86' lang='lat' dir='ltr'>quibuscunque</span> <span class='ocrx_word' id='word_1_130' title='bbox 1031 1529 1467 1578; x_wconf 88' lang='lat' dir='ltr'>constitutionibus</span> <span class='ocrx_word' id='word_1_131' title='bbox 1509 1531 1792 1596; x_wconf 87' lang='lat' dir='ltr'>apostolicis</span> <span class='ocrx_word' id='word_1_132' title='bbox 1829 1532 1882 1580; x_wconf 92' lang='lat' dir='ltr'>in</span> <span class='ocrx_word' id='word_1_133' title='bbox 1921 1535 2227 1584; x_wconf 85' lang='lat' dir='ltr'>contrarium</span> 
     </span>
     <span class='ocr_line' id='line_1_15' title="bbox 157 1621 2229 1686; baseline 0.003 -16"><span class='ocrx_word' id='word_1_134' title='bbox 157 1621 303 1671; x_wconf 85' lang='lat' dir='ltr'>editis</span> <span class='ocrx_word' id='word_1_135' title='bbox 341 1639 657 1686; x_wconf 85' lang='lat' dir='ltr'>nequaquam</span> <span class='ocrx_word' id='word_1_136' title='bbox 700 1621 1007 1670; x_wconf 88' lang='lat' dir='ltr'>obstantibus</span> <span class='ocrx_word' id='word_1_137' title='bbox 1054 1622 1194 1671; x_wconf 87' lang='lat' dir='ltr'>uobis</span> <span class='ocrx_word' id='word_1_138' title='bbox 1236 1630 1286 1672; x_wconf 94' lang='lat' dir='ltr'>et</span> <span class='ocrx_word' id='word_1_139' title='bbox 1327 1623 1509 1671; x_wconf 92' lang='lat' dir='ltr'>eisdem</span> <span class='ocrx_word' id='word_1_140' title='bbox 1549 1623 1898 1673; x_wconf 73' lang='lat' dir='ltr'>successoribus</span> <span class='ocrx_word' id='word_1_141' title='bbox 1935 1628 2229 1677; x_wconf 61' lang='lat' dir='ltr'>autfftoritate</span> 
     </span>
     <span class='ocr_line' id='line_1_16' title="bbox 157 1699 2230 1782; baseline 0.003 -19"><span class='ocrx_word' id='word_1_142' title='bbox 157 1699 431 1779; x_wconf 87' lang='lat' dir='ltr'>apostolica</span> <span class='ocrx_word' id='word_1_143' title='bbox 463 1716 525 1763; x_wconf 93' lang='lat' dir='ltr'>de</span> <span class='ocrx_word' id='word_1_144' title='bbox 561 1714 762 1779; x_wconf 88' lang='lat' dir='ltr'>speciali</span> <span class='ocrx_word' id='word_1_145' title='bbox 800 1714 973 1780; x_wconf 86' lang='lat' dir='ltr'>gracia</span> <span class='ocrx_word' id='word_1_146' title='bbox 1008 1722 1182 1764; x_wconf 89' lang='lat' dir='ltr'>tenore</span> <span class='ocrx_word' id='word_1_147' title='bbox 1224 1715 1535 1780; x_wconf 90' lang='lat' dir='ltr'>presencium</span> <span class='ocrx_word' id='word_1_148' title='bbox 1575 1716 1892 1782; x_wconf 85' lang='lat' dir='ltr'>indulgemus</span> <span class='ocrx_word' id='word_1_149' title='bbox 1932 1748 1942 1758; x_wconf 87' lang='lat'><strong>·</strong></span> <span class='ocrx_word' id='word_1_150' title='bbox 1986 1719 2230 1770; x_wconf 89' lang='lat' dir='ltr'>Volumus</span> 
     </span>
     <span class='ocr_line' id='line_1_17' title="bbox 157 1807 2230 1879; baseline 0.003 -23"><span class='ocrx_word' id='word_1_151' title='bbox 157 1817 321 1856; x_wconf 90' lang='lat' dir='ltr'>autem</span> <span class='ocrx_word' id='word_1_152' title='bbox 348 1808 483 1872; x_wconf 89' lang='lat' dir='ltr'>quod</span> <span class='ocrx_word' id='word_1_153' title='bbox 518 1814 573 1856; x_wconf 87' lang='lat' dir='ltr'>tu</span> <span class='ocrx_word' id='word_1_154' title='bbox 597 1807 668 1856; x_wconf 92' lang='lat' dir='ltr'>fili</span> <span class='ocrx_word' id='word_1_155' title='bbox 704 1807 855 1856; x_wconf 89' lang='lat' dir='ltr'>abbas</span> <span class='ocrx_word' id='word_1_156' title='bbox 893 1815 941 1856; x_wconf 86' lang='lat' dir='ltr'>et</span> <span class='ocrx_word' id='word_1_157' title='bbox 980 1807 1274 1857; x_wconf 76' lang='lat' dir='ltr'>successores</span> <span class='ocrx_word' id='word_1_158' title='bbox 1320 1850 1328 1859; x_wconf 92' lang='lat'><strong><em>.</em></strong></span> <span class='ocrx_word' id='word_1_159' title='bbox 1377 1847 1387 1857; x_wconf 87' lang='lat'><strong>.</strong></span> <span class='ocrx_word' id='word_1_160' title='bbox 1435 1849 1445 1859; x_wconf 91' lang='lat'><strong>.</strong></span> <span class='ocrx_word' id='word_1_161' title='bbox 1491 1810 1543 1858; x_wconf 91' lang='lat' dir='ltr'>in</span> <span class='ocrx_word' id='word_1_162' title='bbox 1571 1811 1761 1876; x_wconf 85' lang='lat' dir='ltr'>fignum</span> <span class='ocrx_word' id='word_1_163' title='bbox 1787 1812 1995 1876; x_wconf 89' lang='lat' dir='ltr'>suscepti</span> <span class='ocrx_word' id='word_1_164' title='bbox 2025 1831 2116 1879; x_wconf 90' lang='lat' dir='ltr'>per</span> <span class='ocrx_word' id='word_1_165' title='bbox 2140 1832 2230 1863; x_wconf 89' lang='lat' dir='ltr'>nos</span> 
     </span>
     <span class='ocr_line' id='line_1_18' title="bbox 158 1902 2230 1968; baseline 0.003 -18"><span class='ocrx_word' id='word_1_166' title='bbox 158 1902 269 1951; x_wconf 87' lang='lat' dir='ltr'>talis</span> <span class='ocrx_word' id='word_1_167' title='bbox 307 1902 511 1952; x_wconf 89' lang='lat' dir='ltr'>honoris</span> <span class='ocrx_word' id='word_1_168' title='bbox 550 1910 599 1951; x_wconf 94' lang='lat' dir='ltr'>et</span> <span class='ocrx_word' id='word_1_169' title='bbox 637 1902 892 1968; x_wconf 84' lang='lat' dir='ltr'>priuilegii</span> <span class='ocrx_word' id='word_1_170' title='bbox 917 1919 1068 1950; x_wconf 87' lang='lat' dir='ltr'>vnum</span> <span class='ocrx_word' id='word_1_171' title='bbox 1101 1902 1346 1951; x_wconf 88' lang='lat' dir='ltr'>florenum</span> <span class='ocrx_word' id='word_1_172' title='bbox 1385 1904 1495 1952; x_wconf 88' lang='lat' dir='ltr'>auri</span> <span class='ocrx_word' id='word_1_173' title='bbox 1533 1905 1770 1968; x_wconf 89' lang='lat' dir='ltr'>ponderis</span> <span class='ocrx_word' id='word_1_174' title='bbox 1797 1923 1991 1955; x_wconf 86' lang='lat' dir='ltr'>camere</span> <span class='ocrx_word' id='word_1_175' title='bbox 2023 1907 2075 1956; x_wconf 91' lang='lat' dir='ltr'>in</span> <span class='ocrx_word' id='word_1_176' title='bbox 2109 1908 2230 1956; x_wconf 83' lang='lat' dir='ltr'>festo</span> 
     </span>
     <span class='ocr_line' id='line_1_19' title="bbox 157 1994 2230 2061; baseline 0.002 -18"><span class='ocrx_word' id='word_1_177' title='bbox 157 1995 511 2044; x_wconf 88' lang='lat' dir='ltr'>Penthecostes</span> <span class='ocrx_word' id='word_1_178' title='bbox 531 1995 789 2044; x_wconf 89' lang='lat' dir='ltr'>annuatim</span> <span class='ocrx_word' id='word_1_179' title='bbox 812 2012 1008 2044; x_wconf 91' lang='lat' dir='ltr'>camere</span> <span class='ocrx_word' id='word_1_180' title='bbox 1031 1994 1298 2060; x_wconf 88' lang='lat' dir='ltr'>apostolice</span> <span class='ocrx_word' id='word_1_181' title='bbox 1322 1996 1617 2061; x_wconf 89' lang='lat' dir='ltr'>persoluatis</span> <span class='ocrx_word' id='word_1_182' title='bbox 1644 2037 1653 2047; x_wconf 88' lang='lat'><strong><em>.</em></strong></span> <span class='ocrx_word' id='word_1_183' title='bbox 1686 2037 1696 2046; x_wconf 87' lang='lat'>.</span> <span class='ocrx_word' id='word_1_184' title='bbox 1732 2037 1741 2047; x_wconf 87' lang='lat'><strong>.</strong></span> <span class='ocrx_word' id='word_1_185' title='bbox 1768 1997 1957 2047; x_wconf 90' lang='lat' dir='ltr'>Datum</span> <span class='ocrx_word' id='word_1_186' title='bbox 1975 1999 2230 2049; x_wconf 88' lang='lat' dir='ltr'>Auinione</span> 
     </span>
     <span class='ocr_line' id='line_1_20' title="bbox 158 2087 1565 2153; baseline 0 -16"><span class='ocrx_word' id='word_1_187' title='bbox 158 2089 207 2137; x_wconf 89' lang='lat' dir='ltr'>vi</span> <span class='ocrx_word' id='word_1_188' title='bbox 231 2088 473 2137; x_wconf 88' lang='lat' dir='ltr'>kalendas</span> <span class='ocrx_word' id='word_1_189' title='bbox 499 2087 533 2136; x_wconf 89' lang='lat' dir='ltr'>J</span> <span class='ocrx_word' id='word_1_190' title='bbox 540 2088 626 2136; x_wconf 89' lang='lat' dir='ltr'>ulii</span> <span class='ocrx_word' id='word_1_191' title='bbox 651 2088 970 2153; x_wconf 88' lang='lat' dir='ltr'>pontificatus</span> <span class='ocrx_word' id='word_1_192' title='bbox 996 2087 1152 2136; x_wconf 86' lang='lat' dir='ltr'>nostri</span> <span class='ocrx_word' id='word_1_193' title='bbox 1177 2106 1310 2138; x_wconf 89' lang='lat' dir='ltr'>anno</span> <span class='ocrx_word' id='word_1_194' title='bbox 1335 2088 1565 2138; x_wconf 90' lang='lat' dir='ltr'>secundo.</span> 
     </span>
    </p>
   </div>
   <div class='ocr_carea' id='block_1_4' title="bbox 156 2349 1852 2440">
    <p class='ocr_par' dir='ltr' id='par_1_4' title="bbox 156 2349 1852 2440">
     <span class='ocr_line' id='line_1_21' title="bbox 156 2349 1852 2440; baseline -0.001 -15"><span class='ocrx_word' id='word_1_195' title='bbox 156 2349 434 2439; x_wconf 79' lang='lat' dir='ltr'>Kyngorn</span> <span class='ocrx_word' id='word_1_196' title='bbox 472 2403 481 2413; x_wconf 93' lang='lat'><strong>·</strong></span> <span class='ocrx_word' id='word_1_197' title='bbox 520 2375 778 2424; x_wconf 86' lang='lat' dir='ltr'>decretum</span> <span class='ocrx_word' id='word_1_198' title='bbox 803 2373 1122 2440; x_wconf 89' lang='lat' dir='ltr'>parliamenti</span> <span class='ocrx_word' id='word_1_199' title='bbox 1142 2392 1235 2440; x_wconf 90' lang='lat' dir='ltr'>pro</span> <span class='ocrx_word' id='word_1_200' title='bbox 1273 2414 1282 2424; x_wconf 92' lang='lat'><strong>.</strong></span> <span class='ocrx_word' id='word_1_201' title='bbox 1322 2414 1331 2424; x_wconf 93' lang='lat'>.</span> <span class='ocrx_word' id='word_1_202' title='bbox 1370 2415 1379 2424; x_wconf 90' lang='lat'><em>.</em></span> <span class='ocrx_word' id='word_1_203' title='bbox 1418 2383 1632 2440; x_wconf 86' lang='lat' dir='ltr'>quatuor</span> <span class='ocrx_word' id='word_1_204' title='bbox 1657 2377 1852 2426; x_wconf 87' lang='lat' dir='ltr'>marcis.</span> 
     </span>
    </p>
   </div>
   <div class='ocr_carea' id='block_1_5' title="bbox 151 2534 2228 3271">
    <p class='ocr_par' dir='ltr' id='par_1_5' title="bbox 151 2534 2228 3271">
     <span class='ocr_line' id='line_1_22' title="bbox 155 2534 2228 2611; baseline 0.001 -3"><span class='ocrx_word' id='word_1_205' title='bbox 155 2534 433 2608; x_wconf 83' lang='lat' dir='ltr'>Robertus</span> <span class='ocrx_word' id='word_1_206' title='bbox 470 2595 481 2605; x_wconf 90' lang='lat'><strong>.</strong></span> <span class='ocrx_word' id='word_1_207' title='bbox 525 2595 534 2604; x_wconf 90' lang='lat'><strong>.</strong></span> <span class='ocrx_word' id='word_1_208' title='bbox 580 2595 588 2604; x_wconf 91' lang='lat'><strong><em>.</em></strong></span> <span class='ocrx_word' id='word_1_209' title='bbox 626 2573 712 2605; x_wconf 82' lang='lat' dir='ltr'>rex</span> <span class='ocrx_word' id='word_1_210' title='bbox 751 2555 1037 2607; x_wconf 89' lang='lat' dir='ltr'>Scottorum</span> <span class='ocrx_word' id='word_1_211' title='bbox 1069 2558 1345 2607; x_wconf 89' lang='lat' dir='ltr'>camerario</span> <span class='ocrx_word' id='word_1_212' title='bbox 1370 2559 1539 2607; x_wconf 90' lang='lat' dir='ltr'>nostro</span> <span class='ocrx_word' id='word_1_213' title='bbox 1569 2557 1744 2609; x_wconf 88' lang='lat' dir='ltr'>Scocie</span> <span class='ocrx_word' id='word_1_214' title='bbox 1776 2577 1834 2609; x_wconf 89' lang='lat' dir='ltr'>ac</span> <span class='ocrx_word' id='word_1_215' title='bbox 1861 2560 2141 2611; x_wconf 88' lang='lat' dir='ltr'>vicecomiti</span> <span class='ocrx_word' id='word_1_216' title='bbox 2180 2572 2228 2611; x_wconf 90' lang='lat' dir='ltr'>et</span> 
     </span>
     <span class='ocr_line' id='line_1_23' title="bbox 157 2647 2226 2716; baseline 0.005 -21"><span class='ocrx_word' id='word_1_217' title='bbox 157 2648 354 2696; x_wconf 86' lang='lat' dir='ltr'>balliuis</span> <span class='ocrx_word' id='word_1_218' title='bbox 389 2647 486 2696; x_wconf 87' lang='lat' dir='ltr'>suis</span> <span class='ocrx_word' id='word_1_219' title='bbox 519 2648 580 2697; x_wconf 93' lang='lat' dir='ltr'>de</span> <span class='ocrx_word' id='word_1_220' title='bbox 614 2647 737 2714; x_wconf 85' lang='lat' dir='ltr'>Fyff</span> <span class='ocrx_word' id='word_1_221' title='bbox 763 2649 971 2698; x_wconf 88' lang='lat' dir='ltr'>salutem</span> <span class='ocrx_word' id='word_1_222' title='bbox 1008 2679 1018 2689; x_wconf 92' lang='lat'><strong>·</strong></span> <span class='ocrx_word' id='word_1_223' title='bbox 1059 2649 1195 2708; x_wconf 87' lang='lat' dir='ltr'>Quia</span> <span class='ocrx_word' id='word_1_224' title='bbox 1228 2651 1282 2699; x_wconf 92' lang='lat' dir='ltr'>in</span> <span class='ocrx_word' id='word_1_225' title='bbox 1318 2651 1650 2716; x_wconf 90' lang='lat' dir='ltr'>parliamento</span> <span class='ocrx_word' id='word_1_226' title='bbox 1685 2652 1852 2701; x_wconf 90' lang='lat' dir='ltr'>nostro</span> <span class='ocrx_word' id='word_1_227' title='bbox 1879 2654 2052 2703; x_wconf 91' lang='lat' dir='ltr'>vltimo</span> <span class='ocrx_word' id='word_1_228' title='bbox 2088 2665 2226 2705; x_wconf 88' lang='lat' dir='ltr'>tento</span> 
     </span>
     <span class='ocr_line' id='line_1_24' title="bbox 159 2738 2227 2813; baseline 0.005 -26"><span class='ocrx_word' id='word_1_229' title='bbox 159 2740 291 2804; x_wconf 90' lang='lat' dir='ltr'>apud</span> <span class='ocrx_word' id='word_1_230' title='bbox 319 2738 531 2789; x_wconf 88' lang='lat' dir='ltr'>Sconam</span> <span class='ocrx_word' id='word_1_231' title='bbox 561 2741 695 2790; x_wconf 91' lang='lat' dir='ltr'>inter</span> <span class='ocrx_word' id='word_1_232' title='bbox 720 2741 819 2790; x_wconf 88' lang='lat' dir='ltr'>alia</span> <span class='ocrx_word' id='word_1_233' title='bbox 842 2742 974 2791; x_wconf 58' lang='lat' dir='ltr'>faeta</span> <span class='ocrx_word' id='word_1_234' title='bbox 1003 2742 1098 2792; x_wconf 89' lang='lat' dir='ltr'>fuit</span> <span class='ocrx_word' id='word_1_235' title='bbox 1132 2744 1332 2808; x_wconf 87' lang='lat' dir='ltr'>presens</span> <span class='ocrx_word' id='word_1_236' title='bbox 1368 2744 1627 2794; x_wconf 88' lang='lat' dir='ltr'>ordinacio</span> <span class='ocrx_word' id='word_1_237' title='bbox 1664 2746 1804 2795; x_wconf 90' lang='lat' dir='ltr'>cuius</span> <span class='ocrx_word' id='word_1_238' title='bbox 1841 2754 1984 2795; x_wconf 88' lang='lat' dir='ltr'>tenor</span> <span class='ocrx_word' id='word_1_239' title='bbox 2008 2748 2227 2813; x_wconf 86' lang='lat' dir='ltr'>sequitur</span> 
     </span>
     <span class='ocr_line' id='line_1_25' title="bbox 159 2831 2226 2905; baseline 0.004 -25"><span class='ocrx_word' id='word_1_240' title='bbox 159 2872 168 2880; x_wconf 92' lang='lat'><strong>.</strong></span> <span class='ocrx_word' id='word_1_241' title='bbox 207 2871 216 2880; x_wconf 90' lang='lat'><strong>.</strong></span> <span class='ocrx_word' id='word_1_242' title='bbox 255 2871 264 2880; x_wconf 94' lang='lat'><strong>.</strong></span> <span class='ocrx_word' id='word_1_243' title='bbox 302 2831 363 2879; x_wconf 93' lang='lat' dir='ltr'>In</span> <span class='ocrx_word' id='word_1_244' title='bbox 387 2832 717 2896; x_wconf 85' lang='lat' dir='ltr'>parliamento</span> <span class='ocrx_word' id='word_1_245' title='bbox 753 2872 763 2882; x_wconf 90' lang='lat'>.</span> <span class='ocrx_word' id='word_1_246' title='bbox 803 2873 812 2883; x_wconf 96' lang='lat'>.</span> <span class='ocrx_word' id='word_1_247' title='bbox 849 2874 859 2883; x_wconf 92' lang='lat'>.</span> <span class='ocrx_word' id='word_1_248' title='bbox 896 2835 1030 2900; x_wconf 87' lang='lat' dir='ltr'>regis</span> <span class='ocrx_word' id='word_1_249' title='bbox 1069 2835 1279 2886; x_wconf 88' lang='lat' dir='ltr'>Roberti</span> <span class='ocrx_word' id='word_1_250' title='bbox 1316 2837 1462 2886; x_wconf 89' lang='lat' dir='ltr'>tercii</span> <span class='ocrx_word' id='word_1_251' title='bbox 1498 2846 1638 2888; x_wconf 93' lang='lat' dir='ltr'>tento</span> <span class='ocrx_word' id='word_1_252' title='bbox 1676 2841 1809 2905; x_wconf 91' lang='lat' dir='ltr'>apud</span> <span class='ocrx_word' id='word_1_253' title='bbox 1849 2839 2058 2890; x_wconf 89' lang='lat' dir='ltr'>Sconam</span> <span class='ocrx_word' id='word_1_254' title='bbox 2097 2859 2226 2891; x_wconf 89' lang='lat' dir='ltr'>anno</span> 
     </span>
     <span class='ocr_line' id='line_1_26' title="bbox 158 2924 2226 2998; baseline 0.005 -23"><span class='ocrx_word' id='word_1_255' title='bbox 158 2925 366 2975; x_wconf 91' lang='lat' dir='ltr'>Domini</span> <span class='ocrx_word' id='word_1_256' title='bbox 388 2924 646 2974; x_wconf 89' lang='lat' dir='ltr'>millefimo</span> <span class='ocrx_word' id='word_1_257' title='bbox 672 2928 1159 2994; x_wconf 76' lang='lat' dir='ltr'>quadringentesimo</span> <span class='ocrx_word' id='word_1_258' title='bbox 1186 2937 1236 2979; x_wconf 93' lang='lat' dir='ltr'>et</span> <span class='ocrx_word' id='word_1_259' title='bbox 1259 2930 1406 2996; x_wconf 88' lang='lat' dir='ltr'>regni</span> <span class='ocrx_word' id='word_1_260' title='bbox 1430 2931 1503 2979; x_wconf 89' lang='lat' dir='ltr'>sui</span> <span class='ocrx_word' id='word_1_261' title='bbox 1526 2932 1595 2980; x_wconf 84' lang='lat' dir='ltr'>xi⁰</span> <span class='ocrx_word' id='word_1_262' title='bbox 1617 2950 1781 2997; x_wconf 63' lang='lat' dir='ltr'>penes&gt;</span> <span class='ocrx_word' id='word_1_263' title='bbox 1796 2934 2050 2998; x_wconf 90' lang='lat' dir='ltr'>querelam</span> <span class='ocrx_word' id='word_1_264' title='bbox 2075 2937 2226 2985; x_wconf 85' lang='lat' dir='ltr'>exibi·</span> 
     </span>
     <span class='ocr_line' id='line_1_27' title="bbox 158 3019 2227 3083; baseline 0.006 -18"><span class='ocrx_word' id='word_1_265' title='bbox 158 3028 259 3066; x_wconf 86' lang='lat' dir='ltr'>tam</span> <span class='ocrx_word' id='word_1_266' title='bbox 301 3035 393 3083; x_wconf 92' lang='lat' dir='ltr'>pro</span> <span class='ocrx_word' id='word_1_267' title='bbox 431 3025 574 3082; x_wconf 88' lang='lat' dir='ltr'>parte</span> <span class='ocrx_word' id='word_1_268' title='bbox 612 3019 803 3068; x_wconf 88' lang='lat' dir='ltr'>abbatis</span> <span class='ocrx_word' id='word_1_269' title='bbox 840 3028 890 3069; x_wconf 88' lang='lat' dir='ltr'>et</span> <span class='ocrx_word' id='word_1_270' title='bbox 928 3030 1205 3071; x_wconf 87' lang='lat' dir='ltr'>conuentus</span> <span class='ocrx_word' id='word_1_271' title='bbox 1247 3061 1256 3071; x_wconf 92' lang='lat'>.</span> <span class='ocrx_word' id='word_1_272' title='bbox 1304 3064 1312 3073; x_wconf 88' lang='lat'><strong>.</strong></span> <span class='ocrx_word' id='word_1_273' title='bbox 1362 3061 1371 3071; x_wconf 89' lang='lat'><strong>.</strong></span> <span class='ocrx_word' id='word_1_274' title='bbox 1415 3023 1477 3072; x_wconf 92' lang='lat' dir='ltr'>de</span> <span class='ocrx_word' id='word_1_275' title='bbox 1513 3024 1852 3075; x_wconf 91' lang='lat' dir='ltr'>Abirbrothoc</span> <span class='ocrx_word' id='word_1_276' title='bbox 1889 3028 2227 3077; x_wconf 85' lang='lat' dir='ltr'>continentem</span> 
     </span>
     <span class='ocr_line' id='line_1_28' title="bbox 157 3111 2222 3184; baseline 0.005 -24"><span class='ocrx_word' id='word_1_277' title='bbox 157 3113 290 3178; x_wconf 92' lang='lat' dir='ltr'>quod</span> <span class='ocrx_word' id='word_1_278' title='bbox 316 3111 399 3160; x_wconf 90' lang='lat' dir='ltr'>vbi</span> <span class='ocrx_word' id='word_1_279' title='bbox 422 3111 664 3160; x_wconf 89' lang='lat' dir='ltr'>infeodati</span> <span class='ocrx_word' id='word_1_280' title='bbox 691 3122 834 3163; x_wconf 84' lang='lat' dir='ltr'>erant</span> <span class='ocrx_word' id='word_1_281' title='bbox 865 3131 956 3179; x_wconf 86' lang='lat' dir='ltr'>per</span> <span class='ocrx_word' id='word_1_282' title='bbox 997 3156 1008 3167; x_wconf 91' lang='lat'><strong>.</strong></span> <span class='ocrx_word' id='word_1_283' title='bbox 1050 3153 1061 3165; x_wconf 83' lang='lat'><strong>.</strong></span> <span class='ocrx_word' id='word_1_284' title='bbox 1105 3154 1115 3165; x_wconf 86' lang='lat'><strong>.</strong></span> <span class='ocrx_word' id='word_1_285' title='bbox 1158 3134 1302 3182; x_wconf 87' lang='lat' dir='ltr'>reges</span> <span class='ocrx_word' id='word_1_286' title='bbox 1330 3115 1615 3167; x_wconf 89' lang='lat' dir='ltr'>Scottorum</span> <span class='ocrx_word' id='word_1_287' title='bbox 1640 3120 1702 3168; x_wconf 88' lang='lat' dir='ltr'>de</span> <span class='ocrx_word' id='word_1_288' title='bbox 1727 3129 1940 3184; x_wconf 89' lang='lat' dir='ltr'>quatuor</span> <span class='ocrx_word' id='word_1_289' title='bbox 1964 3123 2144 3170; x_wconf 90' lang='lat' dir='ltr'>marcis</span> <span class='ocrx_word' id='word_1_290' title='bbox 2173 3123 2222 3170; x_wconf 91' lang='lat' dir='ltr'>in</span> 
     </span>
     <span class='ocr_line' id='line_1_29' title="bbox 151 3204 2223 3271; baseline 0.003 -17"><span class='ocrx_word' id='word_1_291' title='bbox 151 3223 328 3271; x_wconf 89' lang='lat' dir='ltr'>puram</span> <span class='ocrx_word' id='word_1_292' title='bbox 369 3244 378 3253; x_wconf 93' lang='lat'><strong>.</strong></span> <span class='ocrx_word' id='word_1_293' title='bbox 424 3242 434 3253; x_wconf 86' lang='lat'><strong>.</strong></span> <span class='ocrx_word' id='word_1_294' title='bbox 482 3244 490 3252; x_wconf 95' lang='lat'><strong><em>.</em></strong></span> <span class='ocrx_word' id='word_1_295' title='bbox 537 3204 851 3255; x_wconf 75' lang='lat' dir='ltr'>elemosinam</span> <span class='ocrx_word' id='word_1_296' title='bbox 895 3208 1153 3257; x_wconf 89' lang='lat' dir='ltr'>annuatim</span> <span class='ocrx_word' id='word_1_297' title='bbox 1186 3209 1417 3258; x_wconf 91' lang='lat' dir='ltr'>leuandis</span> <span class='ocrx_word' id='word_1_298' title='bbox 1469 3249 1478 3259; x_wconf 94' lang='lat'>.</span> <span class='ocrx_word' id='word_1_299' title='bbox 1525 3250 1534 3259; x_wconf 92' lang='lat'><strong>.</strong></span> <span class='ocrx_word' id='word_1_300' title='bbox 1583 3250 1593 3259; x_wconf 94' lang='lat'><em>.</em></span> <span class='ocrx_word' id='word_1_301' title='bbox 1636 3212 1698 3260; x_wconf 94' lang='lat' dir='ltr'>de</span> <span class='ocrx_word' id='word_1_302' title='bbox 1736 3212 1882 3260; x_wconf 87' lang='lat' dir='ltr'>terris</span> <span class='ocrx_word' id='word_1_303' title='bbox 1918 3213 2126 3262; x_wconf 89' lang='lat' dir='ltr'>dominii</span> <span class='ocrx_word' id='word_1_304' title='bbox 2163 3214 2223 3261; x_wconf 91' lang='lat' dir='ltr'>de</span> 
     </span>
    </p>
   </div>
  </div>
 </body>
</html>
