2586 3834
54 1573 148 1617 514

650 352 1075 402 REGISTRUM
1108 351 1205 400 DE
1242 351 1797 405 ABERBROTHOC.
2143 368 2239 411 405

204 484 477 533 molendini
501 491 550 532 et
576 485 749 549 cymbe
774 501 903 531 xxxv
929 502 951 532 s
976 484 1061 532 viii
1086 485 1119 532 d
1157 522 1167 531 .
1205 521 1215 532 .
1250 522 1260 532 .
1306 494 1500 535 monet-e
1535 525 1544 534 .
1582 525 1591 534 .
1634 525 1643 534 .
1683 487 1854 536 Scocie
1880 491 1943 537 ad
1975 528 1985 538 .
2025 529 2034 538 .
2072 530 2081 539 .
2119 494 2238 541 festa

206 614 217 624 .
249 614 259 624 .
297 613 308 623 .
341 575 691 624 Penthecostes
728 583 776 623 et
815 574 981 624 Sancti
1017 574 1226 623 Martini
1271 614 1280 624 .
1323 617 1331 625 .
1375 615 1385 625 .
1429 596 1540 626 cum
1566 580 1820 629 omnibus.
1863 619 1873 629 .
1918 622 1926 630 .
1970 583 2238 632 husbando—

202 685 311 715 rum
337 667 568 716 oneribus
604 706 613 716 .
652 707 662 715 .
705 706 713 715 .
754 675 802 714 et
837 683 929 730 pro
963 666 1184 730 piscariis
1211 704 1221 714 .
1265 705 1275 715 .
1316 705 1326 715 .
1366 669 1447 716 xvi
1468 670 1706 719 barrellas
1731 672 1997 721 salmonum
2022 675 2237 723 dulcium

202 760 463 807 rubrorum
498 758 778 806 sufficientis
813 757 1121 806 mercimonii
1148 759 1209 806 de
1238 761 1484 807 communi
1519 762 1746 810 mensura
1780 764 1923 829 burgi
1956 766 2017 813 de
2042 766 2237 832 Abbyr-

202 851 328 897 dene
361 850 423 897 ad
460 850 581 898 duos
617 849 736 897 anni
767 848 1002 897 terminos
1030 848 1268 897 salmones
1303 850 1522 899 soluendi
1558 854 1811 902 consuetos
1842 855 2073 905 videlicet
2116 858 2237 906 festa

202 939 493 988 Natiuitatis
529 938 695 988 San&i
732 938 767 987 J
770 938 976 987 ohannis
1014 939 1222 1003 baptiste
1258 949 1307 989 et
1342 944 1404 990 ad
1440 944 1638 993 vincula
1677 946 1842 995 Sancti
1880 947 2016 996 Petri
2054 976 2063 984 ·
2099 950 2164 998 Et
2203 952 2234 998 fi

201 1030 317 1079 dicti
345 1030 485 1095 [etc.]
529 1068 539 1078 .
582 1068 594 1080 .
633 1068 644 1079 .
683 1030 838 1094 Apud
879 1068 889 1078 .
930 1067 940 1077 .
981 1067 991 1077 .
1040 1031 1308 1095 capitulum
1335 1035 1504 1084 vltimo
1530 1037 1608 1085 die
1633 1037 1807 1086 menfis
1843 1039 2071 1089 «Ianuarii
2107 1059 2235 1090 anno

200 1121 406 1169 Domini
429 1120 682 1169 millesimo
708 1120 1096 1186 quingentefimo
1121 1123 1326 1173 decimo.

201 1372 445 1457 Grangie
471 1393 531 1440 de
559 1392 770 1442 Connan
793 1395 967 1441 o&aua
989 1407 1104 1456 pars
1129 1408 1240 1440 cum
1265 1393 1469 1442 decimis
1493 1395 1732 1442 affedatur
1759 1395 2011 1444 Willelmo
2036 1397 2182 1445 Brax.

202 1614 213 1625 .
259 1615 269 1625 .
315 1613 326 1623 .
365 1576 541 1625 Pateat
580 1613 589 1623 .
634 1613 644 1623 .
686 1612 697 1622 .
744 1593 834 1623 nos
859 1575 1130 1641 Georgium
1157 1612 1167 1621 .
1212 1613 1221 1622 .
1266 1613 1276 1623 .
1322 1575 1547 1623 abbatem
1587 1614 1596 1623 .
1647 1615 1656 1623 .
1705 1615 1714 1624 .
1759 1578 1819 1624 dc
1843 1577 2062 1625 Arbroth
2105 1616 2114 1625 .
2165 1616 2174 1625 .
2224 1615 2234 1624 .

199 1666 422 1716 affedaffe
473 1704 483 1714 .
534 1704 544 1714 .
596 1704 606 1714 .
658 1666 911 1715 Willelmo
936 1667 1069 1715 Brax
1094 1694 1104 1704 ·
1145 1666 1254 1715 Effe
1292 1665 1410 1715 Scot
1434 1667 1602 1731 sponse
1627 1669 1707 1715 sue
1744 1669 1978 1716 moderno
2015 1696 2024 1706 ·
2064 1676 2111 1717 et
2134 1670 2234 1717 filio

204 1761 288 1807 suo
312 1758 482 1807 Dauid
505 1758 638 1806 Brax
682 1795 691 1805 .
734 1795 744 1805 .
766 1824 768 1826 v
787 1796 797 1806 .
839 1775 930 1822 pro
955 1766 1058 1807 toto
1081 1766 1301 1822 tempore
1327 1758 1427 1806 vite
1465 1796 1473 1805 .
1511 1792 1521 1802 .
1562 1795 1571 1804 .
1608 1761 1830 1807 octauam
1859 1767 2049 1823 partem
2073 1759 2235 1808 nostre

205 1851 428 1915 Grangie
448 1852 508 1899 de
530 1850 740 1900 Connan
760 1868 872 1899 cum
891 1850 1094 1899 decimis
1111 1848 1394 1915 garbalibus
1429 1886 1438 1895 .
1480 1887 1489 1896 .
1531 1887 1541 1896 .
1577 1867 1633 1897 ac
1667 1886 1676 1896 .
1713 1888 1722 1897 .
1759 1887 1768 1897 .
1799 1850 2114 1914 pertinenciis
2142 1887 2152 1897 .
2182 1889 2191 1897 .
2222 1889 2232 1898 .

200 1943 376 2006 quibus
420 1979 430 1989 .
471 1980 481 1990 .
525 1979 534 1989 .
572 1940 852 1990 Willelmus
896 1979 906 1989 .
952 1978 963 1989 .
1006 1978 1017 1988 .
1059 1941 1307 2006 gaudebat
1332 1947 1551 2003 tempore
1578 1941 1897 1988 confefflonis
1920 1942 2057 1989 istius
2093 1970 2103 1979 ·
2140 1948 2234 1989 ter-

198 2035 331 2082 mino
361 2050 475 2082 vero
499 2033 731 2082 introitus
772 2070 782 2080 .
826 2070 835 2079 .
883 2069 892 2079 .
938 2032 1208 2096 incipiente
1234 2032 1313 2080 die
1339 2031 1451 2079 date
1487 2032 1795 2094 presencium
1835 2070 1844 2079 .
1886 2070 1895 2079 .
1937 2071 1946 2079 .
1989 2032 2233 2081 Soluendo

253 2161 263 2171 .
304 2162 314 2172 .
353 2124 530 2189 viginti
570 2123 748 2171 solidos
806 2159 817 2170 .
863 2160 873 2170 .
918 2160 928 2170 .
973 2130 1168 2172 monete
1213 2160 1223 2170 .
1270 2159 1280 2169 .
1321 2160 1332 2170 .
1377 2121 1548 2170 Scocie
1587 2124 1650 2170 ad
1686 2162 1694 2170 .
1733 2161 1742 2170 .
1781 2162 1789 2170 .
1827 2123 1946 2171 festa
1978 2162 1986 2170 .
2020 2162 2028 2170 .
2063 2162 2071 2170 .
2110 2124 2232 2173 Pen-

199 2215 405 2265 tecostes
447 2223 496 2263 et
537 2213 705 2264 Sancti
743 2213 952 2262 Martini
988 2254 997 2262 .
1033 2253 1041 2261 .
1079 2252 1087 2261 .
1125 2221 1174 2262 et
1211 2216 1317 2261 octo
1356 2213 1513 2261 bollas
1552 2214 1690 2261 ordei
1726 2241 1735 2249 ·
1770 2231 1947 2261 nouem
1990 2213 2143 2261 bollas
2184 2221 2231 2261 et

201 2308 320 2354 duas
343 2306 530 2354 firlotas
556 2304 826 2352 communis
852 2304 1009 2352 farine
1042 2332 1051 2340 ·
1082 2313 1130 2352 et
1154 2304 1407 2353 dimidiam
1432 2304 1612 2352 hollam
1638 2304 1746 2352 albe
1771 2304 1927 2352 farine
1960 2333 1969 2343 ·
2007 2304 2228 2352 mensure

199 2397 294 2444 fori
331 2396 577 2445 currentis
613 2396 673 2444 ad
707 2395 943 2443 terminos
977 2433 986 2442 .
1021 2434 1029 2443 .
1066 2432 1076 2442 .
1115 2396 1369 2444 consuetos
1396 2412 1602 2444 vnacum
1636 2402 1860 2459 rynmart
1884 2402 1932 2441 et
1956 2395 2155 2458 weddyr
2180 2403 2226 2442 et

200 2488 425 2535 omnibus
450 2487 558 2535 aliis
580 2487 938 2534 husbandorum
966 2486 1194 2534 oneribus
1230 2524 1239 2533 .
1278 2523 1287 2533 .
1324 2523 1335 2533 .
1370 2485 1434 2534 Et
1460 2486 1494 2533 fi
1520 2486 1773 2550 contingat
1797 2485 1930 2549 [ete]
1960 2524 1969 2532 .
1999 2522 2009 2532 .
2039 2522 2049 2532 .
2076 2485 2226 2548 Apud

248 2615 258 2624 .
298 2615 308 2625 .
348 2578 618 2642 capitulum
648 2577 839 2625 decimo
871 2577 951 2625 die
982 2576 1156 2626 menfis
1191 2576 1377 2641 Aprilis
1409 2593 1537 2624 anno
1569 2576 1773 2624 Domini
1809 2575 2060 2624 millefimo
2089 2577 2226 2638 quin-

200 2668 462 2732 gentefimo
489 2668 762 2718 vndecimo.
