2742 3848
652 371 1079 422 REGISTRUM
1117 370 1215 419 DE
1257 370 1816 422 ABERBROTHOC.
2176 379 2273 427 459

53 601 147 651 634
206 579 401 652 lxbbas
433 601 616 650 affedat
651 618 741 665 pro
778 600 1111 649 nouendecim
1148 599 1291 648 annis
1324 599 1545 648 Ricardo
1585 599 1822 664 Dowglas
1860 600 1921 648 de
1960 599 2191 648 Bodeleis
2229 610 2276 649 et

205 693 300 741 suis
326 692 577 759 affignatis
615 724 624 733 ·
660 694 894 742 videlicet
930 721 941 733 ·
976 693 1160 758 -Egidie
1188 675 1302 741 Tod
1337 692 1509 757 sponse
1535 692 1617 741 sue
1640 699 1688 741 et
1715 691 2003 758 Margarete
2040 692 2278 757 Dowglas

205 785 361 833 sorori
387 788 469 834 sue
495 795 544 834 et
569 786 604 834 J
608 786 794 835 ohanni
821 786 1060 851 Dowglas
1085 785 1187 833 filio
1213 786 1382 835 fratris
1410 786 1479 834 sui
1515 813 1527 824 ·
1565 786 1824 834 dimidiam
1847 794 2041 851 partem
2069 786 2185 835 ville
2219 787 2279 834 de

207 879 502 945 Newbegyn
539 897 651 928 cum
690 879 894 928 decimis
927 878 1212 944 garbalibus
1240 896 1451 927 vnacum
1485 879 1692 927 dimidia
1727 887 1870 944 parte
1908 879 2182 927 molendini
2219 880 2280 927 de

208 972 568 1038 Kyrktonmyll
611 981 660 1021 et
703 972 909 1021 decimis
949 1000 958 1009 ·
999 989 1120 1037 quas
1168 972 1402 1020 dimidias
1449 980 1617 1036 partes
1666 989 1778 1020 cum
1818 972 2024 1021 decimis
2060 969 2283 1037 predicta

210 1065 394 1130 Egidia
416 1065 590 1114 habuit
615 1066 666 1114 in
694 1065 1003 1114 affedacione
1027 1082 1119 1129 pro
1145 1066 1475 1114 nouendecim
1503 1066 1647 1114 annis
1685 1095 1695 1105 ·
1735 1065 2004 1114 Tenendas
2032 1083 2142 1115 cum
2182 1066 2283 1114 edi-

210 1159 335 1207 ficiis
372 1160 581 1224 desuper
618 1158 913 1208 constructis
939 1167 988 1208 et
1014 1158 1125 1207 aliis
1161 1159 1486 1223 pertinenciis
1523 1158 1646 1208 ficut
1679 1159 1794 1207 olim
1835 1159 2056 1208 Thomas
2091 1159 2283 1225 Ogston

210 1253 245 1301 J
249 1253 432 1301 acobus
461 1253 662 1319 Gyffort
688 1260 737 1302 et
763 1253 894 1302 dicta
917 1252 1100 1316 Egidia
1125 1252 1305 1300 eisdem
1331 1252 1619 1317 gaudebant
1642 1280 1653 1291 ·
1682 1252 1935 1302 Soluendo
1961 1270 2052 1317 pro
2078 1252 2285 1300 dimidia

211 1355 353 1411 parte
374 1348 435 1396 de
460 1347 754 1412 Newbegyn
782 1354 831 1394 et
856 1346 1163 1394 decimarum
1182 1346 1402 1410 quinque
1426 1345 1585 1394 bollas
1612 1354 1660 1395 et
1686 1346 1940 1394 dimidiam
1963 1346 2144 1395 bollam
2173 1364 2283 1394 cuni

214 1441 405 1488 duobus
430 1440 476 1504 ly
489 1440 672 1505 pecqus
692 1439 927 1488 frumenti
954 1465 963 1475 ·
987 1438 1207 1503 quinque
1234 1438 1390 1488 bollas
1407 1447 1456 1488 et
1475 1439 1731 1488 dimidiam
1757 1440 1937 1488 hollam
1963 1457 2073 1489 cum
2096 1441 2286 1488 duobus

214 1534 261 1597 ly
283 1533 462 1598 peclqys
498 1532 639 1580 ordei
679 1561 688 1570 ·
735 1540 784 1581 et
818 1532 1040 1597 quinque
1083 1531 1240 1580 bollas
1271 1542 1320 1581 et
1353 1532 1609 1581 dimidiam
1644 1532 1828 1581 hollam
1865 1550 1975 1581 cum
2013 1533 2204 1581 duobus
2242 1534 2287 1597 le]

207 1628 392 1692 peckys
415 1627 575 1675 farine
602 1627 828 1675 mensure
855 1626 950 1674 fori
974 1626 1222 1674 currentis
1259 1626 1320 1674 de
1357 1625 1555 1674 mundis
1584 1625 1723 1690 puris
1749 1634 1798 1674 et
1824 1626 1969 1674 bonis
1995 1626 2286 1675 vit-tualibus

216 1721 279 1768 ad
305 1719 544 1768 terminos
571 1718 803 1767 victualia
829 1718 1054 1766 soluendi
1081 1747 1091 1757 ·
1119 1726 1166 1767 et
1193 1719 1455 1768 cellerario
1482 1719 1655 1768 decem
1682 1720 1862 1768 soiidos
1887 1728 2085 1769 monete
2114 1719 2288 1770 Scocie

215 1813 278 1862 ad
304 1813 542 1862 terminos
569 1812 759 1861 vsuales
797 1841 807 1851 ·
846 1829 904 1860 ac
929 1829 1019 1876 pro
1045 1811 1188 1860 firma
1213 1811 1417 1860 dimidie
1443 1812 1599 1877 partis
1623 1812 1897 1861 molendini
1936 1830 2046 1861 cum
2084 1814 2289 1861 decimis

218 1909 327 1954 oct-o
353 1906 505 1955 libras
530 1913 727 1954 monete
757 1904 932 1955 Scocie
958 1905 1022 1953 ad
1048 1904 1287 1954 terminos
1316 1905 1505 1955 vsuales
1531 1913 1580 1955 et
1605 1907 1776 1955 decem
1799 1907 1978 1955 solidos
2003 1908 2199 1956 sacriste
2226 1909 2287 1956 ad

218 1998 395 2047 festum
445 1999 631 2047 Pasche
681 2027 691 2037 ·
741 2015 952 2047 vnacum
1010 1998 1120 2047 aliis
1175 1998 1409 2047 oneribus
1458 2007 1507 2047 ct
1554 1998 1776 2047 seruiciis
1826 2029 1834 2037 ·
1887 2016 1997 2048 cum
2047 2000 2287 2065 potestate

217 2185 448 2234 faciendo
474 2202 787 2234 communem
817 2185 993 2233 seaam
1021 2186 1084 2234 ad
1111 2185 1275 2234 curias
1301 2192 1350 2234 et
1374 2184 1561 2249 placita
1596 2184 1882 2234 monasterii
1915 2215 1924 2224 ·
1960 2186 2025 2235 '26
2053 2185 2287 2235 Octobris

222 2277 368 2327 1526.

138 2592 147 2603 ·
220 2537 372 2609 Idem
399 2561 649 2624 presentat
675 2559 962 2626 magistrum
989 2560 1237 2610 'rhomam
1260 2561 1464 2611 Cowltis
1489 2562 1747 2611 officialem
1776 2562 2131 2611 Sanffiandree
2157 2563 2287 2610 infra

221 2652 683 2702 archidiaconatum
710 2652 971 2701 Laudonie
998 2654 1061 2701 ad
1087 2653 1324 2703 vicariam
1349 2662 1644 2719 perpetuam
1669 2655 1873 2704 ecclesie
1899 2655 2199 2720 parochialis
2226 2657 2285 2703 de

218 2745 575 2794 Abirkerdowr
596 2745 925 2795 Morauienfis
944 2746 1149 2795 diocesis
1170 2765 1281 2796 cum
1303 2765 1481 2797 vacare
1503 2748 1769 2812 contigerit
1789 2765 1877 2813 per
1897 2747 2283 2813 refignacionem

219 2837 407 2886 domini
433 2837 604 2886 Dauid
633 2837 882 2888 Cristeson
909 2866 919 2876 ·
945 2843 1004 2887 21
1035 2839 1331 2889 Decembris
1360 2839 1502 2890 1526.

220 3094 375 3166 Idem
399 3117 581 3166 ass'edat
605 3134 696 3181 pro
721 3117 1052 3166 nouendecim
1077 3118 1220 3166 annis
1245 3119 1450 3167 Andree
1485 3118 1702 3168 Moncur
1728 3121 1789 3168 de
1815 3120 2000 3185 Manys
2026 3128 2073 3169 et
2099 3120 2133 3167 J
2137 3128 2281 3167 onete

223 3207 413 3274 Graym
437 3208 520 3257 sue
546 3208 714 3273 sponse
741 3218 790 3259 et
811 3209 905 3258 suis
932 3208 1181 3275 affignatis
1200 3227 1300 3258 non
1321 3210 1523 3259 maioris
1549 3210 1699 3259 status
1725 3219 1882 3260 terras
1908 3212 1969 3259 de
1995 3210 2282 3275 Katyrlyng

219 2092 509 2157 imponendi
565 2100 613 2140 et.
664 2091 947 2156 expellendi
995 2092 1232 2141 cottarios
1286 2099 1335 2140 et
1388 2091 1777 2141 molendinarios
1826 2094 1887 2141 ad
1937 2093 2132 2142 libitum
2182 2121 2191 2131 ·
2240 2103 2288 2141 et
2389 2120 2392 2124 ⁴
