2762 3834
15 807 21 902 ³

21 1393 27 1501 1

22 1543 28 1705 ἒ

32 2420 129 2474 ,357

616 364 1041 415 REGISTRUM
1075 365 1172 416 DE
1211 365 1763 423 A'BERBROTHOC.
2108 386 2208 437 293

172 495 392 560 publicas
431 495 630 560 fingulis
669 496 811 544 annis
849 497 902 544 in
937 497 1059 545 festo
1105 534 1118 546 .
1163 533 1175 546 .
1221 534 1232 546 .
1279 497 1445 548 Sancti
1479 500 1647 550 Fotini
1673 521 1783 552 cum
1807 513 2015 569 quatuor
2040 510 2208 559 diebus

172 587 286 635 inde
309 586 546 651 proximis
571 587 886 650 sequentibus
904 605 1016 636 cum
1036 589 1310 639 theoloneis
1335 599 1385 639 et
1410 592 1634 642 omnibus
1657 594 1965 646 libertatibus
1989 599 2052 647 ad
2091 636 2102 647 .
2143 637 2154 649 .
2197 640 2207 649 .

173 678 419 727 nundinas
443 678 773 742 spe&antibus
800 716 811 727 .
840 716 851 727 .
879 716 890 727 .
917 678 979 727 In
1005 679 1142 728 cuius
1167 681 1240 728 rei
1276 681 1606 732 testimonium
1641 687 1860 750 presente
1894 697 2027 738 carte
2051 691 2211 740 nostre

173 787 406 834 magnum
447 769 655 834 figillum
702 769 921 820 nostrum
964 771 1147 835 apponi
1186 772 1494 837 precepimus
1532 811 1542 823 .
1582 812 1593 823 .
1631 813 1643 824 .
1680 777 1829 842 Apud
1868 780 2213 830 monasterium

174 861 393 912 nostrum
424 861 485 912 de
523 861 872 910 Abirbrothok
907 862 1169 911 vndecimo
1205 863 1285 911 die
1320 865 1495 913 menfis
1527 864 1817 917 Decembris
1848 888 1977 919 anno
2007 871 2211 921 Domini

167 952 426 1005 ,millefimo
452 951 934 1018 quadringentesimo
959 953 1273 1019 nonagesimo
1299 955 1470 1019 quinto
1496 965 1544 1006 et
1567 959 1710 1023 regni
1733 960 1884 1009 nostri
1909 964 2093 1014 offano,

179 1203 533 1291 Strathechyn
556 1224 868 1289 presentatur
891 1223 1123 1288 magister
1148 1223 1440 1274 Alexander
1464 1226 1687 1293 Gardyn.

177 1443 188 1454 .
226 1443 239 1455 .
279 1442 290 1455 .
329 1406 583 1457 Willelmo
627 1443 638 1455 .
683 1443 695 1455 .
737 1444 747 1454 .
788 1406 1160 1471 archiepiscopo
1185 1405 1350 1455 Sanffl
1373 1406 1578 1458 Andree
1608 1408 1806 1473 primati
1832 1427 1889 1459 ac
1912 1411 2073 1477 legato
2097 1420 2212 1466 nato

175 1537 184 1548 .
222 1538 231 1547 .
264 1538 273 1548 .
311 1499 484 1550 Scocie
510 1499 682 1548 Dauid
705 1500 856 1548 abbas
883 1535 894 1548 .
923 1536 934 1548 .
963 1536 975 1548 .
1002 1499 1064 1547 de
1089 1498 1428 1547 Abirbrothoc
1471 1534 1483 1546 .
1528 1536 1539 1547 .
1585 1536 1597 1548 .
1638 1502 1949 1551 reuerencias
1983 1539 1994 1550 .
2033 1540 2044 1551 .
2082 1540 2095 1551 .
2129 1504 2211 1555 Ad

175 1592 410 1641 vicariam
446 1598 738 1656 perpetuam
774 1591 977 1642 ecclefie
1012 1590 1338 1656 parrochialis
1374 1591 1435 1639 de
1471 1590 1927 1658 Erle-strathechyn
1957 1603 2214 1649 vacantem

176 1720 187 1731 .
222 1721 234 1731 .
269 1720 280 1731 .
317 1700 409 1748 per
433 1683 621 1732 obitum
658 1721 668 1731 .
706 1722 716 1731 .
753 1722 762 1732 .
799 1682 1022 1748 magistri
1058 1681 1264 1731 Patricii
1299 1682 1442 1730 Ross'e
1480 1718 1492 1731 .
1530 1720 1540 1730 .
1581 1719 1592 1731 .
1629 1682 1969 1736 Alexandrum
2006 1685 2213 1751 Gardyn

176 1774 412 1824 clericum
456 1773 808 1824 Sanaiandree
850 1773 1056 1823 diocefis
1116 1812 1125 1822 .
1183 1810 1195 1821 .
1252 1812 1262 1821 .
1318 1773 1655 1837 presentamus
1703 1812 1713 1823 .
1762 1813 1771 1823 .
1819 1812 1830 1823 .
1877 1775 2031 1840 Apud
2080 1815 2089 1825 .
2142 1815 2152 1825 .
2204 1815 2213 1824 .

177 1866 525 1915 monasterium
561 1865 788 1915 vicefimo
824 1867 960 1915 sexto
998 1866 1078 1914 die
1119 1865 1294 1913 menfis
1336 1864 1518 1915 Marcii
1561 1882 1691 1917 anno
1731 1866 1938 1920 Domini
1982 1874 2048 1916 m⁰
2084 1876 2215 1918 cccc⁰

177 1958 490 2023 nonagesimo
515 1959 667 2007 sexto.

180 2212 451 2285 Murhous
475 2234 785 2299 presentatur
809 2234 1045 2299 magister
1069 2234 1104 2283 J
1107 2236 1288 2283 acobus
1313 2235 1434 2284 Gra.

181 2459 190 2469 .
233 2459 242 2468 .
285 2458 295 2468 .
335 2418 589 2468 Willelmo
627 2456 636 2466 .
675 2455 685 2466 .
724 2455 735 2466 .
778 2417 1147 2483 archiepiscopo
1195 2417 1545 2470 Sanfflandrce
1582 2455 1592 2464 .
1629 2455 1638 2466 .
1676 2455 1685 2465 .
1722 2416 1892 2467 Scocie
1932 2417 2128 2481 primati
2166 2425 2213 2466 et

183 2511 446 2577 apostolice
488 2511 614 2560 sedis
654 2511 820 2576 legato
871 2548 882 2559 .
933 2548 945 2558 .
994 2549 1004 2559 .
1051 2509 1229 2558 Dauid
1264 2549 1273 2558 .
1314 2549 1326 2558 .
1370 2548 1379 2559 .
1422 2509 1571 2558 abbas
1610 2509 1672 2557 de
1712 2507 2047 2559 Abirbrothoc
2090 2545 2101 2556 .
2145 2545 2156 2556 .
2202 2545 2212 2556 .

182 2604 496 2653 reuerencias
540 2641 550 2651 .
597 2641 608 2653 .
654 2639 667 2651 .
706 2591 1056 2651 Ad'vicariam
1090 2609 1380 2666 perpetuam
1416 2599 1615 2650 ecclefie
1647 2600 1970 2664 parrochialis
1994 2600 2215 2652 deMur-

183 2696 305 2745 hous
339 2734 350 2745 .
388 2733 399 2745 .
438 2734 448 2745 .
486 2703 744 2745 vacantem
779 2713 869 2760 per
893 2702 1103 2744 mortem
1146 2732 1156 2742 .
1203 2732 1214 2743 .
1258 2731 1269 2742 .
1312 2692 1531 2758 magistri
1564 2691 1742 2740 Jacobi
1778 2690 1988 2757 Ramsay
2012 2698 2095 2740 aut
2127 2707 2216 2755 per

183 2789 617 2838 renunciacionem
663 2787 886 2853 magistri
931 2786 1213 2839 Alexandri
1260 2784 1469 2850 Gardyn
1512 2790 1597 2834 aut
1643 2783 1970 2846 cuiuscunque
2016 2781 2213 2831 alterius

183 2880 406 2929 interesse
440 2880 730 2933 habentis.
784 2917 795 2928 .
849 2916 860 2926 .
912 2878 1199 2943 magistrum
1234 2876 1477 2925 Jacobum
1504 2875 1641 2940 Gray
1690 2911 1701 2923 .
1753 2909 1764 2922 .
1812 2911 1824 2922 .
1872 2872 2029 2922 vestre
2078 2910 2088 2922 .
2138 2908 2150 2919 .
2201 2908 2210 2918 .

183 2972 471 3036 paternitati
509 3009 520 3020 .
560 3009 571 3020 .
612 3009 622 3020 .
659 2971 998 3036 presentamus
1042 3007 1052 3018 .
1099 3006 1110 3017 .
1156 3006 1166 3016 .
1209 2968 1362 3032 Apud
1401 2967 1653 3017 ecclefiam
1688 2965 1906 3017 «nostram
1946 2963 2211 3028 predifitam

183 3063 262 3112 die
298 3063 524 3113 vicesimo
560 3062 765 3127 septimo
804 3061 980 3111 mcnfis
1015 3060 1196 3111 Marcii
1233 3077 1362 3110 anno
1399 3058 1602 3109 Domini
1638 3063 1705 3109 111ο
1740 3062 1872 3107 cccc⁰
1905 3055 2210 3120 nonagesimo

184 3155 327 3204 sexto,
