2586 3834
629 374 1065 426 REGISTRUM.
1090 374 1187 423 DE
1222 374 1783 424 ABERBROTHOC.
2131 383 2223 427 431

183 512 263 559 sex
287 509 464 558 solidos
489 516 538 557 et
564 509 673 558 octo
699 508 928 557 denarios
965 537 975 547 ·
1012 514 1244 572 preterea
1279 508 1507 556 ducendo
1543 508 1785 557 monacho
1818 509 2065 557 communi
2099 510 2228 557 inter

169 604 229 651 se
265 601 444 667 viginti
478 600 778 665 plaustratus
812 599 1070 666 glebarum
1106 600 1239 648 infra
1273 600 1621 649 monasterium
1660 627 1671 637 ·
1708 600 1940 649 videlicet
1977 628 1988 639 ·
2028 601 2230 664 quisque

181 711 272 758 pro
308 694 393 742 sua
434 710 552 742 acra
594 692 852 741 dimidium
888 691 1211 755 plaustratum
1247 720 1257 730 ·
1297 709 1507 741 vnacum
1542 692 1679 740 sectis
1716 693 1779 741 ad
1811 692 1972 741 curias
1998 692 2231 756 capitales

183 785 519 835 elemofinarie
544 791 593 833 et
618 784 739 832 alias
765 784 928 832 curias
953 784 1153 848 quando
1178 784 1446 848 premoniti
1471 784 1655 833 fuerint
1679 812 1689 822 ·
1714 788 1778 833 28
1803 784 1985 833 Marcii
2012 788 2155 832 1521.

182 1043 334 1117 Idem
361 1065 541 1114 assedat
564 1077 655 1129 pro
682 1065 854 1113 decem
880 1071 928 1113 et
953 1081 1135 1112 nouem
1170 1065 1315 1113 annis
1339 1064 1588 1113 Willelmo
1614 1065 1865 1114 Andirson
1900 1093 1910 1104 ·
1948 1066 2233 1132 Margarete

187 1158 393 1208 Oleueir
418 1158 498 1206 sue
524 1157 694 1222 sponse
728 1187 738 1197 ·
772 1165 821 1206 et
844 1156 1095 1205 Willelmo
1120 1156 1374 1205 Andirson
1398 1157 1500 1205 filio
1525 1157 1641 1205 dicti
1665 1156 1906 1206 Willelmi
1939 1185 1949 1196 ·
1984 1176 2074 1223 pro
2101 1167 2237 1207 certa

183 1252 370 1300 summa
393 1250 603 1315 pecunie
630 1249 798 1299 villam
824 1249 885 1297 de
912 1248 1214 1299 Northferre
1252 1265 1364 1296 cum
1390 1247 1593 1296 decimis
1617 1248 1899 1313 garbalibus
1937 1278 1947 1288 ·
1988 1248 2235 1298 Soluendo

188 1346 294 1392 oao
317 1343 469 1391 libras
492 1349 691 1392 monete
718 1341 890 1391 Scocie
917 1358 1029 1390 cum
1055 1341 1286 1394 oneribus
1305 1340 1671 1388 husbandorum
1692 1347 1743 1388 vt
1767 1341 1904 1404 prius
1931 1371 1941 1381 ·
1966 1345 2029 1389 28
2055 1339 2236 1389 Marcii
2263 1408 2267 1412 ι

191 1438 336 1483 1521.

191 1689 343 1760 Idem
357 1727 448 1775 pro
465 1718 602 1759 certa
617 1711 802 1759 summa
816 1710 1027 1775 pecunie
1044 1709 1227 1759 affedat
1244 1725 1337 1773 pro
1358 1708 1576 1773 quinque
1593 1709 1734 1757 annis
1753 1708 1946 1757 Thome
1966 1709 2240 1774 Bawfowyr

191 1811 240 1851 et
274 1802 548 1852 Elezabeth
587 1802 775 1868 Ogiluy
812 1803 981 1867 sponse
1017 1804 1100 1850 sue
1136 1801 1326 1866 suisque
1368 1802 1738 1851 subtenentibus
1774 1809 1823 1850 et
1859 1801 2105 1867 affignatis
2142 1819 2242 1849 non

190 1895 391 1943 maioris
416 1894 569 1944 status
594 1896 716 1944 duas
739 1902 907 1960 partes
926 1903 1174 1944 terrarum
1193 1895 1311 1944 ville
1331 1895 1392 1943 de
1412 1894 1714 1944 Northterre
1736 1912 1855 1959 quas
1873 1895 2004 1943 idem
2026 1894 2243 1943 Thomas

188 1988 364 2037 habuit
400 2015 410 2025 ·
446 1995 495 2036 et
529 2005 621 2052 pro
646 1989 817 2036 decem
844 1995 893 2036 et
917 2004 1097 2036 nouem
1123 1987 1266 2035 annis
1292 1987 1501 2036 croftam
1527 1986 1915 2035 elemofinariam
1941 1995 1989 2035 et
2013 1986 2064 2050 ly
2090 1985 2244 2050 Gayst

193 2078 344 2127 Medo
371 2096 482 2127 cum
508 2078 714 2127 decimis
737 2079 1022 2145 garbalibus
1061 2109 1078 2132 ·.v
1114 2079 1364 2129 Soluendo
1398 2097 1489 2145 pro
1526 2079 1829 2129 Northterre
1860 2089 2070 2144 quatuor
2094 2080 2244 2127 libras

194 2172 300 2218 οᾶο
324 2169 504 2218 solidos
524 2170 753 2219 vndecim
779 2171 1010 2220 denarios
1029 2180 1228 2221 monete
1251 2171 1426 2222 Scocie
1452 2180 1501 2220 et
1526 2181 1738 2236 quatuor
1763 2172 1952 2220 celdras
1974 2188 2242 2219 auenarum

193 2262 417 2310 mensure
459 2262 556 2310 fori
597 2263 843 2312 currentis
884 2281 996 2312 cum
1044 2267 1152 2312 0800
1201 2264 1470 2329 caponibus
1518 2271 1567 2312 et
1615 2264 1819 2312 totidem
1866 2263 2014 2326 pullis
2062 2263 2241 2310 adultis

192 2363 416 2420 rynmart
452 2362 501 2403 et
540 2355 732 2420 veddyr
780 2384 790 2394 ·
839 2373 931 2421 pro
980 2357 1140 2406 crofta
1186 2355 1523 2405 elemofinarie
1571 2354 1778 2418 triginta
1823 2353 2001 2401 solidos
2047 2361 2242 2399 monete

199 2445 371 2499 Scocie
397 2446 739 2495 elemosinario
782 2477 792 2486 -
833 2456 884 2497 et
918 2464 1010 2512 pro
1034 2448 1086 2513 ly
1112 2447 1233 2498 Gast
1269 2447 1421 2496 Medo
1446 2454 1545 2495 tres
1569 2445 1725 2493 bollas
1748 2443 1983 2492 frumenti
2017 2443 2241 2491 mensure

197 2538 290 2588 fori
315 2538 559 2587 currentis
583 2538 819 2603 magistro
846 2541 1214 2589 communitatis
1240 2569 1250 2579 ·
1275 2540 1494 2588 Thomas
1519 2544 1568 2586 et
1591 2537 1814 2602 affignati
1839 2536 2105 2600 equitando
2132 2553 2240 2584 cum

199 2631 373 2682 abbate
396 2631 444 2680 le
468 2632 641 2697 bowge
667 2632 958 2697 accipiendo
983 2634 1045 2682 de
1071 2633 1210 2682 curia
1235 2639 1284 2680 et
1308 2632 1457 2680 abbas
1493 2630 1684 2678 eosdem
1709 2629 1979 2678 relaxando
2004 2629 2065 2677 ab
2090 2628 2241 2676 omni-

198 2723 289 2775 bus
311 2722 676 2772 husbandorum
703 2724 936 2773 oneribus
961 2733 1168 2790 excepto
1194 2724 1327 2789 quod
1351 2724 1533 2771 ducent
1569 2721 1821 2769 annuatim
1847 2720 1926 2768 sex
1950 2718 2242 2785 plaustratus

200 2813 455 2878 glebarum
482 2822 531 2864 et
555 2815 636 2864 sex
660 2815 763 2864 feni
799 2823 849 2865 et
882 2817 934 2864 in
972 2817 1198 2865 omnibus
1231 2816 1381 2865 curiis
1416 2814 1689 2880 regalitatis
1725 2813 1900 2862 sectam
1937 2827 2241 2860 communem

202 2904 383 2959 facient
408 2934 417 2944 ·
443 2911 502 2956 31
532 2907 714 2956 Marcii
742 2912 884 2957 1521.
