2762 3834
20 2505 110 2551 230

631 344 1060 396 REGISTRUM
1093 347 1191 396 DE
1227 349 1719 406 ABERBROTHO
1727 356 1780 407 C.
2130 370 2220 415 201

180 477 347 526 licebit
373 477 488 525 eis‘.
517 513 528 526 .
558 514 568 525 .
605 485 765 526 terras
790 495 901 526 cum
928 479 1132 528 decimis
1160 518 1172 529 .
1201 519 1212 530 .
1240 520 1251 532 .
1279 485 1557 551 cuicunque
1596 527 1608 538 .
1636 527 1647 538 .
1676 527 1687 539 .
1725 490 1940 542 affedare
1978 530 1988 541 .
2030 531 2040 542 .
2078 531 2091 543 .
2126 496 2224 546 fine

178 569 344 618 nostra
384 570 598 618 licencia
647 608 658 619 .
699 609 710 620 .
751 608 762 619 .
805 572 1006 621 cotariis
1043 573 1285 624 duntaxat
1324 579 1541 643 exceptis
1578 610 1589 620 ·
1628 581 1870 632 Volumus
1912 592 2075 634 tamen
2114 624 2125 636 .
2163 626 2174 636 .
2214 627 2224 637 .

178 664 308 726 quod
347 699 357 710 .
393 699 403 710 .
444 699 455 710 .
493 662 709 711 habeant
746 700 757 710 .
798 700 809 711 .
849 700 860 711 .
894 664 1187 727 potestatem
1231 670 1460 734 capiendi
1506 674 1672 722 omnia
1708 675 1975 725 necessaria
2012 679 2074 727 de
2099 679 2226 727 dista

179 792 189 803 .
230 793 240 803 .
281 792 290 803 .
328 755 448 804 filua
485 757 548 825 ad
586 755 670 804 sua
705 757 911 821 propria
947 758 1143 807 edificia
1181 759 1311 809 infra
1351 763 1502 811 dietas
1538 802 1548 811 .
1586 802 1596 812 .
1634 803 1644 813 .
1682 773 1839 816 terras
1864 772 2142 834 reparanda
2177 780 2225 820 et

175 849 452 896 edificanda
477 886 487 896 .
518 885 528 896 .
557 885 568 896 .
596 849 668 897 ita
692 850 826 914 quod
850 867 950 897 non
975 850 1125 900 liceat
1151 852 1329 901 eisdem
1358 891 1368 901 .
1401 890 1413 902 .
1447 891 1458 902 .
1491 855 1575 903 alii
1598 857 1804 921 persone
1829 860 1959 909 infra
1981 863 2059 910 vel
2084 871 2222 912 extra

229 978 239 988 .
275 978 286 989 .
323 940 546 990 nostrum
581 942 853 991 dominium
881 943 942 991 de
968 943 1315 1009 Kyncoldrum
1350 945 1516 1010 aliqua
1540 948 1601 996 de
1627 949 1756 998 diaa
1792 988 1803 998 .
1847 989 1857 999 .
1901 989 1912 999 .
1951 951 2070 1002 filua
2106 992 2116 1002 .
2158 993 2168 1003 .
2209 994 2219 1004 .

173 1034 446 1082 concedere
490 1032 590 1082 fine
631 1033 802 1083 nostra
838 1035 1052 1084 licencia
1102 1065 1111 1075 ·
1165 1036 1498 1087 Concedimus
1540 1040 1694 1088 eciam
1734 1079 1743 1089 .
1785 1079 1795 1089 .
1834 1079 1846 1091 .
1882 1043 2220 1110 suprascriptis

223 1164 234 1174 .
275 1163 285 1175 .
319 1127 665 1176 au&oritatem
703 1165 714 1175 .
754 1165 766 1176 .
806 1166 817 1176 .
855 1129 1070 1178 cotarios
1109 1130 1242 1177 infra
1277 1130 1432 1178 dweas
1470 1138 1628 1180 terras
1674 1170 1684 1180 .
1737 1171 1747 1181 .
1798 1172 1809 1182 .
1849 1135 2135 1199 imponendi
2172 1147 2219 1188 et

170 1219 448 1283 expellendi
474 1219 664 1269 tociens
690 1221 926 1285 quociens
953 1239 1075 1286 opus
1099 1222 1251 1272 fuerit
1274 1225 1565 1289 eosdemque
1602 1228 1884 1292 corrigendi
1910 1236 1958 1277 et
1981 1231 2218 1294 puniendi

168 1311 392 1360 eschaeta
415 1311 448 1359 fi
475 1329 571 1376 que
596 1300 746 1363 fuerit
770 1314 914 1362 nobis
939 1315 1190 1365 reseruata
1226 1345 1236 1356 ·
1273 1315 1510 1366 Preterea
1532 1318 1568 1366 fi
1593 1319 1707 1366 dieti
1747 1356 1757 1367 .
1796 1358 1807 1368 .
1846 1358 1856 1368 .
1893 1321 2012 1369 alias
2035 1323 2218 1371 faciant

236 1441 246 1452 .
299 1442 310 1452 .
349 1404 531 1453 diuisas
554 1405 608 1453 in
634 1405 778 1454 dietis
804 1407 950 1455 terris
990 1445 1000 1455 .
1042 1445 1052 1455 .
1094 1445 1104 1456 .
1143 1425 1291 1472 quam
1317 1417 1539 1474 tempore
1566 1410 1887 1460 confeffionis
1911 1415 2217 1477 presencium

165 1498 291 1546 fau-,e
317 1498 427 1547 sunt
452 1510 537 1547 aut
564 1499 692 1548 vltra
717 1500 912 1549 easdem
939 1500 1173 1565 vsurpare
1208 1502 1592 1566 presumpserint
1617 1503 1696 1551 vel
1720 1501 1753 1549 s1
1780 1504 1992 1568 aliquam
2026 1514 2216 1570 partem

165 1588 280 1639 filue
315 1591 481 1640 nostre
522 1593 722 1641 cotariis
759 1593 855 1642 suis
891 1602 976 1643 aut
1012 1593 1308 1658 quibussibet
1350 1594 1460 1642 aliis
1502 1595 1720 1659 personis
1763 1633 1772 1643 .
1825 1633 1833 1643 .
1887 1635 1896 1644 .
1947 1600 2216 1647 concedere

164 1684 570 1748 attemptauerint
614 1684 706 1732 nifi
748 1685 902 1734 solum
941 1686 1038 1735 suis
1076 1687 1293 1751 propriis
1325 1687 1483 1736 vfibus
1522 1688 1786 1735 dummodo
1825 1726 1835 1736 .
1875 1726 1885 1736 .
1926 1727 1936 1736 .
1974 1690 2082 1737 vsus
2117 1708 2216 1738 non

164 1775 256 1824 fint
296 1775 349 1824 in
395 1814 404 1824 .
452 1814 462 1824 .
507 1813 517 1824 .
562 1777 913 1826 detrimentum
958 1779 1085 1827 diae
1126 1779 1243 1827 filue
1283 1779 1365 1827 seu
1405 1778 1438 1826 si
1480 1780 1622 1828 nobis
1668 1816 1677 1827 .
1719 1818 1729 1827 .
1770 1818 1780 1828 .
1824 1780 2045 1829 iniuriosi
2090 1820 2101 1830 .
2147 1820 2157 1829 .
2204 1821 2213 1830 .

164 1869 348 1919 fuerint
381 1878 430 1918 et
461 1861 590 1919 male
623 1870 962 1935 persoluentes
996 1872 1165 1921 licebit
1190 1872 1331 1921 nobis
1359 1909 1368 1918 .
1399 1909 1410 1920 .
1440 1910 1450 1920 .
1478 1873 1539 1920 de
1568 1909 1578 1920 .
1608 1909 1617 1919 .
1645 1909 1655 1920 .
1683 1871 1829 1921 terris
1855 1880 1903 1921 et
1927 1873 2128 1921 decimis
2154 1875 2216 1922 ad

228 1999 239 2010 .
291 2000 302 2010 .
339 1962 535 2011 libitum
575 2001 585 2011 .
626 2001 636 2011 .
673 2001 684 2011 .
722 1964 982 2028 disponere
1026 2003 1037 2012 .
1080 2003 1092 2014 .
1137 2003 1147 2013 .
1182 1964 1333 2029 Apud
1372 2001 1382 2011 .
1425 2002 1434 2011 .
1476 2002 1486 2012 .
1525 1963 1793 2028 capitulum
1827 1964 2018 2012 decimo
2044 1968 2213 2012 o&auo

164 2054 243 2102 die
269 2054 445 2103 mensis
471 2055 773 2105 Nouembris
799 2074 929 2105 anno
955 2056 1162 2105 Domini
1187 2055 1441 2105 millesimo
1468 2062 1602 2105 cccc⁰
1626 2056 1759 2104 lxxx⁰
1783 2057 1954 2105 tercio,

163 2303 448 2375 Assedacio
473 2332 604 2374 terre
629 2325 795 2374 nostre
819 2326 880 2373 de
907 2325 1180 2375 Burntown
1204 2325 1257 2373 in
1282 2324 1432 2373 Athe.

162 2481 438 2554 Uniuerfis
461 2510 630 2569 pateat
667 2541 678 2551 .
720 2540 731 2551 .
773 2540 783 2551 .
816 2520 905 2551 nos
931 2502 1238 2553 Willelmum
1267 2543 1277 2553 .
1318 2542 1329 2554 .
1367 2542 1376 2553 .
1404 2505 1628 2554 abbatem
1657 2541 1668 2552 .
1702 2542 1712 2552 .
1750 2542 1760 2552 .
1786 2505 1848 2552 de
1874 2504 2207 2552 Abirbrothoc

159 2594 384 2645 affedafl'e
417 2633 429 2644 .
468 2633 480 2644 .
515 2633 527 2644 .
559 2596 809 2645 Duncano
834 2596 895 2645 de
920 2596 1184 2662 Lychtoun
1208 2605 1258 2646 et
1282 2596 1521 2646 Mariorie
1547 2597 1715 2660 sponse
1740 2597 1823 2645 sue
1847 2598 2081 2645 moderne
2116 2633 2125 2643 .
2154 2633 2166 2643 .
2194 2632 2204 2643 .

156 2695 314 2736 terras
337 2688 453 2736 ville
476 2688 640 2737 nostre
665 2689 726 2737 de
752 2688 1027 2738 Burntown
1051 2690 1113 2739 de
1138 2689 1280 2755 Athy
1306 2706 1417 2738 cum
1443 2689 1646 2737 decimis
1670 2689 1953 2753 garbalibus
1984 2725 1992 2735 .
2032 2726 2042 2736 .
2079 2726 2088 2736 .
2116 2705 2204 2752 pro

156 2786 261 2827 toto
286 2786 507 2844 tempore
533 2780 632 2829 vite
657 2781 739 2829 sue
763 2797 855 2845 pro
879 2780 976 2829 suis
1000 2781 1390 2845 gratitudinibus
1429 2819 1439 2829 .
1483 2818 1494 2830 .
1535 2817 1546 2829 .
1584 2789 1633 2830 et
1668 2781 1913 2846 signanter
1948 2798 2038 2845 pro
2071 2789 2205 2828 certa

156 2871 342 2920 summa
390 2871 630 2936 peccunie
684 2872 825 2921 nobis
868 2880 1127 2938 gratanter
1168 2874 1326 2922 soluta
1374 2881 1423 2922 et
1468 2874 1521 2921 in
1570 2873 1678 2921 vsus
1725 2873 2003 2921 monasterii
2052 2872 2202 2919 nostri

157 2955 395 3012 conuersa
431 2991 441 3001 ·
483 2963 733 3013 Soluendo
771 3001 782 3013 .
826 3001 838 3014 .
878 3001 889 3013 .
926 2982 1017 3029 pro
1053 2965 1195 3013 firma
1226 2974 1472 3015 terrarum
1509 2965 1625 3013 ville
1657 2965 1873 3028 predi&e
1922 2963 2199 3027 quindecim

154 3054 310 3103 bollas
347 3055 520 3103 mundi
556 3055 670 3119 puri
709 3063 758 3105 et
796 3056 909 3105 ficei
946 3057 1183 3107 frumenti
1225 3059 1451 3106 mensure
1486 3057 1583 3105 fori
1620 3056 1862 3104 currentis
1901 3063 1949 3103 et
1984 3055 2197 3118 quinque

155 3145 305 3195 libras
342 3147 519 3196 vsualis
555 3155 753 3197 monete
791 3149 934 3214 regni
977 3148 1152 3199 Scocie
1191 3150 1255 3198 ad
1291 3150 1412 3197 duos
1452 3149 1570 3196 anni
1610 3148 1845 3196 terminos
1882 3186 1890 3194 .
1929 3186 1937 3193 .
1976 3185 1984 3193 .
2022 3153 2071 3193 et
2107 3161 2196 3208 pro

1135 3245 1218 3289 20
