2586 3834
431 385 527 436 394
637 370 646 379 ’
879 374 1303 427 REGISTRUM
1336 373 1434 422 DE
1469 371 2026 423 ABERBROTHOC.

433 511 678 577 signanter
702 528 791 575 pro
817 516 954 558 certa
987 509 1172 556 summa
1201 506 1410 570 pecunie
1442 504 1584 552 nobis
1628 541 1639 552 .
1686 542 1696 552 .
1740 541 1752 552 .
1794 505 2043 568 persoluta
2076 534 2087 544 ·
2120 507 2331 555 termino
2358 525 2474 556 vero

431 603 662 651 introitus
695 638 706 649 .
742 638 752 649 .
793 638 803 649 .
836 600 1107 664 incipiente
1132 598 1185 646 in
1217 595 1339 645 festo
1375 594 1727 644 Penthecostes
1764 597 1930 645 datam
1968 598 2274 660 presencium
2307 600 2475 647 imme-

432 695 563 742 diate
588 694 817 756 sequente
855 728 865 739 .
906 728 917 738 .
951 727 961 738 .
1000 688 1276 738 Reddendo
1311 724 1323 735 .
1360 723 1371 735 .
1406 724 1416 735 .
1451 703 1543 750 pro
1578 687 1722 735 firma
1758 724 1770 735 .
1809 725 1820 735 .
1861 725 1872 735 .
1917 697 2162 738 terrarum
2206 727 2217 738 .
2255 730 2265 739 .
2305 685 2318 738 .’
2353 691 2475 738 duas

430 784 618 832 celdras
643 782 780 830 ordei
806 789 905 830 tres
929 780 1121 828 celdras
1153 786 1202 827 et
1238 780 1345 826 οᾶο
1371 777 1527 826 bollas
1551 777 1712 826 farine
1748 779 2008 828 auenatice
2033 781 2095 829 de
2119 782 2349 830 mensura
2379 782 2474 829 fori

431 873 672 923 currentis
696 873 747 920 in
771 871 1017 936 granariis
1040 868 1326 918 monasterii
1366 906 1375 915 .
1420 907 1430 918 .
1470 906 1479 916 .
1513 870 1577 918 ad
1601 859 1838 918 terminos
1882 908 1893 919 .
1939 908 1950 919 .
1992 908 2003 920 .
2047 873 2303 921 consuetos
2329 901 2339 911 ·
2364 889 2476 921 nec-

430 982 526 1013 non
552 981 642 1028 pro
666 962 950 1011 molendino
985 998 996 1010 .
1037 998 1048 1008 .
1086 998 1097 1009 .
1132 968 1182 1010 et
1219 999 1229 1008 .
1268 999 1277 1009 .
1316 998 1325 1007 .
1363 961 1688 1024 pertinenciis
1712 963 1950 1012 tredecim
1976 964 2155 1012 solidos
2191 973 2241 1013 et
2265 971 2476 1028 quatuor

428 1056 656 1105 denarios
699 1093 710 1103 .
762 1093 771 1102 .
823 1092 834 1102 .
883 1060 1081 1102 monete
1106 1052 1279 1101 Scocie
1303 1053 1367 1101 ad
1410 1090 1420 1100 .
1464 1091 1472 1100 .
1517 1090 1527 1100 .
1567 1051 1691 1101 festa
1734 1090 1744 1101 .
1785 1090 1795 1101 .
1839 1091 1850 1101 .
1892 1053 2208 1103 Pentecostes
2233 1063 2283 1104 et
2309 1054 2475 1105 Sanffl

429 1148 633 1196 Martini
672 1185 682 1195 .
718 1186 727 1195 .
760 1186 769 1194 .
806 1163 863 1194 ac
888 1162 979 1209 pro
1004 1144 1210 1193 decimis
1246 1184 1255 1193 .
1290 1183 1299 1193 .
1332 1184 1341 1192 .
1380 1151 1624 1192 terrarum
1651 1145 1773 1193 duas
1799 1145 1992 1195 celdras
2017 1156 2066 1195 et
2085 1155 2296 1211 quatuor
2320 1146 2476 1195 bollas

426 1241 583 1289 farine
602 1238 858 1288 auenatice
877 1244 927 1285 et
945 1240 1053 1285 ofito
1070 1235 1229 1285 bollas
1254 1236 1393 1284 ordei
1417 1236 1643 1285 mensure
1661 1237 1881 1301 predi&e
1907 1255 2119 1287 vnacum
2144 1239 2292 1288 certis
2316 1239 2475 1303 plaus-

427 1332 635 1381 tratibus
668 1330 891 1394 bigarum
929 1356 939 1366 ·
982 1328 1216 1377 videlicet
1258 1357 1267 1367 ·
1312 1336 1525 1392 quatuor
1561 1329 1604 1376 le-
1638 1328 1865 1393 car-sullis
1900 1329 2180 1395 tegularum
2215 1360 2226 1369 ·
2262 1340 2474 1394 quatuor

424 1424 678 1489 glebarum
719 1450 729 1460 ·
766 1429 816 1470 et
846 1430 1059 1485 quatuor
1083 1420 1186 1469 feni
1212 1436 1324 1468 cum
1365 1420 1544 1468 ceteris
1582 1419 1762 1468 nostris
1794 1419 2060 1470 husbandis
2091 1422 2241 1471 semel
2265 1422 2317 1470 in
2343 1439 2473 1471 anno

426 1514 758 1564 conducendis
783 1512 817 1560 fi
842 1520 1075 1577 petantur
1099 1520 1292 1581 tantum
1326 1539 1337 1550 ·
1375 1519 1425 1559 et
1449 1512 1715 1560 duodecim
1741 1512 1897 1562 bollas
1922 1530 2193 1563 auenarum
2219 1514 2436 1563 custume
2462 1544 2471 1553 ·

425 1609 594 1657 decem
620 1615 669 1654 et
693 1609 800 1653 osto
826 1621 1039 1669 capones
1080 1633 1090 1642 ·
1135 1612 1185 1653 et
1209 1603 1416 1652 totidem
1441 1603 1603 1668 pullos
1628 1604 1825 1653 adultos
1861 1633 1871 1644 ·
1909 1605 2081 1654 Eciam
2122 1645 2131 1654 .
2178 1644 2188 1654 .
2233 1646 2242 1654 .
2291 1607 2474 1656 facient

426 1717 536 1748 cum
579 1699 716 1762 equis
756 1705 968 1761 quatuor
1009 1697 1236 1761 carragia
1283 1696 1544 1745 cellerario
1592 1696 1760 1744 nostro
1801 1735 1812 1745 .
1851 1734 1863 1745 .
1903 1736 1912 1745 .
1956 1698 2020 1745 ad
2060 1697 2236 1746 festum
2278 1698 2473 1747 Natalis

426 1791 631 1839 Domini
657 1817 666 1826 ·
692 1798 741 1838 et
766 1789 864 1838 alia
885 1796 1097 1853 quatuor
1123 1788 1186 1837 ad
1210 1788 1385 1836 festum
1411 1787 1596 1836 Pasche
1623 1825 1634 1836 .
1661 1827 1670 1837 .
1701 1825 1712 1837 .
1739 1788 1773 1836 fi
1799 1797 2034 1854 petantur
2065 1817 2076 1827 ·
2112 1790 2318 1854 Insuper
2341 1791 2473 1839 idem

542 1921 550 1930 .
594 1881 832 1946 equitabit
856 1898 967 1930 cum
991 1880 1203 1929 nouiciis
1227 1880 1406 1928 nostris
1431 1879 1722 1929 ordinandis
1747 1881 2050 1930 inueniendo
2076 1882 2278 1932 cuilibet
2301 1899 2470 1931 eorum

428 1990 606 2037 equum
631 1973 695 2021 ad
717 1972 1140 2037 premunicionem
1165 1975 1273 2020 οᾶο
1308 1971 1500 2020 dierum
1534 1980 1583 2022 et
1618 1990 1719 2022 non
1757 1975 1879 2023 alias
1913 1975 1947 2023 fi
1970 1952 2217 2039 'petantur
2242 1983 2432 2025 tantum
2460 2004 2469 2013 -

428 2065 493 2113 Et
516 2065 647 2113 idem
692 2101 701 2112 .
745 2101 755 2111 .
795 2102 804 2112 .
848 2071 897 2112 et
919 2063 990 2112 sui
1021 2062 1245 2129 affignati
1268 2063 1414 2112 liberi
1444 2074 1593 2114 erunt
1616 2067 1679 2114 ab
1704 2067 1930 2115 omnibus
1966 2067 2076 2115 aliis
2109 2066 2470 2116 husbandorum

428 2157 658 2205 oneribus
682 2163 888 2220 excepto
923 2156 1057 2220 quod
1104 2193 1115 2204 .
1167 2192 1179 2204 .
1229 2193 1240 2204 .
1290 2173 1599 2205 communem
1634 2157 1811 2207 sefflzm
1841 2158 1906 2207 ad
1942 2159 2104 2208 curias
2139 2158 2329 2207 nostras
2362 2176 2470 2222 pre-

426 2250 685 2297 sentabunt
733 2287 741 2296 .
790 2286 800 2297 .
851 2286 861 2295 .
909 2247 1082 2296 Eciam
1129 2286 1138 2296 .
1187 2287 1196 2296 .
1246 2287 1254 2296 .
1305 2249 1622 2297 concedimus
1669 2250 1811 2298 dietis
1859 2288 1868 2297 .
1918 2290 1927 2299 .
1979 2287 1989 2298 .
2039 2251 2254 2299 nostram
2312 2288 2324 2298 .
2387 2288 2397 2297 .
2459 2288 2468 2298 .

425 2341 715 2405 potestatem
742 2378 753 2388 .
791 2378 801 2388 .
838 2378 849 2388 .
880 2340 1213 2389 inhabitantes
1236 2340 1390 2388 dietas
1414 2347 1573 2389 terras
1598 2358 1711 2389 cum
1734 2341 2020 2390 molendino
2056 2379 2067 2389 .
2104 2379 2115 2389 .
2153 2378 2164 2389 .
2191 2342 2469 2406 expellendi

427 2436 601 2498 eosque
627 2433 910 2498 corrigendi
949 2470 959 2481 .
1000 2470 1011 2480 .
1050 2469 1061 2480 .
1098 2432 1151 2480 in
1176 2432 1330 2481 caufis
1352 2433 1569 2497 propriis
1602 2460 1611 2469 ·
1645 2432 1981 2481 iurisdiffione
2005 2433 2280 2497 regalitatis
2305 2435 2471 2481 nostre

427 2533 476 2572 et
500 2525 648 2572 curiis
693 2561 703 2571 .
746 2562 756 2571 .
802 2561 813 2570 .
859 2523 1038 2571 nostris
1076 2524 1263 2588 semper
1301 2523 1446 2572 saluis
1487 2550 1498 2560 ·
1540 2523 1780 2572 Preterea
1816 2541 1916 2572 non
1949 2523 2118 2572 licebit
2154 2524 2286 2572 diazo
2337 2564 2345 2572 .
2398 2564 2406 2572 .
2458 2564 2466 2571 .

429 2623 585 2662 terras
610 2631 721 2662 cum
745 2614 1028 2663 molendino
1053 2622 1103 2663 et
1125 2614 1330 2663 decimis
1368 2655 1376 2664 .
1411 2655 1419 2663 .
1455 2654 1464 2663 .
1505 2614 1655 2663 alicui
1699 2651 1709 2662 .
1746 2651 1756 2662 .
1803 2652 1813 2662 .
1854 2614 2054 2663 maioris
2078 2614 2230 2663 status
2253 2614 2468 2663 assedare

431 2743 439 2752 .
483 2742 493 2752 .
533 2742 543 2752 .
585 2704 683 2752 fine
707 2704 872 2752 nostra
909 2742 919 2752 .
955 2742 964 2752 .
1002 2742 1012 2752 .
1045 2704 1257 2754 licencia
1296 2743 1307 2754 .
1347 2743 1358 2754 .
1396 2744 1406 2754 .
1446 2705 1711 2754 husbandis
1735 2713 1784 2754 et
1809 2706 2030 2755 cottariis
2066 2743 2077 2753 .
2118 2743 2128 2754 .
2168 2743 2191 2774 .·
2217 2707 2468 2770 exceptis·

431 2795 635 2860 Insuper
660 2795 694 2842 fi
719 2796 875 2844 di&us
918 2833 929 2844 .
982 2833 993 2843 .
1042 2833 1053 2843 .
1105 2805 1189 2846 aut
1222 2798 1293 2845 sui
1329 2797 1553 2862 assignati
1603 2833 1614 2844 .
1661 2834 1672 2844 .
1718 2834 1729 2844 .
1777 2796 1962 2845 fuerint
1986 2796 2115 2845 male
2136 2796 2468 2860 persoluentes

430 2888 512 2934 seu
554 2926 563 2934 .
608 2926 616 2934 .
661 2925 669 2934 .
709 2885 908 2933 iniurofi
951 2925 960 2934 .
998 2925 1007 2934 .
1045 2926 1054 2935 .
1094 2887 1264 2936 licebit
1287 2888 1429 2936 nobis
1465 2928 1473 2937 .
1518 2929 1527 2937 .
1570 2929 1579 2938 .
1623 2890 1685 2938 de
1729 2925 1739 2936 .
1780 2925 1791 2935 .
1832 2926 1843 2936 .
1880 2888 2027 2938 terris
2062 2927 2071 2936 .
2116 2927 2124 2937 .
2169 2927 2177 2936 .
2222 2905 2331 2937 cum
2368 2906 2467 2936 mo-

430 2979 632 3027 lendino
654 2986 703 3026 et
726 2977 929 3025 decimis
966 3014 977 3025 .
1018 3015 1029 3025 .
1066 3015 1076 3026 .
1114 2977 1372 3043 disponere
1410 3017 1421 3027 .
1455 3017 1465 3027 .
1503 3017 1514 3028 .
1552 2978 1707 3044 Apud
1729 2978 2079 3028 monasterium
2119 3016 2129 3026 .
2170 3016 2179 3026 .
2219 3018 2228 3026 .
2265 2979 2466 3043 septimo

431 3070 511 3117 die
535 3068 708 3118 mensis
735 3067 924 3133 Aprilis
948 3084 1077 3117 anno
1101 3068 1305 3117 Domini
1332 3069 1583 3118 millesimo
1609 3070 1998 3135 quingentesimo
2022 3069 2229 3117 decimo.
