2762 3834
623 379 1041 432 REGISTRUM
1075 383 1171 433 DE
1207 384 1762 438 ABERBROTHOC.
2112 399 2208 442 335

171 577 481 663 Abirnethy
512 598 759 666 [ecclefia]
789 603 1029 653 affedatur
1054 605 1272 656 Roberto
1298 608 1464 658 Arnot
1489 617 1538 658 et
1561 609 1711 660 Petro
1739 611 2047 679 Carmychel.

28 783 118 837 417
173 757 447 829 Uniuersis
483 815 493 826 .
529 816 539 826 .
573 817 583 828 .
616 780 817 828 66616116
841 782 953 830 filiis
987 821 997 831 .
1031 822 1042 832 .
1077 820 1089 833 .
1121 784 1289 834 David
1321 825 1331 835 .
1369 825 1379 835 .
1415 825 1426 836 .
1461 789 1609 838 abbas
1644 827 1654 838 .
1692 827 1702 838 .
1743 828 1754 839 .
1789 792 1849 840 de
1875 792 2210 842 Abirbrotboc

172 906 182 917 .
221 908 231 917 .
269 908 279 919 .
318 870 520 919 salutem
554 907 564 918 .
597 907 609 917 .
647 908 658 918 .
692 870 949 920 Noueritis
974 891 1062 922 nos
1106 913 1117 923 .
1158 915 1167 924 .
1210 913 1221 924 .
1263 877 1486 928 affedafl'e
1528 920 1537 928 .
1580 918 1590 928 .
1634 921 1644 930 .
1687 881 1865 930 nostris
1889 883 2210 934 familiaribus

171 961 390 1010 Roberto
423 961 587 1010 Arnot
626 969 675 1010 et
712 961 861 1010 Petro
890 962 1188 1029 Carmychel
1222 1007 1231 1015 .
1272 1007 1280 1016 .
1321 1008 1331 1017 .
1371 976 1420 1017 et
1455 987 1623 1019 eorum
1662 971 1908 1037 aflignatis
1944 975 2208 1024 dummodo

169 1069 259 1116 per
283 1069 373 1100 nos
398 1053 725 1101 admittantur
755 1060 804 1102 et
839 1056 973 1117 quod
1006 1073 1106 1104 non
1141 1058 1325 1108 fuerint
1358 1061 1558 1109 maioris
1599 1100 1610 1110 .
1653 1101 1663 1111 .
1703 1101 1714 1111 .
1755 1063 1903 1112 status
1939 1082 2085 1128 quam
2121 1067 2208 1130 ipfi

169 1179 181 1190 .
224 1182 234 1192 .
260 1182 285 1199 a,
329 1144 547 1192 decimas
571 1144 799 1208 garbales
824 1145 1026 1194 ecclesie
1050 1147 1214 1196 nostre
1239 1151 1560 1213 parrochialis
1585 1154 1646 1202 de
1672 1154 1962 1221 Abernethy
1987 1155 2208 1205 Dunbla-

169 1235 330 1284 nensis
367 1236 572 1285 diocefis
608 1253 720 1284 cum
757 1236 948 1301 capella
979 1238 1040 1286 de
1074 1237 1219 1287 Dron
1255 1249 1304 1289 et
1337 1242 1424 1290 illa
1457 1243 1599 1307 pecia
1636 1252 1765 1293 terre
1808 1283 1818 1294 .
1858 1283 1868 1294 .
1910 1284 1920 1294 .
1962 1248 2209 1312 wlgariter

170 1336 347 1376 vocata
369 1328 415 1376 16
441 1328 683 1378 Ballauch
727 1365 738 1376 .
783 1366 794 1376 .
840 1365 850 1375 .
891 1345 982 1393 pro
1018 1330 1242 1379 terminis
1279 1333 1533 1382 tresdecim
1563 1352 1801 1384 annorum
1843 1374 1853 1385 .
1896 1367 1910 1386 1
1948 1376 1958 1386 .
1997 1341 2207 1388 termino

174 1438 288 1470 vero
331 1421 562 1470 introitus
611 1458 622 1468 .
671 1459 681 1469 .
730 1459 740 1469 .
790 1421 1060 1486 incipiente
1101 1422 1155 1470 in
1199 1423 1319 1472 festo
1364 1425 1628 1475 aduincula
1667 1426 1830 1476 Sanffi
1873 1427 2004 1478 Petri
2045 1431 2208 1479 datam

169 1513 474 1578 presencium
522 1513 805 1562 immediate
847 1514 1080 1578 sequente
1128 1540 1138 1551 ·
1183 1513 1430 1564 Soluendo
1479 1554 1489 1564 .
1538 1554 1548 1564 .
1596 1555 1606 1565 .
1657 1518 1897 1582 suppriori
1939 1522 2208 1569 camerario

170 1613 219 1654 et
265 1604 501 1671 magistro
548 1605 733 1654 fabrice
762 1644 794 1656 ,.
845 1644 854 1653 .
904 1645 914 1654 .
963 1623 1054 1670 pro
1100 1606 1456 1656 sustentacione
1503 1608 1687 1657 fabrice
1732 1609 1830 1657 loci
1874 1609 2024 1658 nostri
2074 1648 2084 1658 .
2134 1649 2144 1658 .
2195 1649 2206 1658 .

172 1698 405 1746 summam
442 1705 779 1747 trecentarum
816 1706 865 1746 et
900 1698 1154 1763 sexaginta
1188 1715 1464 1747 marcarum
1507 1736 1518 1746 .
1560 1737 1570 1747 .
1613 1738 1623 1747 .
1665 1707 1859 1748 monete
1895 1736 1906 1747 .
1945 1738 1955 1749 .
1991 1739 2001 1748 .
2039 1700 2208 1750 Scocie

169 1789 300 1837 infra
323 1789 672 1837 monasterium
715 1827 725 1836 .
762 1827 772 1837 .
810 1827 820 1838 .
859 1790 922 1838 ad
965 1827 975 1838 .
1018 1828 1029 1839 .
1075 1827 1084 1837 .
1123 1790 1245 1838 festa
1287 1827 1297 1837 .
1338 1828 1347 1838 .
1392 1827 1402 1838 .
1445 1789 1629 1839 Pascbe
1666 1799 1715 1839 et
1747 1791 2010 1839 aduincula
2044 1790 2208 1840 Sancti

38 1902 41 1963 Ι
170 1879 307 1928 Petri
346 1918 357 1928 .
395 1918 406 1928 .
444 1919 454 1929 .
495 1880 574 1929 vel
610 1919 620 1929 .
658 1920 667 1929 .
706 1921 714 1929 .
752 1881 886 1930 infra
909 1881 1116 1945 triginta
1151 1881 1255 1929 dies
1292 1919 1302 1928 .
1338 1919 1348 1929 .
1387 1919 1396 1929 .
1434 1880 1500 1930 Et
1524 1882 1558 1929 fi
1584 1881 1699 1929 dieti
1739 1918 1750 1929 .
1790 1919 1800 1928 .
1841 1920 1851 1930 .
1889 1882 1941 1930 in
1965 1882 2208 1930 solucione

40 1988 42 2053 1
169 2010 179 2019 .
214 2011 223 2021 .
259 2011 268 2020 .
303 1974 367 2021 ad
391 1973 656 2023 terminum
682 1981 732 2023 et
756 1974 886 2023 diem
913 1982 962 2023 et
985 1975 1147 2023 locum
1187 2012 1197 2022 .
1235 2011 1246 2022 .
1285 2012 1295 2022 .
1333 1973 1606 2022 defecerint
1629 1973 1797 2022 licebit
1820 1974 1960 2021 nobis
2000 2010 2011 2021 .
2051 2012 2060 2021 .
2102 2011 2112 2021 .
2149 1975 2208 2022 de

169 2103 179 2113 .
208 2103 218 2113 .
246 2103 256 2113 .
283 2065 486 2114 ecclefia
505 2066 712 2115 decimis
737 2066 929 2131 capella
953 2074 1003 2116 et
1026 2067 1172 2116 terris
1206 2105 1215 2115 .
1246 2103 1256 2114 .
1289 2103 1300 2113 .
1337 2066 1401 2114 ad
1436 2102 1446 2113 .
1483 2104 1492 2113 .
1524 2103 1536 2114 .
1572 2064 1769 2113 libitum
1808 2101 1819 2112 .
1859 2102 1869 2112 .
1909 2101 1920 2112 .
1959 2065 2207 2129 disponere

44 2157 47 2223 Ι
171 2195 181 2205 .
221 2196 231 2206 .
271 2195 282 2206 .
320 2157 400 2206 Β6
442 2158 739 2223 quaquidem
777 2158 965 2207 summa
1000 2198 1009 2208 .
1049 2196 1060 2207 .
1100 2196 1109 2206 .
1147 2157 1462 2207 concedimus
1502 2194 1512 2204 .
1551 2193 1562 2204 .
1601 2196 1610 2205 .
1647 2156 1881 2221 predictis
1917 2196 1925 2204 .
1964 2196 1972 2204 .
2010 2195 2018 2204 .
2057 2174 2206 2210 annu-

46 2247 49 2304 1
169 2249 285 2298 atim
311 2267 402 2314 pro
426 2250 523 2298 suis
546 2249 767 2298 seruieiis
803 2288 813 2299 .
855 2288 866 2299 .
907 2288 918 2298 .
958 2250 1298 2314 multipliciter
1332 2247 1559 2313 impenfis
1604 2285 1613 2295 .
1660 2285 1670 2295 .
1717 2286 1727 2295 .
1772 2247 1948 2312 viginti
1982 2265 2170 2296 marcas
2194 2276 2205 2285 ·

168 2340 404 2390 Preterea
438 2379 449 2390 .
487 2379 497 2389 .
535 2379 546 2390 .
579 2342 838 2391 inuenient
872 2380 883 2391 .
919 2379 931 2391 .
968 2379 978 2391 .
1014 2341 1179 2390 omnia
1196 2339 1461 2391 necessaria
1479 2341 1542 2388 ad
1561 2340 1735 2388 choros
1754 2340 1989 2387 dictarum
2009 2340 2203 2389 ecclefie

169 2440 217 2481 et
242 2434 431 2498 capelle
455 2435 766 2498 pertinencia
789 2435 990 2484 racione
1014 2434 1222 2483 rectorie
1254 2433 1393 2481 nouis
1428 2432 1631 2481 edificiis
1656 2431 1853 2480 teauris
1887 2431 2119 2480 calicibus
2154 2439 2203 2479 et

168 2524 306 2573 libris
330 2526 570 2575 duntaxat
594 2526 813 2591 exceptis
856 2554 866 2563 ·
907 2526 973 2575 Et
997 2526 1030 2574 fi
1056 2525 1260 2575 ecclefia
1295 2524 1485 2589 capella
1519 2531 1603 2572 aut
1639 2523 1825 2572 decime
1862 2562 1873 2569 .
1915 2559 1926 2570 .
1968 2559 1978 2570 .
2022 2521 2199 2586 seques·

169 2624 362 2666 trentur
396 2617 449 2666 in
486 2635 656 2667 eorum
680 2618 877 2667 defectu
911 2619 998 2683 ipfi
1034 2635 1125 2683 pro
1160 2618 1471 2666 relaxacione
1503 2615 1903 2680 sequestracionis
1937 2615 2201 2663 earundem

169 2710 531 2774 respondebunt
569 2750 578 2759 .
622 2750 631 2759 .
671 2750 681 2760 .
721 2711 872 2776 Apud
911 2748 922 2760 .
956 2749 966 2760 .
1001 2749 1010 2759 .
1048 2709 1395 2759 monasterium
1418 2707 1690 2772 penultimo
1714 2706 1794 2754 die
1815 2704 1988 2754 mensis
2012 2704 2199 2769 Aprilis

169 2817 298 2850 anno
321 2800 529 2850 Domini
552 2800 807 2851 millefimo
832 2800 1220 2867 quingentefimo
1243 2800 1415 2865 primo.
