2762 3834
486 1248 580 1296 ‘239

635 382 732 427 208
1082 374 1501 428 REGISTRUM
1538 373 1631 423 DE
1667 372 2226 426 ABERBROTHOC.

635 510 840 560 vlterius
864 510 895 557 fi
930 548 939 557 .
974 548 984 557 .
1022 547 1032 556 .
1069 509 1208 557 nobis
1244 547 1253 557 .
1293 546 1303 556 .
1346 545 1356 555 .
1388 505 1606 554 iniuriosi
1631 505 1713 554 seu
1736 506 1865 555 male
1896 507 2232 571 persoluentes
2267 507 2523 556 extiterint
2564 546 2574 555 .
2612 546 2620 555 .
2659 545 2670 556 .

636 602 804 651 licebit
842 600 981 649 nobis
1017 639 1026 648 .
1069 638 1078 647 .
1123 639 1131 648 .
1175 600 1237 647 de
1278 637 1287 647 .
1326 637 1335 646 .
1373 637 1382 646 .
1420 597 1564 646 terris
1604 598 1807 647 decimis
1840 606 1889 648 et
1917 598 2203 648 molendino
2237 599 2301 647 ad
2336 637 2346 648 .
2384 638 2393 647 .
2432 638 2441 647 .
2477 598 2669 647 libitum

636 731 646 742 .
689 731 700 742 .
743 731 752 741 .
795 692 1051 755 disponere
1089 729 1098 739 .
1136 728 1146 738 .
1184 728 1193 738 .
1231 690 1381 754 Apud
1417 727 1427 737 .
1459 728 1468 737 .
1502 728 1511 737 .
1545 688 1811 754 capitulum
1850 689 2012 754 primo
2048 690 2129 739 die
2169 690 2345 739 menfis
2383 689 2505 755 May
2541 707 2672 739 anno

638 783 838 831 Domini
864 799 911 830 m
938 798 1052 830 cccc
1076 781 1192 828 lxxx
1218 788 1410 844 quart0.

633 1038 912 1108 Assedacio
937 1054 1137 1104 ecclesie
1162 1056 1223 1104 de
1251 1054 1481 1105 Garwok.

634 1219 906 1291 Uniuerfis
929 1246 1096 1303 pateat
1128 1278 1138 1287 .
1178 1278 1186 1287 .
1225 1275 1235 1286 .
1269 1255 1358 1286 nos
1380 1236 1686 1285 Willelmum
1725 1276 1735 1285 .
1771 1274 1780 1284 .
1815 1275 1825 1285 .
1862 1237 2089 1286 abbatem
2128 1276 2137 1285 .
2170 1276 2180 1286 .
2214 1277 2223 1286 .
2261 1238 2322 1286 de
2341 1237 2673 1286 Abirbrothoc

683 1372 692 1380 .
731 1371 740 1380 .
777 1330 1001 1380 affedafl'e
1052 1371 1060 1379 .
1111 1371 1120 1380 .
1172 1368 1182 1378 .
1233 1331 1456 1380 Johanni
1506 1329 1743 1380 Stratoun
1782 1329 1843 1377 de
1886 1328 2066 1394 Rynde
2109 1358 2119 1368 ·
2157 1329 2341 1379 Jonete
2382 1330 2551 1395 sponse
2592 1330 2674 1377 sue

632 1426 866 1473 moderne
886 1451 896 1460 ·
916 1431 965 1472 et
978 1422 1208 1488 magistro
1231 1423 1452 1473 Patricio
1475 1421 1712 1472 Stratoun
1734 1420 1837 1469 filio
1861 1421 1946 1470 suo
1970 1422 2150 1470 seniori
2186 1462 2196 1471 .
2233 1461 2242 1470 .
2281 1462 2290 1471 .
2327 1422 2542 1471 decimas
2565 1438 2675 1486 gar-

632 1516 765 1565 bales
791 1514 991 1564 ecclesie
1015 1514 1179 1563 nostre
1209 1515 1270 1563 de
1306 1514 1524 1563 Garwok
1562 1554 1570 1563 .
1609 1554 1617 1563 .
1656 1553 1665 1562 .
1702 1530 1794 1577 pro
1825 1513 2047 1562 terminis
2079 1531 2259 1563 nouem
2296 1531 2539 1563 annorum
2576 1553 2586 1562 .
2620 1552 2630 1561 .
2664 1552 2673 1561 .

634 1608 842 1655 termino
866 1607 1098 1655 introitus
1136 1645 1147 1654 .
1187 1645 1197 1654 .
1238 1644 1248 1652 .
1292 1606 1561 1670 incipiente
1597 1606 1649 1654 in
1686 1605 1805 1654 festo
1846 1605 2009 1654 Sancti
2046 1605 2183 1655 Petri
2219 1606 2487 1655 aduincula
2510 1606 2673 1654 datam

633 1700 935 1764 presencium
955 1700 1235 1748 immediate
1255 1699 1513 1764 sequente·
1535 1698 1785 1749 Soluendo
1823 1736 1833 1746 .
1876 1736 1887 1746 .
1928 1736 1939 1746 .
1977 1699 2310 1764 quadraginta
2327 1699 2478 1748 libras
2496 1698 2673 1747 vsualis

633 1800 827 1839 monete
870 1791 1042 1840 Scocie
1081 1792 1142 1839 ad
1184 1829 1193 1838 .
1235 1832 1243 1839 .
1287 1830 1297 1840 .
1336 1791 1456 1840 festa
1494 1829 1505 1840 .
1544 1829 1554 1839 .
1592 1829 1602 1839 .
1639 1789 1824 1839 Pasche
1856 1797 1906 1839 et
1941 1788 2107 1840 Sancti
2143 1791 2281 1841 Petri
2312 1791 2521 1855 predicti
2558 1827 2569 1838 .
2610 1827 2620 1838 .
2662 1827 2672 1837 .

634 1882 698 1930 Et
718 1883 750 1931 fi
771 1884 823 1931 in
841 1883 1088 1931 solucione
1121 1923 1130 1932 .
1170 1923 1178 1931 .
1218 1924 1225 1932 .
1264 1885 1326 1932 ad
1351 1884 1587 1933 terminos
1614 1921 1625 1931 .
1653 1920 1663 1931 .
1695 1920 1705 1930 .
1733 1882 1812 1931 vel
1835 1882 1967 1930 infra
1986 1882 2163 1947 viginti
2183 1882 2286 1930 dies
2316 1922 2324 1931 .
2357 1922 2365 1931 .
2396 1922 2404 1931 .
2439 1881 2674 1930 terminos

634 1976 888 2038 sequentes
924 2015 932 2024 .
971 2015 979 2025 .
1018 2015 1026 2023 .
1064 1976 1335 2024 defecerint
1365 2017 1374 2025 .
1406 2017 1414 2025 .
1447 2017 1455 2025 .
1486 1975 1657 2025 licebit
1691 1975 1840 2024 nobis
1870 2016 1878 2024 .
1913 2015 1922 2024 .
1962 2016 1970 2024 .
2006 1976 2067 2023 de
2103 1975 2282 2024 eisdem
2321 1975 2525 2025 decimis
2563 2015 2572 2023 .
2613 2014 2622 2023 .
2663 2015 2672 2023 .

636 2068 698 2114 ad
730 2106 739 2114 .
774 2106 782 2115 .
818 2107 825 2114 .
863 2066 1054 2115 libitum
1096 2107 1104 2115 .
1148 2107 1157 2115 .
1203 2107 1211 2114 .
1253 2067 1511 2132 disponere
1550 2108 1558 2117 .
1597 2108 1605 2117 .
1644 2109 1654 2117 .
1691 2067 1846 2133 Apud
1877 2108 1886 2117 .
1924 2108 1933 2116 .
1973 2105 1984 2116 .
2023 2068 2291 2133 capitulum
2332 2067 2559 2117 vicesimo
2595 2067 2674 2114 die

636 2158 810 2206 mensis
834 2156 938 2206 Mai
963 2175 1091 2206 anno
1117 2157 1319 2207 Domini
1341 2158 1595 2207 millesimo
1621 2166 1755 2210 cccc⁰
1771 2159 1906 2208 lxxx·
1929 2159 2031 2209 iiii‘.

644 2400 975 2490 [Postulacio
1001 2427 1187 2475 domini
1211 2427 1381 2476 Dauid
1404 2427 1666 2493 Lychtone
1690 2428 1742 2477 in
1763 2429 1991 2478 abbatem
2014 2446 2104 2494 per
2131 2430 2257 2479 viam
2284 2429 2647 2496 compromiffi]

637 2586 709 2656 In
734 2607 931 2655 nomine
959 2606 1133 2656 San&e
1158 2617 1208 2657 et
1232 2608 1495 2657 Individue
1522 2610 1786 2661 Trinitatis
1811 2653 1820 2662 .
1847 2653 1855 2661 .
1884 2653 1892 2662 .
1921 2613 2046 2663 Cum
2071 2615 2133 2663 de
2157 2595 2288 2663 anno
2313 2655 2322 2663 .
2350 2655 2357 2663 .
2385 2654 2394 2664 .
2421 2615 2672 2665 millesimo

639 2789 829 2838 Thome
865 2829 874 2837 .
912 2829 921 2837 .
959 2829 967 2837 .
1005 2791 1065 2838 de
1090 2791 1424 2840 Abirbrothoc
1459 2832 1468 2841 .
1507 2832 1515 2840 .
1553 2832 1562 2840 .
1600 2794 1789 2843 abbatis
1805 2795 1983 2845 solacio
2002 2806 2195 2847 careret
2230 2838 2238 2847 .
2280 2838 2288 2847 .
2327 2838 2336 2847 .
2372 2816 2462 2863 per
2487 2799 2669 2848 obitum

640 2880 861 2928 villelmi
897 2920 906 2928 .
945 2920 953 2928 .
991 2916 1002 2927 .
1042 2881 1232 2929 abbatis
1268 2921 1276 2929 .
1316 2921 1324 2929 .
1362 2921 1371 2930 .
1408 2882 1462 2930 in
1501 2884 1716 2947 capitulo
1760 2887 1976 2937 eiusdem
2025 2891 2212 2939 vocatis
2259 2892 2484 2940 omnibus
2532 2929 2543 2939 .
2595 2928 2606 2939 .
2657 2928 2668 2939 .

638 2970 918 3019 monasterii
955 2971 1193 3035 religiofis
1231 3009 1241 3019 .
1281 3009 1292 3019 .
1333 3009 1343 3020 .
1382 2977 1869 3042 comparentibusque
1897 3017 1908 3028 .
1938 3018 1948 3028 .
1978 3018 1988 3030 .
2015 2999 2073 3031 ac
2100 3019 2111 3031 .
2141 3020 2152 3031 .
2181 3022 2190 3031 .
2217 2982 2469 3031 Willelmo
2489 2982 2669 3031 Sanai·

638 3062 819 3110 andree
841 3061 1205 3126 archiepiscopo
1231 3063 1481 3112 ordinario
1509 3103 1519 3112 .
1550 3103 1560 3112 .
1588 3103 1599 3114 .
1626 3067 1851 3133 supprior
1875 3079 2109 3137 tanquam
2128 3075 2290 3139 capud
2311 3075 2456 3140 ipfius
2472 3074 2670 3124 ecclefie

637 3153 743 3217 post
789 3152 1206 3217 archiepiscopum
1244 3191 1255 3201 .
1296 3192 1306 3202 .
1345 3191 1356 3202 .
1394 3155 1635 3205 allocutus
1682 3160 1751 3207 est
1785 3164 2237 3214 reuerendiffimum
2272 3176 2462 3231 patrem
2495 3193 2505 3204 ·
2539 3167 2669 3225 Quia
