2762 3834
657 377 1083 429 REGISTRUM
1119 379 1215 428 DE
1246 364 1800 429 ABERBROTHOC.
2155 386 2245 438 157

205 507 271 555 Et
308 545 316 554 .
352 545 360 554 .
395 545 403 554 .
445 507 478 554 fi
504 507 662 556 dietus
690 509 976 558 Alexander
1013 511 1092 560 vel
1128 511 1335 561 heredes
1371 513 1443 561 sui
1481 513 1671 577 aliquos
1705 553 1713 562 .
1750 550 1762 562 .
1799 551 1809 562 .
1842 513 2107 578 piscatores
2140 554 2150 563 .
2189 557 2197 565 .
2236 555 2245 563 .

206 597 395 647 abbatis
426 637 434 645 .
470 635 479 645 .
519 635 537 645 ..
563 598 807 662 recipiant
843 600 944 648 fine
980 601 1192 651 licencia
1228 641 1238 651 .
1277 642 1288 652 .
1323 644 1331 652 .
1364 622 1456 669 pro
1488 605 1707 669 quolibet
1738 605 1824 655 tali
1859 605 2100 670 piscatore
2136 645 2145 654 .
2187 645 2196 654 .
2235 646 2244 655 .

204 690 395 738 soluent
429 728 438 738 .
475 728 485 738 .
522 729 531 738 .
568 691 734 739 abbati
769 730 777 739 .
817 729 827 738 .
866 728 877 739 .
912 693 1129 756 quinque
1162 712 1353 744 marcas
1387 713 1478 761 pro
1511 713 1681 745 eorum
1702 692 1930 761 dampnis
1955 705 2004 745 et
2028 699 2247 762 expensis

204 782 293 829 nifi
333 819 343 829 .
381 820 390 828 .
425 820 434 829 .
466 781 599 830 infra
630 781 913 845 quindecim
951 784 1055 831 dies
1085 785 1340 850 postquam
1374 788 1595 852 requifiti
1626 788 1813 837 fuerint
1851 826 1861 836 .
1898 827 1909 837 .
1941 828 1950 837 .
1984 789 2247 853 piscatores

206 872 465 922 restituant
503 873 583 921 vel
620 890 650 921 a
688 872 785 920 suis
823 873 969 921 terris
1002 911 1013 922 .
1053 913 1063 922 .
1108 911 1119 923 .
1156 887 1443 928 remoueant
1477 907 1487 916 -
1525 879 1758 929 Ceterum
1795 881 1845 928 in
1881 881 2246 945 recompensam

207 964 343 1012 istius
381 1003 390 1012 .
430 1002 439 1012 .
475 1003 483 1012 .
521 963 810 1012 donacionis
842 964 904 1011 de
940 963 987 1011 le
1024 965 1144 1030 bayt
1180 1003 1190 1014 .
1230 1005 1240 1014 .
1278 1006 1287 1015 .
1321 969 1373 1016 in
1408 971 1711 1034 proprietate
1741 1008 1752 1018 .
1782 1008 1790 1016 .
1827 1009 1836 1018 .
1867 972 2015 1020 abbas
2046 980 2097 1021 et
2133 990 2247 1020 con-

209 1065 384 1104 uentus
409 1054 686 1104 affedarunt
717 1093 727 1103 .
766 1091 777 1102 .
817 1092 827 1102 .
858 1054 1148 1103 Alexandro
1173 1064 1222 1104 et
1243 1057 1505 1108 heredibus
1530 1061 1624 1109 suis
1654 1101 1662 1109 .
1698 1099 1705 1110 .
1746 1100 1756 1110 .
1782 1063 1960 1127 garbas
1985 1064 2246 1111 decimales

210 1148 325 1196 ville
358 1146 679 1196 ecclefiastice
713 1147 774 1195 de
809 1146 1051 1194 Murhous
1091 1164 1181 1210 pro
1220 1150 1430 1198 termino
1469 1151 1685 1215 quinque
1724 1170 1965 1202 annorum
2003 1192 2011 1201 .
2051 1192 2061 1201 .
2097 1192 2107 1201 .
2139 1154 2247 1218 post

209 1241 374 1288 datam
413 1239 719 1304 presencium
760 1276 770 1286 .
803 1278 811 1286 .
853 1277 861 1285 .
903 1237 1152 1286 Soluendo
1188 1279 1196 1287 .
1238 1277 1248 1286 .
1288 1278 1298 1287 .
1337 1242 1586 1290 annuatim
1619 1282 1628 1290 .
1673 1281 1683 1290 .
1716 1281 1726 1291 .
1764 1244 1816 1291 in
1853 1245 2147 1292 monasterio
2186 1247 2247 1292 de

210 1331 548 1380 Abirbrothoc
572 1331 790 1394 quinque
816 1330 1007 1378 coldras
1030 1330 1149 1378 boni
1172 1331 1284 1394 puri
1308 1339 1357 1380 et
1373 1330 1486 1380 ficei
1508 1333 1741 1382 frumenti
1765 1335 1892 1383 ordii
1911 1343 1960 1384 et
1977 1336 2162 1384 farrine
2185 1338 2248 1384 ad

210 1423 446 1472 terminos
490 1422 766 1471 huiusmodi
807 1422 1038 1470 vi6tualia
1079 1422 1297 1470 soluendi
1339 1423 1593 1472 consuetos
1618 1451 1627 1460 ·
1654 1424 1719 1472 Et
1746 1464 1754 1472 .
1782 1465 1825 1473 ..
1859 1426 2006 1474 abbas
2047 1435 2095 1475 et
2134 1445 2247 1476 con-

212 1522 387 1563 uentus
427 1515 630 1563 vlterius
662 1555 670 1563 .
707 1555 716 1563 .
751 1554 759 1562 .
795 1521 1190 1562 exonerauerunt
1220 1554 1228 1562 .
1270 1554 1277 1562 .
1311 1554 1320 1562 .
1355 1513 1697 1563 Alexandrum
1735 1516 1795 1564 de
1833 1517 2077 1566 solucione
2110 1520 2248 1582 quin-

212 1624 306 1671 que
346 1606 623 1655 celdrarum
662 1605 898 1654 frumenti
936 1604 1064 1653 ordii
1103 1612 1152 1653 et
1188 1605 1374 1654 farrine
1411 1606 1538 1654 diae
1563 1606 1678 1654 ville
1703 1607 2022 1655 ecclesiastice
2059 1649 2067 1655 .
2106 1649 2113 1656 .
2146 1649 2154 1656 .
2189 1611 2249 1657 de

213 1715 343 1751 anno
379 1698 660 1747 immediate
694 1697 995 1762 precedente
1032 1696 1385 1745 confefitionem
1421 1697 1660 1760 presentis
1695 1697 1956 1745 indenture
1994 1697 2251 1746 ·Vlterius

215 1829 223 1838 .
261 1830 269 1837 .
308 1829 317 1838 .
356 1788 645 1837 Alexander
671 1788 918 1854 obligatur
954 1828 963 1836 .
1002 1828 1010 1836 .
1049 1828 1058 1836 .
1097 1787 1263 1836 abbati
1297 1828 1304 1836 .
1344 1828 1352 1836 .
1391 1828 1399 1836 .
1437 1788 1489 1836 in
1513 1788 1750 1837 fidelitate
1774 1788 1956 1837 auxilio
1982 1788 2179 1837 confilio
2206 1798 2253 1837 et

214 1881 595 1931 manutenencia
627 1921 636 1929 .
672 1921 680 1929 .
717 1920 726 1929 .
761 1897 912 1944 quum
941 1920 949 1928 .
988 1920 996 1928 .
1033 1919 1041 1928 .
1076 1879 1226 1928 fuerit
1266 1879 1526 1943 requisitus
1565 1881 1774 1929 durante
1814 1888 2034 1944 tempore
2076 1880 2252 1929 affeda-

216 1973 371 2022 cionis
397 1973 639 2022 di6harum
670 1973 935 2038 garbarum
960 1971 1273 2020 decimalium
1308 2009 1318 2019 .
1355 2011 1363 2019 .
1399 2012 1407 2020 .
1442 1971 1508 2020 Et
1532 1979 1586 2020 ut
1619 2011 1627 2019 .
1661 2012 1670 2020 .
1708 2011 1717 2020 .
1750 1972 1973 2035 predida
2002 2012 2010 2019 .
2046 2011 2053 2019 .
2093 2012 2100 2019 .
2134 1973 2253 2020 irre-

216 2065 507 2114 uocabiliter
549 2064 868 2113 obseruentur
909 2070 1117 2127 Vtraque
1162 2080 1278 2127 pars
1323 2063 1651 2111 iuramentum
1700 2062 1912 2127 prestitit
1958 2065 2212 2127 corporale
2241 2093 2251 2102 ·

216 2155 277 2204 In
319 2156 456 2205 cuius
482 2156 571 2204 vrei
612 2154 942 2204 testimonium
983 2154 1116 2219 parti
1165 2193 1173 2202 .
1222 2195 1231 2202 .
1283 2195 1291 2202 .
1342 2155 1605 2203 indenture
1648 2171 1759 2202 cum
1801 2193 1809 2202 .
1848 2194 1856 2201 .
1892 2194 1900 2201 .
1938 2155 2112 2202 abbate
2149 2194 2157 2201 .
2195 2194 2203 2202 .
2242 2195 2250 2202 .

217 2247 498 2296 remansure
523 2246 731 2313 sigillum
769 2287 778 2295 .
816 2287 824 2295 .
859 2287 867 2295 .
907 2246 1183 2295 Alexandri
1219 2286 1228 2294 .
1266 2286 1274 2294 .
1311 2286 1319 2294 .
1355 2262 1562 2294 vnacum
1588 2245 1744 2310 figillo
1768 2244 1985 2309 magistri
2008 2244 2043 2292 J
2046 2245 2253 2292 ohannis

221 2339 372 2389 Clerk
399 2347 518 2388 tunc
542 2339 719 2388 decani
742 2339 804 2388 de
828 2338 1004 2404 Angus
1035 2339 1146 2387 sunt
1181 2338 1395 2402 appensa
1418 2364 1427 2374 ·
1453 2344 1502 2385 et
1523 2336 1654 2401 parti
1690 2376 1698 2384 .
1736 2376 1744 2383 .
1783 2376 1792 2384 .
1830 2352 1939 2383 cum
1974 2375 1982 2384 .
2017 2376 2025 2384 .
2061 2376 2069 2383 .
2102 2335 2251 2384 Alex-

217 2433 372 2480 andro
396 2432 678 2483 remansure
701 2430 911 2497 figillum
946 2471 954 2480 .
989 2472 998 2480 .
1035 2471 1043 2479 .
1087 2430 1278 2480 abbatis
1302 2437 1350 2478 et
1375 2436 1646 2478 conuentus
1671 2426 1740 2477 est
1764 2428 2024 2492 appensum
2058 2467 2066 2475 .
2102 2467 2110 2475 .
2145 2467 2154 2475 .

221 2681 503 2751 Affedacio
526 2700 717 2749 brafine
741 2701 907 2749 nostre
932 2702 993 2749 de
1019 2700 1319 2766 Achmuthy.

223 2862 497 2935 Uniuerfis
537 2892 704 2949 pateat
738 2925 747 2934 .
791 2924 800 2934 .
844 2924 853 2933 .
894 2885 1195 2934 Malcomum
1243 2925 1253 2933 .
1302 2924 1310 2932 .
1354 2924 1363 2932 .
1406 2885 1630 2933 abbatem
1667 2924 1675 2932 .
1720 2924 1728 2932 .
1771 2924 1780 2933 .
1821 2886 1882 2933 de
1920 2885 2248 2933 Abirbrothoc

270 3013 282 3024 .
321 3014 331 3024 .
369 2975 592 3026 affedaffe
625 3016 634 3024 .
669 3016 678 3025 .
713 3016 722 3025 .
758 2976 1005 3024 Duncano
1031 2976 1188 3042 Bridy
1222 3015 1230 3023 .
1266 3015 1274 3024 .
1309 3015 1317 3024 .
1354 2974 1595 3023 brafinam
1634 2976 1846 3025 nostram
1882 2977 1942 3023 de
1965 2975 2248 3039 Achmuthy

220 3082 310 3129 pro
335 3068 546 3116 termino
570 3067 912 3116 nouemdecim
939 3083 1181 3115 annorum
1220 3106 1229 3115 .
1262 3107 1270 3115 .
1305 3106 1313 3115 .
1349 3067 1458 3130 post
1482 3067 1646 3115 datam
1669 3067 1973 3130 presencium
2005 3106 2013 3114 .
2052 3106 2059 3113 .
2095 3106 2103 3113 .
2138 3083 2246 3114 cum

224 3158 470 3206 communi
490 3158 689 3221 pastura
707 3157 770 3205 ad
789 3173 934 3205 vnam
952 3174 1153 3205 vaccam
1179 3164 1228 3205 et
1251 3166 1430 3220 equum
1454 3157 1507 3205 in
1533 3157 1652 3205 villa
1669 3156 1835 3205 nostra
1858 3157 1918 3206 de
1934 3156 2244 3219 Achmuthy-
