2762 3834
37 728 38 738 γ
52 651 140 702 ’262

61 2397 146 2447 263

640 328 1061 387 REGISTRUM
1094 329 1191 379 DE
1227 330 1787 384 ABERBROTHOC.
2137 342 2234 387 223

194 468 476 541 Affedacio
501 487 707 536 duarum
735 486 960 551 parcium
985 493 1228 536 terrarum
1257 489 1317 537 de
1347 487 1619 538 Suthterre.

192 624 467 698 Uniuerfis
507 652 675 710 pateat
714 682 724 693 .
767 682 778 693 .
825 681 836 692 .
879 661 968 692 nos
1008 643 1180 693 Dauid
1222 682 1232 693 .
1269 682 1280 693 .
1317 682 1330 693 .
1373 647 1598 697 abbatem
1638 685 1648 696 .
1693 685 1704 696 .
1747 684 1759 695 .
1801 648 1863 697 (16
1900 647 2237 698 Abirbrothoc

245 775 255 786 .
295 774 307 786 .
343 736 567 786 affedass‘e
612 774 623 785 .
669 774 680 785 .
724 774 734 784 .
777 735 983 785 Andree
1023 734 1141 785 Scot
1164 762 1175 773 ·
1199 735 1419 786 «Iohanni
1454 737 1571 789 Scot
1597 768 1607 778 ·
1631 747 1680 788 et
1703 738 1874 790 Dauid
1896 740 2008 805 Lyn
2033 768 2043 778 ·
2068 749 2117 791 et
2141 740 2235 790 suis

191 829 423 879 vxoribus
449 867 460 877 .
489 866 501 877 .
529 867 540 877 .
566 829 756 893 suisque
781 828 1150 877 coadiutoribus
1179 865 1191 876 .
1227 865 1239 876 .
1273 865 1284 876 .
1310 836 1467 878 terras
1492 831 1700 882 duarum
1724 833 1989 881 terciarum
2012 833 2234 897 parcium

191 921 306 970 ville
331 920 495 969 nostre
522 922 582 969 de
609 920 776 986 Terry
801 920 1025 968 Australi
1061 957 1072 968 .
1109 957 1120 968 .
1159 955 1171 968 .
1204 936 1296 984 pro
1332 922 1542 970 termino
1578 941 1758 973 nouem
1793 942 2035 973 annorum
2070 925 2235 975 datam

191 1014 495 1079 presencium
538 1013 823 1062 immediate
865 1012 1179 1077 sequencium
1218 1040 1228 1050 ·
1276 1011 1524 1062 Soluendo
1563 1052 1574 1063 .
1615 1052 1625 1063 .
1665 1053 1676 1063 .
1716 1023 1927 1079 quatuor
1950 1017 2101 1065 libras
2126 1019 2233 1065 octo

190 1105 367 1154 solidos
392 1116 440 1154 et
465 1105 693 1153 vndecim
721 1104 950 1152 denarios
985 1110 1183 1152 monete
1211 1102 1383 1153 Scocie
1414 1107 1478 1154 ad
1502 1107 1622 1154 duos
1647 1108 1763 1156 anni
1788 1109 2022 1157 terminos
2047 1108 2233 1157 vsuales

194 1236 204 1246 .
231 1235 242 1246 .
272 1235 283 1246 .
311 1215 420 1247 cum
458 1197 565 1246 iiiior
599 1196 780 1246 celdris
816 1213 1086 1244 auenarum
1122 1195 1346 1244 mensure
1380 1197 1476 1245 fori
1511 1199 1754 1248 currentis
1789 1201 1853 1248 ad
1880 1200 2116 1248 terminos
2139 1236 2152 1249 .
2179 1236 2192 1249 .
2220 1237 2231 1247 .

191 1306 372 1339 auenas
415 1288 640 1337 soluendi
683 1325 695 1336 .
741 1325 752 1336 .
793 1325 804 1336 .
849 1305 958 1336 cum
1002 1289 1112 1336 0800
1159 1290 1428 1354 caponibus
1478 1298 1526 1339 et
1567 1292 1674 1340 aliis
1717 1293 1825 1342 octo
1867 1293 2014 1357 pullis
2055 1292 2233 1341 adultis

190 1390 416 1449 rynmart
439 1381 615 1430 wethir
639 1388 689 1430 et
712 1380 822 1429 aliis
845 1380 1212 1430 husbandorum
1248 1382 1480 1430 oneribus
1517 1421 1526 1431 .
1563 1421 1575 1433 .
1613 1422 1622 1431 .
1660 1383 1770 1432 Nec
1803 1384 1972 1433 licebit
2000 1384 2234 1448 prediffls

191 1515 199 1524 .
233 1514 242 1524 .
275 1513 285 1523 .
319 1475 473 1525 (ὶὶἃειε
497 1475 619 1525 duas
643 1473 823 1522 tercias
847 1481 1013 1538 partes
1037 1472 1187 1522 alicui
1223 1512 1232 1522 .
1264 1512 1274 1522 .
1306 1511 1316 1522 .
1342 1472 1558 1522 affedare
1582 1473 1682 1523 fine
1706 1474 1873 1523 nostra
1891 1475 2101 1525 licencia
2132 1512 2143 1523 .
2177 1514 2187 1524 .
2221 1512 2232 1523 .

190 1567 389 1623 cotariis
425 1568 665 1616 duntaxat
701 1565 919 1631 exceptis
943 1595 955 1605 ·
981 1565 1222 1615 Preterea
1243 1563 1278 1614 fi
1313 1602 1324 1613 .
1361 1602 1373 1614 .
1410 1602 1421 1614 .
1453 1565 1582 1615 male
1616 1566 1948 1630 persoluentes
1983 1566 2062 1615 vel
2094 1565 2234 1614 nobis

191 1698 202 1708 .
230 1697 242 1709 .
270 1698 282 1709 .
307 1658 530 1708 iniuriofi
566 1658 834 1708 exteterint
867 1657 1038 1715 licebit
1072 1657 1214 1707 nobis
1249 1695 1260 1706 .
1297 1694 1309 1706 .
1345 1695 1356 1707 .
1381 1658 1444 1706 de
1478 1695 1489 1706 .
1524 1695 1535 1707 .
1570 1695 1581 1707 .
1614 1659 1759 1707 terris
1796 1660 1860 1707 ad
1898 1697 1909 1707 .
1949 1697 1960 1707 .
1996 1696 2007 1707 .
2042 1658 2235 1709 libitum

192 1790 202 1801 .
242 1790 253 1801 .
296 1789 307 1801 .
347 1752 606 1816 disponere
642 1788 653 1799 .
696 1788 707 1799 .
748 1787 759 1798 .
791 1750 1010 1800 *termino
1034 1750 1303 1800 introitus.
1332 1788 1343 1799 .
1371 1787 1383 1799 .
1407 1750 1677 1814 incipiente
1700 1751 1753 1799 in
1777 1750 1899 1800 festo
1923 1750 2236 1800 Pentecostes

189 1846 354 1895 datam
378 1843 682 1909 presencium
709 1842 993 1892 immediate
1017 1844 1251 1907 sequente
1291 1880 1301 1891 .
1341 1879 1352 1892 .
1392 1880 1403 1892 .
1441 1843 1594 1907 Apud
1632 1880 1644 1891 .
1683 1880 1694 1891 .
1731 1881 1742 1892 .
1774 1842 2040 1908 capitulum
2067 1842 2237 1893 xxviii⁰

190 1937 268 1986 die
292 1936 468 1986 mensis
492 1935 527 1984 J
531 1935 635 1984 unii
660 1952 791 1987 anno
815 1934 1023 1986 Domini
1051 1938 1197 1983 1485.

193 2186 475 2262 Affedacio
499 2208 766 2272 garbarum
793 2207 1108 2256 decimalium
1133 2208 1195 2255 de
1217 2205 1551 2271 meoquhy.

193 2370 466 2444 Uniuerfis
506 2399 676 2458 pateat
713 2429 724 2441 .
764 2429 776 2440 .
819 2428 831 2439 .
871 2408 961 2439 nos
1001 2390 1173 2440 Dauid
1219 2391 1445 2439 abbatem
1484 2427 1494 2438 .
1535 2427 1547 2439 .
1590 2427 1601 2437 .
1639 2390 1700 2437 de
1739 2388 2078 2438 Abirbrothoc
2115 2426 2126 2437 .
2165 2425 2176 2437 .
2221 2426 2232 2436 .

194 2480 415 2532 affedafl'e
439 2521 449 2531 .
482 2522 492 2532 .
531 2521 542 2531 .
575 2483 794 2532 Roberto
823 2483 1075 2532 Grahame
1099 2483 1161 2531 (16
1185 2482 1404 2548 Fyntree
1428 2490 1478 2531 et
1502 2482 1721 2531 Roberto
1750 2480 2000 2531 Grahame
2026 2480 2128 2531 filio
2154 2480 2234 2528 suo

194 2611 203 2621 .
241 2611 251 2621 .
286 2611 296 2621 .
332 2575 547 2623 decimas
584 2574 811 2639 garbales
849 2574 1040 2623 nostras
1079 2575 1195 2623 ville
1234 2575 1294 2623 de
1333 2574 1639 2638 anoquhy
1671 2580 1720 2622 et
1755 2573 1970 2623 decimas
2009 2572 2234 2637 garbales

194 2665 379 2714 nostras
404 2667 465 2715 de
489 2666 535 2715 le
560 2683 735 2732 manys
763 2665 1310 2732 Stradichyne-comitis
1332 2705 1343 2716 .
1364 2706 1374 2716 .
1398 2704 1408 2715 .
1431 2684 1522 2732 pro
1547 2665 1770 2715 terminis
1793 2682 1971 2714 nouem
1994 2682 2234 2713 annorum

195 2795 203 2805 .
233 2794 243 2804 .
271 2794 282 2805 .
315 2757 526 2806 termino
551 2775 670 2806 vero
694 2744 926 2806 introitus
964 2796 974 2806 .
1011 2795 1021 2806 .
1055 2795 1066 2806 .
1098 2758 1370 2823 incipiente
1393 2759 1446 2806 in
1471 2758 1592 2806 festo
1620 2756 1786 2806 Sanffl
1810 2757 1948 2805 Petri
1973 2755 2237 2805 aduincula

196 2848 354 2898 datam
379 2849 686 2914 presencium
710 2850 993 2899 immediate
1017 2849 1250 2913 sequente
1276 2888 1287 2899 .
1320 2888 1332 2900 .
1364 2888 1374 2898 .
1412 2849 1661 2900 Soluendo
1688 2886 1698 2897 .
1726 2886 1738 2897 .
1764 2888 1774 2899 .
1799 2866 1890 2913 pro
1917 2885 1928 2896 .
1957 2885 1968 2897 .
1996 2885 2007 2896 .
2033 2846 2233 2901 decimis

195 2941 474 3004 garbalibus
500 2980 511 2990 .
541 2979 553 2990 .
581 2979 592 2990 .
618 2942 679 2990 de
703 2942 750 2990 le
771 2959 947 3006 manys
971 2940 1451 3007 Stradichy-comitis
1476 2978 1487 2988 .
1513 2979 1523 2989 .
1551 2978 1562 2989 .
1589 2947 1800 3004 quatuor
1823 2940 1978 2988 bollas
2002 2939 2234 2987 frumenti

197 3032 366 3085 decem
399 3041 450 3083 et
473 3034 583 3082 octo
607 3033 764 3082 bollas
789 3032 929 3082 ordii
944 3039 993 3081 et
1016 3032 1188 3081 decem
1213 3040 1262 3081 et
1285 3033 1396 3083 octo
1421 3032 1576 3082 bollas
1601 3031 1787 3080 farrine
1809 3060 1820 3071 ·
1846 3038 1895 3081 et
1918 3047 2009 3095 pro
2032 3030 2234 3082 decimis

197 3123 475 3187 garbalibus
499 3123 615 3175 ville
640 3124 702 3173 de
718 3122 1025 3188 anoquhy
1044 3130 1256 3186 quatuor
1275 3123 1430 3172 bollas
1454 3122 1582 3172 ordii
1606 3130 1656 3177 et
1680 3121 1856 3186 viginti
1881 3129 1930 3171 et
1951 3123 2057 3172 οὸὶο
2080 3119 2232 3169 bollas
