2762 3834
663 374 761 420 218
1113 366 1536 420 REGISTRUM
1569 366 1666 417 DE
1697 364 2249 418 ABERBROTHOC.

664 574 945 647 Affedacio
969 593 1030 641 de
1055 592 1100 641 16
1125 589 1429 655 Amrycroft.

512 784 608 827 253
662 753 789 827 Nos
828 774 996 823 Dauid
1037 774 1185 822 abbas
1221 811 1231 822 .
1267 809 1278 820 .
1324 808 1335 819 .
1372 772 1433 819 de
1472 770 1810 821 Abirbrothoc
1856 810 1865 821 .
1916 811 1926 821 .
1963 811 1973 822 .
2011 771 2281 823 affedamus
2319 814 2329 824 .
2369 814 2379 824 .
2419 814 2429 825 .
2469 776 2701 843 Georgeo

503 1803 597 1846 254

661 865 810 930 Boyis
831 871 880 913 et
903 862 1173 912 Elezabeth
1199 862 1363 927 sponse
1387 864 1469 911 sue
1494 901 1504 911 .
1547 901 1557 912 ,
1597 900 1608 912 .
1642 863 1853 913 croftum
1886 903 1896 915 .
1930 903 1940 913 .
1970 904 1980 914 .
2006 865 2257 930 wlgariter
2280 876 2620 933 nuncupatum
2649 870 2696 919 le

658 956 996 1022 Almerycroft
1020 972 1129 1005 cum
1156 994 1165 1004 .
1199 995 1209 1005 .
1242 995 1252 1005 .
1290 955 1494 1004 decimis
1517 954 1803 1021 garbalibus
1836 994 1846 1005 .
1883 994 1893 1005 .
1931 995 1941 1006 .
1977 973 2068 1022 pro
2093 958 2317 1009 terminis
2341 959 2523 1024 septem
2550 977 2701 1010 anno-

658 1066 765 1098 rum
790 1088 799 1098 .
832 1088 841 1097 .
876 1088 885 1098 .
920 1049 1131 1097 termino
1156 1048 1387 1097 introitus
1414 1087 1424 1097 .
1456 1087 1466 1098 .
1504 1087 1514 1097 .
1546 1047 1819 1111 incipiente
1842 1047 1894 1097 in
1919 1048 2041 1097 festo
2066 1049 2380 1101 Pentecostes
2405 1052 2568 1102 datam
2593 1069 2703 1117 pre-

656 1141 870 1190 sencium
896 1139 1178 1189 immediate
1203 1139 1436 1204 sequente
1461 1168 1471 1179 ·
1502 1138 1752 1190 Soluendo
1779 1178 1787 1188 .
1814 1179 1823 1189 .
1851 1179 1860 1189 .
1887 1140 2095 1205 triginta
2111 1140 2289 1190 solidos
2306 1151 2504 1192 monete
2527 1142 2700 1193 Scocie

656 1234 717 1282 ad
747 1273 756 1283 .
794 1273 803 1283 .
841 1271 852 1282 .
889 1231 1009 1281 festa
1043 1272 1053 1282 .
1090 1272 1100 1281 .
1131 1272 1142 1282 .
1177 1232 1493 1282 Pentecostes
1533 1241 1582 1281 et
1627 1231 1794 1282 Sanai
1836 1231 2046 1282 Martini
2085 1273 2094 1282 .
2133 1273 2142 1283 .
2181 1273 2190 1283 .
2233 1234 2387 1300 Apud
2428 1220 2696 1301 capitulum

695 1365 703 1374 .
735 1365 743 1374 .
778 1325 878 1373 xxii
903 1325 983 1373 die
1007 1324 1181 1374 menfis
1205 1324 1240 1374 J
1244 1324 1346 1373 unii
1372 1341 1503 1374 anno
1527 1324 1735 1374 Domini
1763 1328 1907 1373 1485.

652 1599 934 1671 Affedaeio
961 1628 1203 1668 terrarum
1231 1618 1291 1667 de
1314 1618 1699 1683 Glenfarquhar.

653 1778 928 1852 Uniuerfis
974 1806 1139 1864 pateat
1177 1837 1187 1847 .
1228 1836 1238 1847 .
1279 1837 1290 1847 .
1326 1816 1416 1847 nos
1457 1798 1628 1847 Dauid
1672 1800 1901 1848 abbatem
1940 1837 1951 1847 .
1991 1837 2002 1847 .
2042 1835 2055 1847 .
2087 1799 2149 1847 (16
2190 1798 2527 1847 Abirbrotboc
2574 1836 2584 1844 .
2630 1837 2641 1847 .
2684 1837 2694 1847 .

652 1891 874 1940 affedaffe
917 1929 927 1939 .
975 1929 985 1939 .
1030 1929 1041 1939 .
1088 1890 1376 1939 Alexandro
1412 1889 1605 1940 Burnat
1629 1892 1691 1940 de
1715 1891 1866 1957 Leyis
1890 1898 1940 1940 et
1963 1890 2236 1940 Elezabeth
2261 1890 2430 1955 sponse
2460 1890 2542 1939 sue
2580 1928 2591 1939 .
2632 1928 2643 1939 .
2683 1928 2694 1939 .

652 1984 840 2048 suisque
866 1983 1231 2032 coadiutoribus
1256 1991 1305 2032 et
1328 1984 1698 2033 subtenentibus
1722 1984 1990 2032 dummodo
2029 2021 2041 2031 .
2081 2020 2092 2031 .
2133 2020 2144 2031 .
2182 1983 2244 2031 de
2271 1983 2505 2031 consensu
2528 1982 2696 2031 nostro

651 2076 954 2140 recipiantur
996 2113 1007 2124 .
1047 2113 1057 2124 .
1098 2113 1108 2123 .
1148 2084 1306 2125 terras
1345 2075 1535 2125 nostras
1570 2076 1631 2125 de
1673 2075 2045 2141 Glenfarquhar
2086 2091 2198 2124 cum
2238 2074 2536 2124 molendinis
2579 2112 2592 2123 .
2630 2111 2643 2123 .
2683 2112 2694 2122 .

652 2168 826 2232 quibus
849 2167 948 2233 ipse
973 2167 1260 2216 Alexander
1283 2168 1586 2232 temporibus
1622 2168 1881 2217 retroactis
1915 2167 2111 2233 gauisus
2133 2166 2204 2216 est
2227 2183 2319 2232 pro
2344 2174 2448 2216 toto
2473 2174 2695 2231 tempore

654 2261 749 2309 vite
777 2298 787 2309 .
815 2298 825 2308 .
855 2298 865 2308 .
891 2277 982 2325 pro
1007 2268 1143 2309 certa
1166 2260 1351 2309 summa
1373 2261 1613 2325 peccunie
1638 2260 1780 2309 nobis
1827 2296 1838 2307 .
1877 2296 1888 2308 .
1928 2296 1939 2307 .
1985 2258 2143 2307 soluta
2177 2297 2187 2307 .
2225 2297 2234 2307 .
2271 2297 2282 2308 .
2322 2256 2573 2307 Soluendo
2600 2296 2612 2307 .
2639 2295 2652 2307 .
2680 2295 2691 2307 .

781 2351 931 2401 libras
951 2389 962 2400 .
986 2389 997 2398 .
1020 2389 1031 2400 .
1051 2359 1247 2401 monete
1264 2351 1436 2401 Scocie
1452 2352 1516 2401 ad
1537 2390 1547 2400 .
1577 2390 1588 2401 .
1611 2390 1623 2401 .
1643 2353 1767 2402 festa
1786 2390 1798 2402 .
1819 2389 1831 2401 .
1852 2390 1864 2402 .
1885 2351 2202 2401 Pentecostes
2227 2358 2277 2400 et
2297 2349 2466 2400 Sancti
2484 2350 2694 2401 Martini

711 2480 722 2491 .
769 2480 779 2490 .
820 2460 930 2491 cum
954 2442 1063 2490 aliis
1086 2442 1305 2492 seruiciis
1329 2451 1378 2492 et
1403 2443 1635 2492 oneribus
1678 2482 1690 2493 .
1740 2483 1752 2494 .
1803 2482 1815 2495 .
1854 2444 2098 2496 consuetis
2122 2474 2133 2484 ·
2170 2444 2241 2493 ita
2265 2444 2399 2509 quod
2422 2443 2541 2493 dieti
2579 2481 2592 2493 .
2628 2480 2641 2492 .
2680 2481 2691 2492 .

654 2534 866 2583 habeant
898 2535 1187 2598 potestatem
1231 2534 1336 2599 [ad]
1379 2535 1691 2585 coadiutores
1727 2545 1775 2586 et
1801 2537 2115 2586 subtenentes
2152 2573 2163 2584 .
2216 2572 2227 2584 .
2282 2573 2293 2583 .
2340 2535 2693 2600 imponendum

654 2634 703 2675 et
727 2626 1068 2691 expellendum
1103 2665 1111 2674 .
1151 2664 1159 2673 .
1198 2666 1206 2674 .
1244 2626 1309 2675 Et
1331 2635 1559 2692 preterea
1582 2628 1617 2676 fi
1642 2629 1760 2678 dieti
1796 2666 1805 2676 .
1841 2666 1850 2676 .
1885 2665 1895 2676 .
1930 2628 2059 2678 male
2082 2627 2418 2693 persoluentes
2442 2627 2525 2675 seu
2549 2627 2690 2675 nobis

706 2756 718 2767 .
757 2756 768 2767 .
805 2718 1021 2766 iniuriofi
1063 2755 1073 2766 .
1116 2756 1127 2766 .
1171 2756 1182 2766 .
1220 2719 1484 2768 exteterint
1505 2720 1673 2769 licebit
1708 2720 1851 2769 nobis
1888 2758 1898 2768 .
1934 2759 1944 2768 .
1974 2758 1983 2766 .
2023 2720 2085 2769 de
2123 2758 2132 2767 .
2170 2758 2180 2767 .
2217 2758 2227 2766 .
2265 2718 2411 2767 terris
2435 2726 2484 2767 et
2507 2718 2690 2767 molen·

653 2811 780 2860 dinis
815 2848 824 2857 .
862 2848 870 2856 .
910 2846 921 2858 .
959 2809 1216 2874 disponere
1253 2848 1262 2857 .
1302 2848 1311 2858 .
1350 2848 1358 2857 .
1397 2811 1547 2875 Apud
1574 2811 1911 2862 Abirbrothoc
2047 2850 2056 2860 .
2098 2811 2218 2861 xxii⁰
2242 2812 2324 2860 die
2347 2811 2523 2860 menfis
2548 2810 2583 2859 J
2586 2810 2691 2859 unii

654 2919 783 2951 anno
808 2900 1013 2950 Domini
1042 2904 1185 2948 1485.
