<?xml version="1.0" encoding="UTF-8"?>
<!DOCTYPE html PUBLIC "-//W3C//DTD XHTML 1.0 Transitional//EN"
    "http://www.w3.org/TR/xhtml1/DTD/xhtml1-transitional.dtd">
<html xmlns="http://www.w3.org/1999/xhtml" xml:lang="en" lang="en">
 <head>
  <title>
</title>
<meta http-equiv="Content-Type" content="text/html;charset=utf-8" />
  <meta name='ocr-system' content='tesseract 3.04.00' />
  <meta name='ocr-capabilities' content='ocr_page ocr_carea ocr_par ocr_line ocrx_word'/>
</head>
<body>
  <div class='ocr_page' id='page_1' title='image "./libersthomedea8602arbruoft_0431.png"; bbox 0 0 2762 3834; ppageno 0'>
   <div class='ocr_carea' id='block_1_1' title="bbox 630 368 2215 433">
    <p class='ocr_par' dir='ltr' id='par_1_1' title="bbox 630 368 2215 433">
     <span class='ocr_line' id='line_1_1' title="bbox 630 368 2215 433; baseline 0.011 -17"><span class='ocrx_word' id='word_1_1' title='bbox 630 368 1056 418; x_wconf 87' lang='lat' dir='ltr'><strong>REGISTRUM</strong></span> <span class='ocrx_word' id='word_1_2' title='bbox 1089 370 1186 418; x_wconf 91' lang='lat' dir='ltr'><strong>DE</strong></span> <span class='ocrx_word' id='word_1_3' title='bbox 1222 371 1775 426; x_wconf 82' lang='lat' dir='ltr'><strong>ABERBROTHOC.·</strong></span> <span class='ocrx_word' id='word_1_4' title='bbox 2117 389 2215 433; x_wconf 49' lang='lat'><strong>331¹</strong></span> 
     </span>
    </p>
   </div>
   <div class='ocr_carea' id='block_1_2' title="bbox 186 499 2215 653">
    <p class='ocr_par' dir='ltr' id='par_1_2' title="bbox 186 499 2215 653">
     <span class='ocr_line' id='line_1_2' title="bbox 186 499 2211 576; baseline 0.006 -26"><span class='ocrx_word' id='word_1_5' title='bbox 186 501 487 550; x_wconf 90' lang='lat' dir='ltr'><strong>Abberdour</strong></span> <span class='ocrx_word' id='word_1_6' title='bbox 512 529 522 540; x_wconf 89' lang='lat'><strong>·</strong></span> <span class='ocrx_word' id='word_1_7' title='bbox 549 508 598 549; x_wconf 93' lang='lat' dir='ltr'><strong>et</strong></span> <span class='ocrx_word' id='word_1_8' title='bbox 617 500 818 548; x_wconf 90' lang='lat' dir='ltr'><strong>domino</strong></span> <span class='ocrx_word' id='word_1_9' title='bbox 836 499 872 548; x_wconf 89' lang='lat' dir='ltr'><strong>J</strong></span> <span class='ocrx_word' id='word_1_10' title='bbox 874 501 1069 550; x_wconf 89' lang='lat' dir='ltr'><strong>ohanne</strong></span> <span class='ocrx_word' id='word_1_11' title='bbox 1091 501 1372 569; x_wconf 87' lang='lat' dir='ltr'><strong>Streveling</strong></span> <span class='ocrx_word' id='word_1_12' title='bbox 1387 506 1580 554; x_wconf 91' lang='lat' dir='ltr'><strong>notario</strong></span> <span class='ocrx_word' id='word_1_13' title='bbox 1599 508 1796 571; x_wconf 90' lang='lat' dir='ltr'><strong>publico</strong></span> <span class='ocrx_word' id='word_1_14' title='bbox 1821 536 1831 546; x_wconf 91' lang='lat'><strong>·</strong></span> <span class='ocrx_word' id='word_1_15' title='bbox 1858 510 2211 576; x_wconf 85' lang='lat' dir='ltr'><strong>Quamquidem</strong></span> 
     </span>
     <span class='ocr_line' id='line_1_3' title="bbox 187 591 2215 653; baseline 0.006 -12"><span class='ocrx_word' id='word_1_16' title='bbox 187 599 373 641; x_wconf 84' lang='lat' dir='ltr'><strong>cartam</strong></span> <span class='ocrx_word' id='word_1_17' title='bbox 415 630 424 639; x_wconf 94' lang='lat'><strong>.</strong></span> <span class='ocrx_word' id='word_1_18' title='bbox 464 629 473 639; x_wconf 94' lang='lat'><em>.</em></span> <span class='ocrx_word' id='word_1_19' title='bbox 514 629 524 639; x_wconf 92' lang='lat'>.</span> <span class='ocrx_word' id='word_1_20' title='bbox 560 591 907 640; x_wconf 87' lang='lat' dir='ltr'><strong>confirmamus</strong></span> <span class='ocrx_word' id='word_1_21' title='bbox 931 592 1078 641; x_wconf 88' lang='lat' dir='ltr'><strong>saluis</strong></span> <span class='ocrx_word' id='word_1_22' title='bbox 1113 594 1256 642; x_wconf 85' lang='lat' dir='ltr'><strong>nobis</strong></span> <span class='ocrx_word' id='word_1_23' title='bbox 1293 632 1304 642; x_wconf 90' lang='lat'>.</span> <span class='ocrx_word' id='word_1_24' title='bbox 1345 633 1355 643; x_wconf 95' lang='lat'><strong>.</strong></span> <span class='ocrx_word' id='word_1_25' title='bbox 1388 635 1396 643; x_wconf 93' lang='lat'>.</span> <span class='ocrx_word' id='word_1_26' title='bbox 1433 596 1620 647; x_wconf 88' lang='lat' dir='ltr'><strong>iuribus</strong></span> <span class='ocrx_word' id='word_1_27' title='bbox 1664 637 1674 648; x_wconf 88' lang='lat'><em>.</em></span> <span class='ocrx_word' id='word_1_28' title='bbox 1717 640 1727 649; x_wconf 88' lang='lat'><strong>.</strong></span> <span class='ocrx_word' id='word_1_29' title='bbox 1775 638 1786 649; x_wconf 85' lang='lat'>.</span> <span class='ocrx_word' id='word_1_30' title='bbox 1832 602 2007 651; x_wconf 87' lang='lat' dir='ltr'><strong>debitis</strong></span> <span class='ocrx_word' id='word_1_31' title='bbox 2031 612 2079 652; x_wconf 94' lang='lat' dir='ltr'><strong>et</strong></span> <span class='ocrx_word' id='word_1_32' title='bbox 2104 622 2215 653; x_wconf 93' lang='lat' dir='ltr'><strong>con-</strong></span> 
     </span>
    </p>
   </div>
   <div class='ocr_carea' id='block_1_3' title="bbox 185 682 2217 839">
    <p class='ocr_par' dir='ltr' id='par_1_3' title="bbox 185 682 2217 839">
     <span class='ocr_line' id='line_1_4' title="bbox 185 682 2217 747; baseline 0.006 -15"><span class='ocrx_word' id='word_1_33' title='bbox 185 684 331 733; x_wconf 87' lang='lat' dir='ltr'><strong>suetis</strong></span> <span class='ocrx_word' id='word_1_34' title='bbox 382 720 392 731; x_wconf 91' lang='lat'><strong>.</strong></span> <span class='ocrx_word' id='word_1_35' title='bbox 439 720 450 731; x_wconf 89' lang='lat'>.</span> <span class='ocrx_word' id='word_1_36' title='bbox 494 721 504 732; x_wconf 92' lang='lat'><strong><em>.</em></strong></span> <span class='ocrx_word' id='word_1_37' title='bbox 555 682 711 747; x_wconf 92' lang='lat' dir='ltr'><strong>Apud</strong></span> <span class='ocrx_word' id='word_1_38' title='bbox 753 683 1093 734; x_wconf 89' lang='lat' dir='ltr'><strong>Abirbrothoc</strong></span> <span class='ocrx_word' id='word_1_39' title='bbox 1141 685 1273 735; x_wconf 87' lang='lat' dir='ltr'><strong>sexto</strong></span> <span class='ocrx_word' id='word_1_40' title='bbox 1321 687 1400 736; x_wconf 91' lang='lat' dir='ltr'><strong>die</strong></span> <span class='ocrx_word' id='word_1_41' title='bbox 1447 689 1620 738; x_wconf 86' lang='lat' dir='ltr'><strong>menfis</strong></span> <span class='ocrx_word' id='word_1_42' title='bbox 1666 690 1790 740; x_wconf 88' lang='lat' dir='ltr'><strong>Julii</strong></span> <span class='ocrx_word' id='word_1_43' title='bbox 1838 710 1967 741; x_wconf 86' lang='lat' dir='ltr'><strong>anno</strong></span> <span class='ocrx_word' id='word_1_44' title='bbox 2014 694 2217 744; x_wconf 87' lang='lat' dir='ltr'>Domini</span> 
     </span>
     <span class='ocr_line' id='line_1_5' title="bbox 185 773 867 839; baseline -0.001 -15"><span class='ocrx_word' id='word_1_45' title='bbox 185 775 438 824; x_wconf 89' lang='lat' dir='ltr'><strong>millefimo</strong></span> <span class='ocrx_word' id='word_1_46' title='bbox 463 773 867 839; x_wconf 84' lang='lat' dir='ltr'><strong>quingentefimO.</strong></span> 
     </span>
    </p>
   </div>
   <div class='ocr_carea' id='block_1_4' title="bbox 184 1031 1904 1124">
    <p class='ocr_par' dir='ltr' id='par_1_4' title="bbox 184 1031 1904 1124">
     <span class='ocr_line' id='line_1_6' title="bbox 184 1031 1904 1124; baseline 0.003 -21"><span class='ocrx_word' id='word_1_47' title='bbox 184 1031 515 1119; x_wconf 83' lang='lat' dir='ltr'><strong>Innercanny</strong></span> <span class='ocrx_word' id='word_1_48' title='bbox 542 1052 786 1102; x_wconf 86' lang='lat' dir='ltr'><strong>affedatur</strong></span> <span class='ocrx_word' id='word_1_49' title='bbox 811 1052 1104 1101; x_wconf 86' lang='lat' dir='ltr'><strong>Alexandro</strong></span> <span class='ocrx_word' id='word_1_50' title='bbox 1130 1053 1322 1104; x_wconf 90' lang='lat' dir='ltr'><strong>Burnat</strong></span> <span class='ocrx_word' id='word_1_51' title='bbox 1346 1062 1394 1103; x_wconf 90' lang='lat' dir='ltr'><strong>et</strong></span> <span class='ocrx_word' id='word_1_52' title='bbox 1422 1055 1607 1120; x_wconf 87' lang='lat' dir='ltr'><strong>Agneti</strong></span> <span class='ocrx_word' id='word_1_53' title='bbox 1632 1058 1904 1124; x_wconf 90' lang='lat' dir='ltr'><strong>Lychtone.</strong></span> 
     </span>
    </p>
   </div>
   <div class='ocr_carea' id='block_1_5' title="bbox 136 1235 2218 1293">
    <p class='ocr_par' dir='ltr' id='par_1_5' title="bbox 136 1235 2218 1293">
     <span class='ocr_line' id='line_1_7' title="bbox 136 1235 2218 1293; baseline 0.004 -8"><span class='ocrx_word' id='word_1_54' title='bbox 136 1274 142 1278; x_wconf 69' lang='grc'>.</span> <span class='ocrx_word' id='word_1_55' title='bbox 188 1275 199 1285; x_wconf 91' lang='grc'><em>.</em></span> <span class='ocrx_word' id='word_1_56' title='bbox 237 1274 248 1285; x_wconf 94' lang='grc'><strong><em>.</em></strong></span> <span class='ocrx_word' id='word_1_57' title='bbox 288 1274 299 1285; x_wconf 93' lang='grc'><strong>.</strong></span> <span class='ocrx_word' id='word_1_58' title='bbox 337 1236 514 1286; x_wconf 91' lang='lat' dir='ltr'><strong>Pateat</strong></span> <span class='ocrx_word' id='word_1_59' title='bbox 552 1274 562 1285; x_wconf 90' lang='lat'><strong>.</strong></span> <span class='ocrx_word' id='word_1_60' title='bbox 603 1273 615 1285; x_wconf 87' lang='lat'><strong>.</strong></span> <span class='ocrx_word' id='word_1_61' title='bbox 655 1274 667 1285; x_wconf 90' lang='lat'><strong>.</strong></span> <span class='ocrx_word' id='word_1_62' title='bbox 704 1253 794 1284; x_wconf 89' lang='lat' dir='ltr'><strong>nos</strong></span> <span class='ocrx_word' id='word_1_63' title='bbox 820 1235 992 1284; x_wconf 91' lang='lat' dir='ltr'><strong>Dauid</strong></span> <span class='ocrx_word' id='word_1_64' title='bbox 1028 1273 1038 1283; x_wconf 88' lang='lat'><strong>.</strong></span> <span class='ocrx_word' id='word_1_65' title='bbox 1086 1275 1096 1285; x_wconf 90' lang='lat'>.</span> <span class='ocrx_word' id='word_1_66' title='bbox 1141 1273 1150 1284; x_wconf 92' lang='lat'><strong>.</strong></span> <span class='ocrx_word' id='word_1_67' title='bbox 1194 1238 1418 1287; x_wconf 82' lang='lat' dir='ltr'>abbatem</span> <span class='ocrx_word' id='word_1_68' title='bbox 1465 1277 1475 1288; x_wconf 94' lang='lat'><strong><em>.</em></strong></span> <span class='ocrx_word' id='word_1_69' title='bbox 1522 1277 1533 1288; x_wconf 94' lang='lat'><strong><em>.</em></strong></span> <span class='ocrx_word' id='word_1_70' title='bbox 1582 1278 1593 1289; x_wconf 89' lang='lat'><strong>.</strong></span> <span class='ocrx_word' id='word_1_71' title='bbox 1632 1242 1693 1290; x_wconf 92' lang='lat' dir='ltr'><strong>de</strong></span> <span class='ocrx_word' id='word_1_72' title='bbox 1719 1242 2055 1293; x_wconf 89' lang='lat' dir='ltr'><strong>Abirbrothoc</strong></span> <span class='ocrx_word' id='word_1_73' title='bbox 2099 1282 2109 1292; x_wconf 89' lang='lat'><strong>.</strong></span> <span class='ocrx_word' id='word_1_74' title='bbox 2155 1283 2165 1293; x_wconf 86' lang='lat'><strong>.</strong></span> <span class='ocrx_word' id='word_1_75' title='bbox 2209 1283 2218 1293; x_wconf 91' lang='lat'>.</span> 
     </span>
    </p>
   </div>
   <div class='ocr_carea' id='block_1_6' title="bbox 187 1328 2228 2957">
    <p class='ocr_par' dir='ltr' id='par_1_6' title="bbox 187 1328 2228 2501">
     <span class='ocr_line' id='line_1_8' title="bbox 187 1328 2221 1395; baseline 0.003 -17"><span class='ocrx_word' id='word_1_76' title='bbox 187 1329 412 1379; x_wconf 77' lang='lat' dir='ltr'><strong>affedafl&#39;e</strong></span> <span class='ocrx_word' id='word_1_77' title='bbox 449 1368 459 1378; x_wconf 87' lang='lat'>.</span> <span class='ocrx_word' id='word_1_78' title='bbox 503 1368 513 1379; x_wconf 89' lang='lat'><strong>.</strong></span> <span class='ocrx_word' id='word_1_79' title='bbox 557 1368 567 1377; x_wconf 90' lang='lat'><strong>.</strong></span> <span class='ocrx_word' id='word_1_80' title='bbox 612 1329 902 1378; x_wconf 85' lang='lat' dir='ltr'><strong>Alexandro</strong></span> <span class='ocrx_word' id='word_1_81' title='bbox 951 1328 1144 1378; x_wconf 90' lang='lat' dir='ltr'><strong>Burnat</strong></span> <span class='ocrx_word' id='word_1_82' title='bbox 1189 1329 1291 1377; x_wconf 90' lang='lat' dir='ltr'><strong>filio</strong></span> <span class='ocrx_word' id='word_1_83' title='bbox 1340 1337 1388 1378; x_wconf 91' lang='lat' dir='ltr'><strong>et</strong></span> <span class='ocrx_word' id='word_1_84' title='bbox 1433 1332 1688 1395; x_wconf 82' lang='lat' dir='ltr'>apparenti</span> <span class='ocrx_word' id='word_1_85' title='bbox 1735 1332 1906 1382; x_wconf 91' lang='lat' dir='ltr'><strong>heredi</strong></span> <span class='ocrx_word' id='word_1_86' title='bbox 1948 1335 2221 1384; x_wconf 83' lang='lat' dir='ltr'><strong>Alexandri</strong></span> 
     </span>
     <span class='ocr_line' id='line_1_9' title="bbox 188 1421 2221 1491; baseline 0.002 -20"><span class='ocrx_word' id='word_1_87' title='bbox 188 1422 379 1471; x_wconf 89' lang='lat' dir='ltr'><strong>Burnat</strong></span> <span class='ocrx_word' id='word_1_88' title='bbox 424 1422 514 1471; x_wconf 92' lang='lat' dir='ltr'><strong>filii</strong></span> <span class='ocrx_word' id='word_1_89' title='bbox 562 1430 610 1471; x_wconf 92' lang='lat' dir='ltr'><strong>et</strong></span> <span class='ocrx_word' id='word_1_90' title='bbox 656 1421 854 1471; x_wconf 87' lang='lat' dir='ltr'><strong>heredis</strong></span> <span class='ocrx_word' id='word_1_91' title='bbox 901 1421 1090 1469; x_wconf 90' lang='lat' dir='ltr'><strong>domini</strong></span> <span class='ocrx_word' id='word_1_92' title='bbox 1137 1422 1197 1469; x_wconf 93' lang='lat' dir='ltr'><strong>de</strong></span> <span class='ocrx_word' id='word_1_93' title='bbox 1244 1421 1394 1486; x_wconf 91' lang='lat' dir='ltr'><strong>Leyis</strong></span> <span class='ocrx_word' id='word_1_94' title='bbox 1436 1429 1484 1471; x_wconf 94' lang='lat' dir='ltr'><strong>et</strong></span> <span class='ocrx_word' id='word_1_95' title='bbox 1526 1423 1711 1488; x_wconf 85' lang='lat' dir='ltr'><strong>Agneti</strong></span> <span class='ocrx_word' id='word_1_96' title='bbox 1758 1425 2015 1489; x_wconf 89' lang='lat' dir='ltr'><strong>Lychtone</strong></span> <span class='ocrx_word' id='word_1_97' title='bbox 2055 1427 2221 1491; x_wconf 91' lang='lat' dir='ltr'><strong>sponse</strong></span> 
     </span>
     <span class='ocr_line' id='line_1_10' title="bbox 187 1513 2224 1578; baseline 0.002 -16"><span class='ocrx_word' id='word_1_98' title='bbox 187 1516 268 1563; x_wconf 84' lang='lat' dir='ltr'><strong>sue</strong></span> <span class='ocrx_word' id='word_1_99' title='bbox 323 1514 513 1578; x_wconf 91' lang='lat' dir='ltr'><strong>suisque</strong></span> <span class='ocrx_word' id='word_1_100' title='bbox 570 1513 941 1562; x_wconf 88' lang='lat' dir='ltr'><strong>coadiutoribus</strong></span> <span class='ocrx_word' id='word_1_101' title='bbox 1000 1521 1050 1562; x_wconf 91' lang='lat' dir='ltr'><strong>et</strong></span> <span class='ocrx_word' id='word_1_102' title='bbox 1108 1513 1474 1562; x_wconf 89' lang='lat' dir='ltr'><strong>subtenentibus</strong></span> <span class='ocrx_word' id='word_1_103' title='bbox 1524 1552 1533 1561; x_wconf 93' lang='lat'>.</span> <span class='ocrx_word' id='word_1_104' title='bbox 1586 1554 1595 1563; x_wconf 94' lang='lat'>.</span> <span class='ocrx_word' id='word_1_105' title='bbox 1647 1553 1656 1563; x_wconf 93' lang='lat'><strong><em>.</em></strong></span> <span class='ocrx_word' id='word_1_106' title='bbox 1705 1532 1803 1564; x_wconf 92' lang='lat' dir='ltr'><strong>non</strong></span> <span class='ocrx_word' id='word_1_107' title='bbox 1854 1555 1863 1564; x_wconf 95' lang='lat'>.</span> <span class='ocrx_word' id='word_1_108' title='bbox 1913 1556 1921 1565; x_wconf 91' lang='lat'><strong>.</strong></span> <span class='ocrx_word' id='word_1_109' title='bbox 1969 1556 1980 1566; x_wconf 85' lang='lat'><strong>.</strong></span> <span class='ocrx_word' id='word_1_110' title='bbox 2027 1519 2224 1566; x_wconf 88' lang='lat' dir='ltr'><strong>maioris</strong></span> 
     </span>
     <span class='ocr_line' id='line_1_11' title="bbox 187 1604 2225 1674; baseline 0.002 -20"><span class='ocrx_word' id='word_1_111' title='bbox 187 1607 338 1656; x_wconf 88' lang='lat' dir='ltr'><strong>status</strong></span> <span class='ocrx_word' id='word_1_112' title='bbox 362 1623 510 1671; x_wconf 89' lang='lat' dir='ltr'><strong>quam</strong></span> <span class='ocrx_word' id='word_1_113' title='bbox 539 1605 749 1670; x_wconf 59' lang='lat' dir='ltr'><strong>predicti</strong></span> <span class='ocrx_word' id='word_1_114' title='bbox 781 1643 792 1654; x_wconf 89' lang='lat'><em>.</em></span> <span class='ocrx_word' id='word_1_115' title='bbox 832 1643 843 1654; x_wconf 92' lang='lat'><em>.</em></span> <span class='ocrx_word' id='word_1_116' title='bbox 887 1643 897 1654; x_wconf 92' lang='lat'>.</span> <span class='ocrx_word' id='word_1_117' title='bbox 934 1612 1094 1654; x_wconf 88' lang='lat' dir='ltr'><strong>terras</strong></span> <span class='ocrx_word' id='word_1_118' title='bbox 1129 1604 1320 1654; x_wconf 90' lang='lat' dir='ltr'><strong>nostras</strong></span> <span class='ocrx_word' id='word_1_119' title='bbox 1354 1605 1469 1654; x_wconf 88' lang='lat' dir='ltr'><strong>ville</strong></span> <span class='ocrx_word' id='word_1_120' title='bbox 1501 1606 1665 1655; x_wconf 89' lang='lat' dir='ltr'><strong>nostre</strong></span> <span class='ocrx_word' id='word_1_121' title='bbox 1689 1608 1750 1656; x_wconf 90' lang='lat' dir='ltr'><strong>de</strong></span> <span class='ocrx_word' id='word_1_122' title='bbox 1775 1607 2090 1674; x_wconf 89' lang='lat' dir='ltr'><strong>Innercanny</strong></span> <span class='ocrx_word' id='word_1_123' title='bbox 2115 1627 2225 1658; x_wconf 88' lang='lat' dir='ltr'><strong>cum</strong></span> 
     </span>
     <span class='ocr_line' id='line_1_12' title="bbox 187 1697 2226 1766; baseline 0.001 -20"><span class='ocrx_word' id='word_1_124' title='bbox 187 1698 472 1747; x_wconf 89' lang='lat' dir='ltr'><strong>molendino</strong></span> <span class='ocrx_word' id='word_1_125' title='bbox 517 1735 527 1746; x_wconf 95' lang='lat'>.</span> <span class='ocrx_word' id='word_1_126' title='bbox 571 1736 581 1746; x_wconf 91' lang='lat'><strong>.</strong></span> <span class='ocrx_word' id='word_1_127' title='bbox 627 1737 636 1746; x_wconf 92' lang='lat'><strong>.</strong></span> <span class='ocrx_word' id='word_1_128' title='bbox 680 1706 729 1746; x_wconf 90' lang='lat' dir='ltr'><strong>et</strong></span> <span class='ocrx_word' id='word_1_129' title='bbox 771 1697 1026 1746; x_wconf 87' lang='lat' dir='ltr'><strong>dimidiam</strong></span> <span class='ocrx_word' id='word_1_130' title='bbox 1072 1704 1267 1762; x_wconf 87' lang='lat' dir='ltr'><strong>partem</strong></span> <span class='ocrx_word' id='word_1_131' title='bbox 1308 1697 1424 1746; x_wconf 88' lang='lat' dir='ltr'><strong>ville</strong></span> <span class='ocrx_word' id='word_1_132' title='bbox 1465 1697 1627 1747; x_wconf 89' lang='lat' dir='ltr'><strong>nostre</strong></span> <span class='ocrx_word' id='word_1_133' title='bbox 1669 1700 1729 1748; x_wconf 93' lang='lat' dir='ltr'><strong>de</strong></span> <span class='ocrx_word' id='word_1_134' title='bbox 1774 1699 2074 1766; x_wconf 89' lang='lat' dir='ltr'><strong>Banquhory</strong></span> <span class='ocrx_word' id='word_1_135' title='bbox 2116 1718 2226 1750; x_wconf 88' lang='lat' dir='ltr'><strong>cum</strong></span> 
     </span>
     <span class='ocr_line' id='line_1_13' title="bbox 192 1787 2228 1857; baseline -0 -17"><span class='ocrx_word' id='word_1_136' title='bbox 192 1791 368 1857; x_wconf 85' lang='lat' dir='ltr'><strong>cymba</strong></span> <span class='ocrx_word' id='word_1_137' title='bbox 391 1787 607 1840; x_wconf 84' lang='lat' dir='ltr'><strong>eiusdem</strong></span> <span class='ocrx_word' id='word_1_138' title='bbox 631 1808 723 1855; x_wconf 87' lang='lat' dir='ltr'><strong>pro</strong></span> <span class='ocrx_word' id='word_1_139' title='bbox 747 1797 852 1839; x_wconf 92' lang='lat' dir='ltr'><strong>toto</strong></span> <span class='ocrx_word' id='word_1_140' title='bbox 877 1797 1100 1854; x_wconf 90' lang='lat' dir='ltr'><strong>tempore</strong></span> <span class='ocrx_word' id='word_1_141' title='bbox 1120 1789 1220 1837; x_wconf 91' lang='lat' dir='ltr'><strong>vite</strong></span> <span class='ocrx_word' id='word_1_142' title='bbox 1263 1829 1270 1837; x_wconf 97' lang='lat'>.</span> <span class='ocrx_word' id='word_1_143' title='bbox 1319 1827 1328 1837; x_wconf 94' lang='lat'><strong>.</strong></span> <span class='ocrx_word' id='word_1_144' title='bbox 1373 1828 1382 1837; x_wconf 89' lang='lat'><strong>.</strong></span> <span class='ocrx_word' id='word_1_145' title='bbox 1426 1789 1601 1853; x_wconf 89' lang='lat' dir='ltr'><strong>quibus</strong></span> <span class='ocrx_word' id='word_1_146' title='bbox 1641 1829 1651 1839; x_wconf 93' lang='lat'><strong>.</strong></span> <span class='ocrx_word' id='word_1_147' title='bbox 1691 1828 1700 1838; x_wconf 93' lang='lat'><strong>.</strong></span> <span class='ocrx_word' id='word_1_148' title='bbox 1742 1830 1750 1838; x_wconf 92' lang='lat'><strong>.</strong></span> <span class='ocrx_word' id='word_1_149' title='bbox 1794 1790 2022 1840; x_wconf 81' lang='lat' dir='ltr'><strong>Andreas</strong></span> <span class='ocrx_word' id='word_1_150' title='bbox 2056 1790 2228 1857; x_wconf 86' lang='lat' dir='ltr'><strong>Smyth</strong></span> 
     </span>
     <span class='ocr_line' id='line_1_14' title="bbox 188 1881 2228 1949; baseline -0 -17"><span class='ocrx_word' id='word_1_151' title='bbox 188 1884 434 1949; x_wconf 83' lang='lat' dir='ltr'><strong>gaudebat</strong></span> <span class='ocrx_word' id='word_1_152' title='bbox 458 1883 763 1947; x_wconf 85' lang='lat' dir='ltr'><strong>temporibus</strong></span> <span class='ocrx_word' id='word_1_153' title='bbox 798 1881 1055 1931; x_wconf 64' lang='lat' dir='ltr'><strong>retroactis</strong></span> <span class='ocrx_word' id='word_1_154' title='bbox 1088 1910 1099 1921; x_wconf 88' lang='lat'><strong>·</strong></span> <span class='ocrx_word' id='word_1_155' title='bbox 1133 1882 1347 1930; x_wconf 87' lang='lat' dir='ltr'><strong>termino</strong></span> <span class='ocrx_word' id='word_1_156' title='bbox 1373 1899 1491 1930; x_wconf 88' lang='lat' dir='ltr'><strong>vero</strong></span> <span class='ocrx_word' id='word_1_157' title='bbox 1527 1882 1757 1931; x_wconf 84' lang='lat' dir='ltr'><strong>introitus</strong></span> <span class='ocrx_word' id='word_1_158' title='bbox 1801 1921 1811 1930; x_wconf 92' lang='lat'><strong><em>.</em></strong></span> <span class='ocrx_word' id='word_1_159' title='bbox 1856 1920 1867 1931; x_wconf 86' lang='lat'><strong>.</strong></span> <span class='ocrx_word' id='word_1_160' title='bbox 1912 1920 1923 1930; x_wconf 91' lang='lat'>.</span> <span class='ocrx_word' id='word_1_161' title='bbox 1963 1883 2228 1947; x_wconf 86' lang='lat' dir='ltr'><strong>incipiente</strong></span> 
     </span>
     <span class='ocr_line' id='line_1_15' title="bbox 190 1973 2228 2038; baseline -0.001 -14"><span class='ocrx_word' id='word_1_162' title='bbox 190 1977 241 2025; x_wconf 92' lang='lat' dir='ltr'><strong>in</strong></span> <span class='ocrx_word' id='word_1_163' title='bbox 279 1975 400 2025; x_wconf 88' lang='lat' dir='ltr'><strong>festo</strong></span> <span class='ocrx_word' id='word_1_164' title='bbox 436 1975 789 2025; x_wconf 88' lang='lat' dir='ltr'><strong>Penthecostes</strong></span> <span class='ocrx_word' id='word_1_165' title='bbox 830 1975 1116 2023; x_wconf 89' lang='lat' dir='ltr'><strong>immediate</strong></span> <span class='ocrx_word' id='word_1_166' title='bbox 1150 1973 1260 2038; x_wconf 89' lang='lat' dir='ltr'><strong>post</strong></span> <span class='ocrx_word' id='word_1_167' title='bbox 1295 1974 1459 2022; x_wconf 88' lang='lat' dir='ltr'><strong>datam</strong></span> <span class='ocrx_word' id='word_1_168' title='bbox 1494 1974 1835 2038; x_wconf 86' lang='lat' dir='ltr'><strong>presencium.</strong></span> <span class='ocrx_word' id='word_1_169' title='bbox 1879 2013 1888 2022; x_wconf 95' lang='lat'>.</span> <span class='ocrx_word' id='word_1_170' title='bbox 1931 2013 1955 2029; x_wconf 36' lang='grc' dir='ltr'><strong>,Ι</strong></span> <span class='ocrx_word' id='word_1_171' title='bbox 1983 1973 2228 2023; x_wconf 89' lang='lat' dir='ltr'><strong>Soluendo</strong></span> 
     </span>
     <span class='ocr_line' id='line_1_16' title="bbox 192 2065 2228 2133; baseline -0.002 -16"><span class='ocrx_word' id='word_1_172' title='bbox 192 2109 201 2117; x_wconf 88' lang='lat'><strong>.</strong></span> <span class='ocrx_word' id='word_1_173' title='bbox 246 2105 256 2116; x_wconf 90' lang='lat'><strong>.</strong></span> <span class='ocrx_word' id='word_1_174' title='bbox 305 2105 314 2117; x_wconf 88' lang='lat'><strong>.</strong></span> <span class='ocrx_word' id='word_1_175' title='bbox 358 2085 449 2133; x_wconf 92' lang='lat' dir='ltr'><strong>pro</strong></span> <span class='ocrx_word' id='word_1_176' title='bbox 473 2068 618 2117; x_wconf 89' lang='lat' dir='ltr'><strong>firma</strong></span> <span class='ocrx_word' id='word_1_177' title='bbox 665 2105 677 2116; x_wconf 90' lang='lat'><strong>.</strong></span> <span class='ocrx_word' id='word_1_178' title='bbox 724 2105 734 2116; x_wconf 93' lang='lat'><strong>.</strong></span> <span class='ocrx_word' id='word_1_179' title='bbox 781 2106 791 2116; x_wconf 91' lang='lat'><strong>.</strong></span> <span class='ocrx_word' id='word_1_180' title='bbox 841 2068 902 2116; x_wconf 93' lang='lat' dir='ltr'><strong>de</strong></span> <span class='ocrx_word' id='word_1_181' title='bbox 927 2066 1249 2131; x_wconf 89' lang='lat' dir='ltr'><strong>Innercanny</strong></span> <span class='ocrx_word' id='word_1_182' title='bbox 1275 2074 1322 2114; x_wconf 93' lang='lat' dir='ltr'><strong>et</strong></span> <span class='ocrx_word' id='word_1_183' title='bbox 1352 2065 1636 2114; x_wconf 84' lang='lat' dir='ltr'><strong>molendino</strong></span> <span class='ocrx_word' id='word_1_184' title='bbox 1681 2103 1690 2113; x_wconf 94' lang='lat'><strong>.</strong></span> <span class='ocrx_word' id='word_1_185' title='bbox 1735 2102 1746 2113; x_wconf 91' lang='lat'>.</span> <span class='ocrx_word' id='word_1_186' title='bbox 1791 2102 1800 2113; x_wconf 90' lang='lat'>.</span> <span class='ocrx_word' id='word_1_187' title='bbox 1844 2073 1942 2114; x_wconf 86' lang='lat' dir='ltr'><strong>tres</strong></span> <span class='ocrx_word' id='word_1_188' title='bbox 1972 2065 2120 2114; x_wconf 88' lang='lat' dir='ltr'><strong>libras</strong></span> <span class='ocrx_word' id='word_1_189' title='bbox 2152 2066 2228 2114; x_wconf 86' lang='lat' dir='ltr'><strong>sex</strong></span> 
     </span>
     <span class='ocr_line' id='line_1_17' title="bbox 190 2156 2228 2224; baseline -0.002 -16"><span class='ocrx_word' id='word_1_190' title='bbox 190 2160 367 2208; x_wconf 87' lang='lat' dir='ltr'><strong>solidos</strong></span> <span class='ocrx_word' id='word_1_191' title='bbox 403 2168 452 2209; x_wconf 92' lang='lat' dir='ltr'><strong>et</strong></span> <span class='ocrx_word' id='word_1_192' title='bbox 489 2162 597 2208; x_wconf 64' lang='lat' dir='ltr'><strong>oao</strong></span> <span class='ocrx_word' id='word_1_193' title='bbox 634 2159 866 2209; x_wconf 87' lang='lat' dir='ltr'><strong>denarios</strong></span> <span class='ocrx_word' id='word_1_194' title='bbox 891 2187 901 2198; x_wconf 89' lang='lat'><strong>·</strong></span> <span class='ocrx_word' id='word_1_195' title='bbox 930 2167 979 2207; x_wconf 91' lang='lat' dir='ltr'><strong>et</strong></span> <span class='ocrx_word' id='word_1_196' title='bbox 1010 2176 1102 2223; x_wconf 94' lang='lat' dir='ltr'><strong>pro</strong></span> <span class='ocrx_word' id='word_1_197' title='bbox 1128 2158 1330 2206; x_wconf 90' lang='lat' dir='ltr'><strong>dimidia</strong></span> <span class='ocrx_word' id='word_1_198' title='bbox 1366 2166 1507 2222; x_wconf 88' lang='lat' dir='ltr'><strong>parte</strong></span> <span class='ocrx_word' id='word_1_199' title='bbox 1549 2195 1560 2206; x_wconf 90' lang='lat'><strong>.</strong></span> <span class='ocrx_word' id='word_1_200' title='bbox 1605 2194 1616 2205; x_wconf 92' lang='lat'><strong>.</strong></span> <span class='ocrx_word' id='word_1_201' title='bbox 1659 2191 1671 2204; x_wconf 87' lang='lat'><strong>.</strong></span> <span class='ocrx_word' id='word_1_202' title='bbox 1711 2158 1771 2205; x_wconf 92' lang='lat' dir='ltr'><strong>de</strong></span> <span class='ocrx_word' id='word_1_203' title='bbox 1796 2156 2095 2221; x_wconf 87' lang='lat' dir='ltr'><strong>Banquhory</strong></span> <span class='ocrx_word' id='word_1_204' title='bbox 2120 2174 2228 2224; x_wconf 88' lang='lat' dir='ltr'><strong>cum</strong></span> 
     </span>
     <span class='ocr_line' id='line_1_18' title="bbox 192 2248 2224 2318; baseline -0.002 -18"><span class='ocrx_word' id='word_1_205' title='bbox 192 2253 368 2318; x_wconf 84' lang='lat' dir='ltr'><strong>cymba</strong></span> <span class='ocrx_word' id='word_1_206' title='bbox 412 2288 422 2300; x_wconf 93' lang='lat'><strong>.</strong></span> <span class='ocrx_word' id='word_1_207' title='bbox 468 2290 480 2300; x_wconf 89' lang='lat'><strong>.</strong></span> <span class='ocrx_word' id='word_1_208' title='bbox 526 2289 538 2300; x_wconf 89' lang='lat'><strong>.</strong></span> <span class='ocrx_word' id='word_1_209' title='bbox 581 2251 840 2301; x_wconf 84' lang='lat' dir='ltr'><strong>tresdecim</strong></span> <span class='ocrx_word' id='word_1_210' title='bbox 883 2250 1064 2299; x_wconf 87' lang='lat' dir='ltr'><strong>solidos</strong></span> <span class='ocrx_word' id='word_1_211' title='bbox 1107 2258 1155 2299; x_wconf 92' lang='lat' dir='ltr'><strong>et</strong></span> <span class='ocrx_word' id='word_1_212' title='bbox 1193 2258 1404 2314; x_wconf 89' lang='lat' dir='ltr'><strong>quatuor</strong></span> <span class='ocrx_word' id='word_1_213' title='bbox 1445 2248 1672 2298; x_wconf 88' lang='lat' dir='ltr'><strong>denarios</strong></span> <span class='ocrx_word' id='word_1_214' title='bbox 1717 2286 1726 2295; x_wconf 89' lang='lat'><em>.</em></span> <span class='ocrx_word' id='word_1_215' title='bbox 1770 2285 1781 2295; x_wconf 93' lang='lat'><strong>.</strong></span> <span class='ocrx_word' id='word_1_216' title='bbox 1824 2285 1833 2295; x_wconf 93' lang='lat'><strong><em>.</em></strong></span> <span class='ocrx_word' id='word_1_217' title='bbox 1871 2256 2065 2296; x_wconf 90' lang='lat' dir='ltr'><strong>monete</strong></span> <span class='ocrx_word' id='word_1_218' title='bbox 2107 2285 2116 2295; x_wconf 89' lang='lat'><em>.</em></span> <span class='ocrx_word' id='word_1_219' title='bbox 2159 2285 2168 2294; x_wconf 95' lang='lat'>.</span> <span class='ocrx_word' id='word_1_220' title='bbox 2215 2284 2224 2295; x_wconf 93' lang='lat'><strong>.</strong></span> 
     </span>
     <span class='ocr_line' id='line_1_19' title="bbox 196 2337 2225 2394; baseline -0.004 0"><span class='ocrx_word' id='word_1_221' title='bbox 196 2343 368 2394; x_wconf 90' lang='lat' dir='ltr'><strong>Scocie</strong></span> <span class='ocrx_word' id='word_1_222' title='bbox 395 2344 458 2392; x_wconf 89' lang='lat' dir='ltr'><strong>ad</strong></span> <span class='ocrx_word' id='word_1_223' title='bbox 482 2344 607 2392; x_wconf 90' lang='lat' dir='ltr'><strong>duos</strong></span> <span class='ocrx_word' id='word_1_224' title='bbox 631 2343 749 2392; x_wconf 90' lang='lat' dir='ltr'><strong>anni</strong></span> <span class='ocrx_word' id='word_1_225' title='bbox 774 2342 1012 2392; x_wconf 89' lang='lat' dir='ltr'><strong>terminos</strong></span> <span class='ocrx_word' id='word_1_226' title='bbox 1057 2379 1069 2391; x_wconf 89' lang='lat'><strong>.</strong></span> <span class='ocrx_word' id='word_1_227' title='bbox 1116 2379 1127 2392; x_wconf 84' lang='lat'><em>.</em></span> <span class='ocrx_word' id='word_1_228' title='bbox 1173 2379 1184 2390; x_wconf 88' lang='lat'><strong>.</strong></span> <span class='ocrx_word' id='word_1_229' title='bbox 1229 2358 1342 2390; x_wconf 89' lang='lat' dir='ltr'><strong>cum</strong></span> <span class='ocrx_word' id='word_1_230' title='bbox 1366 2341 1590 2389; x_wconf 82' lang='lat' dir='ltr'><strong>omnibus</strong></span> <span class='ocrx_word' id='word_1_231' title='bbox 1626 2339 1735 2388; x_wconf 88' lang='lat' dir='ltr'><strong>aliis</strong></span> <span class='ocrx_word' id='word_1_232' title='bbox 1766 2339 1993 2387; x_wconf 89' lang='lat' dir='ltr'><strong>oneribus</strong></span> <span class='ocrx_word' id='word_1_233' title='bbox 2022 2337 2225 2386; x_wconf 83' lang='lat' dir='ltr'><strong>husban-</strong></span> 
     </span>
     <span class='ocr_line' id='line_1_20' title="bbox 193 2428 2226 2501; baseline -0.004 -17"><span class='ocrx_word' id='word_1_234' title='bbox 193 2436 366 2484; x_wconf 90' lang='lat' dir='ltr'><strong>dorum</strong></span> <span class='ocrx_word' id='word_1_235' title='bbox 402 2473 413 2484; x_wconf 92' lang='lat'>.</span> <span class='ocrx_word' id='word_1_236' title='bbox 449 2472 460 2484; x_wconf 92' lang='lat'><strong><em>.</em></strong></span> <span class='ocrx_word' id='word_1_237' title='bbox 493 2473 504 2483; x_wconf 89' lang='lat'><strong>.</strong></span> <span class='ocrx_word' id='word_1_238' title='bbox 539 2442 767 2501; x_wconf 88' lang='lat' dir='ltr'><strong>rynmart</strong></span> <span class='ocrx_word' id='word_1_239' title='bbox 792 2442 842 2483; x_wconf 92' lang='lat' dir='ltr'><strong>et</strong></span> <span class='ocrx_word' id='word_1_240' title='bbox 865 2434 1053 2482; x_wconf 89' lang='lat' dir='ltr'><strong>weddir</strong></span> <span class='ocrx_word' id='word_1_241' title='bbox 1075 2460 1085 2471; x_wconf 93' lang='lat'><strong>·</strong></span> <span class='ocrx_word' id='word_1_242' title='bbox 1115 2433 1181 2483; x_wconf 90' lang='lat' dir='ltr'><strong>Et</strong></span> <span class='ocrx_word' id='word_1_243' title='bbox 1206 2432 1238 2480; x_wconf 90' lang='lat' dir='ltr'><strong>fi</strong></span> <span class='ocrx_word' id='word_1_244' title='bbox 1265 2432 1519 2497; x_wconf 87' lang='lat' dir='ltr'><strong>contingat</strong></span> <span class='ocrx_word' id='word_1_245' title='bbox 1537 2431 1783 2495; x_wconf 63' lang='lat' dir='ltr'><strong>predictos</strong></span> <span class='ocrx_word' id='word_1_246' title='bbox 1824 2467 1834 2477; x_wconf 85' lang='lat'><strong>.</strong></span> <span class='ocrx_word' id='word_1_247' title='bbox 1875 2467 1884 2477; x_wconf 94' lang='lat'><strong><em>.</em></strong></span> <span class='ocrx_word' id='word_1_248' title='bbox 1925 2466 1935 2477; x_wconf 90' lang='lat'><strong>.</strong></span> <span class='ocrx_word' id='word_1_249' title='bbox 1973 2428 2226 2477; x_wconf 89' lang='lat' dir='ltr'><strong>iniuriosos</strong></span> 
     </span>
    </p>

    <p class='ocr_par' dir='ltr' id='par_1_7' title="bbox 196 2521 2225 2957">
     <span class='ocr_line' id='line_1_21' title="bbox 253 2521 2225 2591; baseline -0.005 -15"><span class='ocrx_word' id='word_1_250' title='bbox 253 2565 264 2576; x_wconf 90' lang='lat'><em>.</em></span> <span class='ocrx_word' id='word_1_251' title='bbox 307 2565 318 2576; x_wconf 85' lang='lat'><strong><em>.</em></strong></span> <span class='ocrx_word' id='word_1_252' title='bbox 363 2527 454 2577; x_wconf 85' lang='lat' dir='ltr'><strong>effe</strong></span> <span class='ocrx_word' id='word_1_253' title='bbox 480 2535 565 2576; x_wconf 90' lang='lat' dir='ltr'><strong>aut</strong></span> <span class='ocrx_word' id='word_1_254' title='bbox 600 2527 728 2575; x_wconf 89' lang='lat' dir='ltr'><strong>male</strong></span> <span class='ocrx_word' id='word_1_255' title='bbox 763 2526 1098 2591; x_wconf 89' lang='lat' dir='ltr'><strong>persoluentes</strong></span> <span class='ocrx_word' id='word_1_256' title='bbox 1148 2562 1157 2572; x_wconf 90' lang='lat'><strong>.</strong></span> <span class='ocrx_word' id='word_1_257' title='bbox 1214 2561 1224 2572; x_wconf 92' lang='lat'>.</span> <span class='ocrx_word' id='word_1_258' title='bbox 1274 2562 1284 2571; x_wconf 93' lang='lat'><strong>.</strong></span> <span class='ocrx_word' id='word_1_259' title='bbox 1329 2523 1497 2572; x_wconf 88' lang='lat' dir='ltr'><strong>licebit</strong></span> <span class='ocrx_word' id='word_1_260' title='bbox 1521 2522 1662 2571; x_wconf 90' lang='lat' dir='ltr'><strong>nobis</strong></span> <span class='ocrx_word' id='word_1_261' title='bbox 1704 2559 1715 2570; x_wconf 91' lang='lat'><strong>.</strong></span> <span class='ocrx_word' id='word_1_262' title='bbox 1761 2558 1773 2570; x_wconf 95' lang='lat'><strong>.</strong></span> <span class='ocrx_word' id='word_1_263' title='bbox 1818 2560 1829 2570; x_wconf 90' lang='lat'><strong>.</strong></span> <span class='ocrx_word' id='word_1_264' title='bbox 1873 2521 1932 2569; x_wconf 91' lang='lat' dir='ltr'><strong>de</strong></span> <span class='ocrx_word' id='word_1_265' title='bbox 1971 2558 1980 2568; x_wconf 92' lang='lat'><strong>.</strong></span> <span class='ocrx_word' id='word_1_266' title='bbox 2022 2558 2032 2568; x_wconf 91' lang='lat'><strong><em>.</em></strong></span> <span class='ocrx_word' id='word_1_267' title='bbox 2071 2557 2082 2568; x_wconf 87' lang='lat'><strong>.</strong></span> <span class='ocrx_word' id='word_1_268' title='bbox 2119 2537 2225 2584; x_wconf 90' lang='lat' dir='ltr'><strong>pre-</strong></span> 
     </span>
     <span class='ocr_line' id='line_1_22' title="bbox 196 2611 2225 2684; baseline -0.005 -16"><span class='ocrx_word' id='word_1_269' title='bbox 196 2619 336 2668; x_wconf 68' lang='lat' dir='ltr'><strong>dictis</strong></span> <span class='ocrx_word' id='word_1_270' title='bbox 378 2659 387 2668; x_wconf 90' lang='lat'>.</span> <span class='ocrx_word' id='word_1_271' title='bbox 431 2659 439 2668; x_wconf 95' lang='lat'><strong><em>.</em></strong></span> <span class='ocrx_word' id='word_1_272' title='bbox 484 2659 493 2667; x_wconf 91' lang='lat'><strong><em>.</em></strong></span> <span class='ocrx_word' id='word_1_273' title='bbox 536 2619 796 2684; x_wconf 89' lang='lat' dir='ltr'><strong>disponere</strong></span> <span class='ocrx_word' id='word_1_274' title='bbox 833 2657 842 2667; x_wconf 88' lang='lat'><em>.</em></span> <span class='ocrx_word' id='word_1_275' title='bbox 881 2657 891 2667; x_wconf 91' lang='lat'>.</span> <span class='ocrx_word' id='word_1_276' title='bbox 931 2655 942 2666; x_wconf 87' lang='lat'>.</span> <span class='ocrx_word' id='word_1_277' title='bbox 979 2617 1163 2666; x_wconf 90' lang='lat' dir='ltr'><strong>Dando</strong></span> <span class='ocrx_word' id='word_1_278' title='bbox 1205 2656 1214 2665; x_wconf 92' lang='lat'><strong><em>.</em></strong></span> <span class='ocrx_word' id='word_1_279' title='bbox 1255 2656 1264 2664; x_wconf 95' lang='lat'><strong>.</strong></span> <span class='ocrx_word' id='word_1_280' title='bbox 1305 2656 1313 2665; x_wconf 92' lang='lat'><em>.</em></span> <span class='ocrx_word' id='word_1_281' title='bbox 1356 2614 1559 2680; x_wconf 89' lang='lat' dir='ltr'><strong>prefatis</strong></span> <span class='ocrx_word' id='word_1_282' title='bbox 1603 2651 1612 2660; x_wconf 93' lang='lat'><strong>.</strong></span> <span class='ocrx_word' id='word_1_283' title='bbox 1659 2651 1670 2661; x_wconf 88' lang='lat'><strong>.</strong></span> <span class='ocrx_word' id='word_1_284' title='bbox 1716 2650 1726 2660; x_wconf 85' lang='lat'><strong>.</strong></span> <span class='ocrx_word' id='word_1_285' title='bbox 1766 2612 2053 2678; x_wconf 87' lang='lat' dir='ltr'><strong>potestatem</strong></span> <span class='ocrx_word' id='word_1_286' title='bbox 2077 2611 2225 2675; x_wconf 90' lang='lat' dir='ltr'><strong>impo-</strong></span> 
     </span>
     <span class='ocr_line' id='line_1_23' title="bbox 196 2701 2223 2766; baseline -0.006 -7"><span class='ocrx_word' id='word_1_287' title='bbox 196 2711 346 2760; x_wconf 88' lang='lat' dir='ltr'><strong>nendi</strong></span> <span class='ocrx_word' id='word_1_288' title='bbox 387 2718 436 2760; x_wconf 85' lang='lat' dir='ltr'><strong>et</strong></span> <span class='ocrx_word' id='word_1_289' title='bbox 474 2710 764 2760; x_wconf 87' lang='lat' dir='ltr'><strong>remouendi</strong></span> <span class='ocrx_word' id='word_1_290' title='bbox 812 2749 821 2758; x_wconf 90' lang='lat'><strong>.</strong></span> <span class='ocrx_word' id='word_1_291' title='bbox 871 2748 881 2758; x_wconf 90' lang='lat'><strong>.</strong></span> <span class='ocrx_word' id='word_1_292' title='bbox 931 2748 940 2758; x_wconf 94' lang='lat'><em>.</em></span> <span class='ocrx_word' id='word_1_293' title='bbox 987 2709 1298 2758; x_wconf 87' lang='lat' dir='ltr'><strong>coadiutores</strong></span> <span class='ocrx_word' id='word_1_294' title='bbox 1340 2714 1389 2755; x_wconf 86' lang='lat' dir='ltr'><strong>et</strong></span> <span class='ocrx_word' id='word_1_295' title='bbox 1429 2706 1742 2754; x_wconf 87' lang='lat' dir='ltr'><strong>subtenentes</strong></span> <span class='ocrx_word' id='word_1_296' title='bbox 1782 2710 1927 2766; x_wconf 92' lang='lat' dir='ltr'><strong>prout</strong></span> <span class='ocrx_word' id='word_1_297' title='bbox 1973 2701 2059 2749; x_wconf 90' lang='lat' dir='ltr'><strong>fibi</strong></span> <span class='ocrx_word' id='word_1_298' title='bbox 2100 2738 2110 2748; x_wconf 92' lang='lat'><strong>.</strong></span> <span class='ocrx_word' id='word_1_299' title='bbox 2158 2739 2167 2748; x_wconf 95' lang='lat'><em>.</em></span> <span class='ocrx_word' id='word_1_300' title='bbox 2214 2738 2223 2747; x_wconf 92' lang='lat'><strong>.</strong></span> 
     </span>
     <span class='ocr_line' id='line_1_24' title="bbox 196 2790 2224 2866; baseline -0.007 -14"><span class='ocrx_word' id='word_1_301' title='bbox 196 2802 436 2866; x_wconf 86' lang='lat' dir='ltr'><strong>placuerit</strong></span> <span class='ocrx_word' id='word_1_302' title='bbox 474 2840 485 2851; x_wconf 90' lang='lat'><strong><em>.</em></strong></span> <span class='ocrx_word' id='word_1_303' title='bbox 526 2840 537 2851; x_wconf 93' lang='lat'><em>.</em></span> <span class='ocrx_word' id='word_1_304' title='bbox 577 2840 588 2851; x_wconf 90' lang='lat'>.</span> <span class='ocrx_word' id='word_1_305' title='bbox 624 2802 776 2866; x_wconf 92' lang='lat' dir='ltr'><strong>Apud</strong></span> <span class='ocrx_word' id='word_1_306' title='bbox 798 2799 1150 2849; x_wconf 88' lang='lat' dir='ltr'><strong>monasterium</strong></span> <span class='ocrx_word' id='word_1_307' title='bbox 1189 2836 1199 2848; x_wconf 89' lang='lat'><em>.</em></span> <span class='ocrx_word' id='word_1_308' title='bbox 1236 2836 1248 2847; x_wconf 90' lang='lat'>.</span> <span class='ocrx_word' id='word_1_309' title='bbox 1280 2836 1291 2846; x_wconf 92' lang='lat'><strong>.</strong></span> <span class='ocrx_word' id='word_1_310' title='bbox 1329 2797 1555 2847; x_wconf 86' lang='lat' dir='ltr'><strong>vicefimo</strong></span> <span class='ocrx_word' id='word_1_311' title='bbox 1579 2795 1781 2860; x_wconf 91' lang='lat' dir='ltr'><strong>septimo</strong></span> <span class='ocrx_word' id='word_1_312' title='bbox 1806 2795 1885 2842; x_wconf 91' lang='lat' dir='ltr'><strong>die</strong></span> <span class='ocrx_word' id='word_1_313' title='bbox 1908 2792 2080 2841; x_wconf 90' lang='lat' dir='ltr'><strong>menfis</strong></span> <span class='ocrx_word' id='word_1_314' title='bbox 2103 2790 2224 2840; x_wconf 84' lang='lat' dir='ltr'><strong>Julii</strong></span> 
     </span>
     <span class='ocr_line' id='line_1_25' title="bbox 198 2889 1266 2957; baseline -0.003 -16"><span class='ocrx_word' id='word_1_315' title='bbox 198 2910 326 2942; x_wconf 85' lang='lat' dir='ltr'><strong>anno</strong></span> <span class='ocrx_word' id='word_1_316' title='bbox 350 2893 555 2943; x_wconf 89' lang='lat' dir='ltr'><strong>Domini</strong></span> <span class='ocrx_word' id='word_1_317' title='bbox 580 2892 834 2943; x_wconf 77' lang='lat' dir='ltr'><strong>millesimo</strong></span> <span class='ocrx_word' id='word_1_318' title='bbox 860 2889 1266 2957; x_wconf 79' lang='lat' dir='ltr'><strong>quingentesimo.</strong></span> 
     </span>
    </p>
   </div>
  </div>
 </body>
</html>
