2762 3834
643 357 1072 409 REGISTRUM
1107 357 1204 407 DE
1240 358 1803 410 ABERBROTHOC.
2161 366 2255 410 123

191 510 368 540 norum
401 500 578 541 contra
604 492 798 541 Turcos
825 492 1136 557 applicandis
1159 493 1302 557 penis
1329 531 1340 541 .
1381 531 1392 541 .
1434 530 1444 541 .
1471 494 1768 543 au&oritate
1794 493 1963 542 nostra
1987 493 2254 543 distriffius

190 585 455 634 inhibeatis
498 603 560 634 ne
603 586 665 634 dc
714 593 880 635 cetero
929 586 1157 633 abbatem
1205 592 1254 634 et
1303 593 1603 634 conuentum
1645 622 1656 634 .
1700 623 1710 634 .
1753 624 1764 634 .
1803 586 1884 635 vel
1923 587 2254 636 decimatores

192 678 394 726 colonos
420 686 505 727 aut
541 678 789 727 debitores
832 716 843 725 .
888 715 897 725 .
943 715 954 725 .
992 677 1168 740 quouis
1211 716 1222 726 .
1267 715 1277 725 .
1320 716 1330 725 .
1369 678 1534 726 colore
1573 716 1583 726 .
1625 716 1635 726 .
1675 716 1686 726 .
1725 680 2018 743 perturbare
2053 681 2254 744 premis-

194 773 356 820 sorum
382 773 636 821 occasione
655 802 665 812 ·
687 779 773 821 aut
799 771 955 820 eciam
982 771 1184 819 racione
1211 770 1501 819 obediencie
1523 788 1671 834 quam
1698 787 1870 820 eorum
1896 772 2150 821 ordinario
2169 811 2180 821 .
2208 811 2217 821 .
2243 811 2252 820 .

193 866 401 929 prestari
426 866 653 914 uolumus
689 865 1002 929 ipsarumque
1035 862 1350 911 ecclesiarum
1388 863 1575 911 fruetus
1604 900 1614 911 .
1646 901 1655 911 .
1687 902 1696 911 .
1732 865 1793 912 ab
1832 865 2104 913 eorundem
2133 866 2254 929 epis-

195 977 432 1023 coporum
465 958 799 1007 iurisdifitione
825 958 1085 1006 eximimus
1121 996 1130 1005 .
1169 996 1178 1004 .
1210 996 1219 1004 .
1254 955 1558 1019 sequestrare
1585 984 1594 995 ·
1621 963 1707 1004 aut
1743 996 1751 1004 .
1791 996 1799 1004 .
1838 997 1847 1005 .
1884 957 2132 1020 predictos
2161 975 2252 1022 pro

196 1093 202 1099 .
232 1092 240 1100 .
268 1092 276 1100 .
301 1053 606 1100 decimarum
629 1091 637 1099 .
665 1091 674 1099 .
701 1091 710 1099 .
739 1050 988 1098 solucione
1018 1048 1449 1097 excommunicare
1472 1088 1480 1095 .
1505 1087 1517 1095 .
1539 1088 1547 1096 .
1572 1049 1920 1112 quoquomodo
1943 1049 2253 1113 presumant·

195 1145 412 1208 distique
450 1143 733 1192 monasterii
764 1183 772 1191 .
811 1182 820 1190 .
859 1182 867 1190 .
907 1142 1074 1190 abbati
1110 1141 1192 1189 seu
1230 1140 1334 1188 eius
1370 1140 1614 1204 subpriori
1646 1180 1655 1188 .
1691 1180 1700 1188 .
1742 1180 1751 1188 .
1790 1141 1925 1204 quod
1959 1158 2050 1205 pro
2075 1142 2254 1190 debitis

195 1237 432 1285 frufitibus
457 1243 542 1284 aut
564 1235 769 1283 decimis
811 1274 820 1282 .
865 1274 872 1282 .
915 1273 924 1282 .
967 1233 1183 1298 ipsorum
1215 1231 1465 1280 debitores
1502 1239 1587 1280 aut
1616 1231 1739 1280 alios
1764 1233 1987 1281 notorios
2012 1233 2254 1281 bonorum

198 1328 482 1377 monasterii
515 1368 523 1376 .
559 1367 568 1375 .
598 1367 607 1376 .
647 1327 934 1390 spoliatores
960 1334 1008 1374 et
1033 1322 1337 1389 oppressores
1359 1340 1450 1387 per
1475 1323 1705 1372 censuras
1730 1324 2080 1374 ecclesiasticas
2105 1327 2254 1390 usque

201 1422 264 1468 ad
289 1419 670 1469 satisfactionem
697 1418 997 1483 condignam
1034 1416 1302 1465 cohercere
1327 1422 1376 1463 et
1401 1415 1723 1464 satiffa&ione
1755 1418 1975 1481 impensa
2001 1419 2255 1467 absoluere

195 1511 375 1576 posiint
415 1511 704 1560 facultatem
747 1509 1066 1558 concedimus
1106 1525 1196 1572 per
1237 1508 1488 1572 presentes
1531 1509 1704 1557 eadem
1754 1511 2043 1560 aufftoritate
2090 1512 2260 1565 nostra

197 1604 483 1654 concedatis
507 1631 517 1641 ·
543 1603 610 1652 Et
633 1603 833 1667 insuper
859 1619 1028 1650 omnes
1064 1641 1071 1649 .
1105 1641 1112 1649 .
1148 1641 1157 1649 .
1196 1602 1364 1649 causas
1401 1618 1523 1665 quas
1558 1642 1566 1650 .
1605 1643 1613 1651 .
1657 1643 1664 1651 .
1703 1604 1914 1668 predicti
1939 1613 2114 1653 contra
2138 1606 2257 1669 epis-

197 1715 345 1763 copos
371 1705 420 1746 et
445 1697 726 1745 ordinarios
751 1696 945 1745 eosdem
972 1734 980 1743 .
1009 1735 1017 1742 .
1045 1735 1054 1743 .
1081 1695 1256 1758 quauis
1285 1736 1293 1744 .
1320 1736 1328 1744 .
1357 1736 1365 1744 .
1393 1695 1648 1745 occasione
1676 1737 1684 1745 .
1711 1738 1720 1745 .
1749 1738 1757 1746 .
1783 1715 1985 1747 mouere
2007 1699 2258 1748 uoluerint

195 1793 418 1856 partibus
445 1790 731 1840 conuocatis
763 1830 770 1838 .
800 1829 807 1837 .
836 1827 846 1836 .
872 1789 974 1836 sola
994 1788 1109 1836 facti
1137 1788 1345 1837 veritate
1365 1789 1582 1853 inspe&a
1607 1791 1819 1839 audiatis
1845 1772 2257 1856 etappellacione

197 1894 387 1933 remota
423 1925 431 1933 .
471 1925 479 1932 .
513 1924 521 1932 .
557 1882 799 1932 decidatis
824 1881 1063 1929 facientes
1089 1881 1222 1944 quod
1259 1882 1583 1931 decreueritis
1619 1901 1709 1948 per
1735 1885 1989 1932 censuram
2017 1885 2258 1933 ecclesias-

197 1979 346 2026 ticam
382 1976 591 2024 firmiter
623 1973 875 2023 obseruari
909 2000 918 2009 ·
951 1974 1097 2021 testes
1136 1983 1300 2022 autem
1335 2015 1344 2023 .
1384 2015 1391 2023 .
1432 2015 1440 2023 .
1474 1974 1509 2023 si
1544 1976 1591 2024 se
1627 1977 1799 2041 gracia
1831 1979 1944 2027 odio
1971 1978 2050 2026 vel
2083 1979 2258 2026 timore

199 2069 528 2119 subtraxerint
554 2068 758 2117 censura
781 2066 925 2115 simili
947 2066 1289 2130 appellacione
1326 2066 1538 2117 cessante
1565 2069 1871 2134 compellatis
1898 2070 2095 2119 veritati
2129 2072 2259 2119 testi-

198 2164 414 2212 monium
442 2162 705 2227 perhibere
732 2189 742 2199 ·
775 2159 879 2208 Nos
919 2159 1052 2207 enim
1090 2159 1229 2207 uobis
1262 2200 1270 2208 .
1303 2201 1310 2209 .
1344 2201 1352 2209 .
1388 2162 1693 2211 moniciones
1732 2164 2062 2228 quascumque
2102 2165 2257 2213 eciam

197 2275 287 2321 per
326 2257 541 2306 edictum
582 2254 837 2319 publicum
879 2252 1040 2301 ualuis
1088 2253 1386 2318 affigendum
1433 2255 1670 2319 quociens
1719 2256 1859 2303 uobis
1907 2256 2061 2304 uisum
2110 2258 2258 2306 fuerit

198 2349 416 2398 faciendi
449 2389 457 2397 .
493 2389 502 2397 .
538 2388 547 2396 .
583 2347 901 2396 concedimus
941 2345 1229 2394 facultatem
1271 2364 1329 2396 ac
1367 2348 1595 2405 uolumus
1634 2387 1643 2396 .
1686 2387 1695 2396 .
1737 2387 1746 2395 .
1786 2350 1918 2413 quod
1957 2387 1966 2397 .
2008 2388 2018 2397 .
2060 2387 2069 2396 .
2103 2351 2258 2398 moni-

201 2444 368 2491 ciones
405 2440 683 2490 huiusmodi
719 2439 928 2504 perinde
984 2438 1095 2486 illos
1136 2455 1258 2502 quos
1301 2449 1610 2491 concernunt
1646 2442 1873 2490 affectent
1908 2459 1966 2491 ac
1999 2442 2033 2490 fi
2065 2442 2148 2490 ille
2191 2443 2259 2491 eis

200 2535 524 2598 personaliter
556 2570 565 2581 .
596 2571 606 2581 .
636 2571 646 2580 .
673 2531 915 2580 insinuate
939 2530 1136 2580 fuissent
1155 2558 1165 2569 ·
1185 2548 1285 2581 non
1311 2534 1617 2583 obstantibus
1640 2573 1649 2583 .
1675 2572 1684 2582 .
1710 2573 1720 2582 .
1746 2532 1994 2583 Bonifacii
2018 2552 2145 2599 pape
2172 2535 2259 2583 viii

207 2668 216 2676 .
258 2668 267 2677 .
309 2668 319 2677 .
359 2631 441 2678 De
465 2647 562 2678 vna
586 2636 635 2678 et
663 2630 729 2677 In
754 2629 958 2677 concilio
978 2629 1210 2693 generali
1240 2629 1297 2676 de
1322 2628 1510 2676 duabus
1541 2628 1683 2676 dietis
1713 2644 1911 2676 necnon
1939 2627 2022 2675 De
2038 2629 2260 2692 personis

206 2722 334 2769 ultra
358 2727 543 2768 certum
566 2737 828 2768 numerum
853 2721 919 2768 ad
955 2721 1194 2768 iudicium
1231 2735 1332 2768 non
1366 2720 1604 2768 necandis
1629 2728 1677 2767 et
1703 2719 1812 2767 aliis
1839 2718 2120 2784 apostolicis
2146 2736 2258 2767 con-

207 2811 549 2860 stitucionibus
579 2812 843 2859 contrariis
877 2812 1249 2876 quibuscunque
1273 2839 1282 2849 ·
1308 2818 1393 2860 aut
1430 2810 1463 2858 fi
1495 2811 1735 2875 episcopis
1770 2849 1780 2858 .
1824 2849 1834 2859 .
1876 2849 1886 2858 .
1922 2811 2157 2874 predictis
2183 2812 2261 2859 vel

314 2941 323 2950 .
365 2902 473 2950 aliis
508 2939 518 2949 .
558 2938 569 2949 .
610 2939 620 2949 .
655 2903 717 2949 ab
755 2902 928 2950 eadem
968 2903 1025 2952 sit
1062 2903 1175 2952 sede
1212 2903 1460 2951 indultum
1500 2903 1634 2967 quod
1668 2902 1900 2951 interdici
1933 2902 2155 2967 suspendi
2184 2904 2260 2950 vel

209 2993 626 3045 excommunicari
662 3000 747 3041 aut
782 3000 923 3041 extra
958 2995 1036 3042 vel
1075 2995 1207 3043 ultra
1244 3003 1381 3044 certa
1415 2995 1530 3044 loca
1560 2996 1624 3043 ad
1655 2995 1893 3043 iudicium
1928 2995 2127 3043 euocari
2160 3012 2259 3050 non

210 3086 387 3153 possint
424 3103 514 3151 per
550 3085 743 3133 litteras
782 3084 1074 3147 apostolicas
1111 3103 1212 3134 non
1247 3087 1487 3135 facientes
1525 3124 1535 3134 .
1577 3124 1587 3133 .
1628 3123 1638 3133 .
1677 3087 1740 3134 de
1767 3086 1961 3135 indulto
1985 3086 2259 3134 huiusmodi

202 3181 520 3228 mencionem
548 3208 557 3217 ·
585 3185 634 3226 et
658 3175 952 3241 quibussibet
990 3177 1100 3225 aliis
1136 3177 1413 3241 priuilegiis
1452 3215 1462 3225 .
1502 3215 1513 3225 .
1553 3215 1563 3224 .
1602 3193 2008 3240 quorumcunque
2034 3185 2255 3225 tenorum
