2742 3848
22 957 119 1001 804

62 2721 126 2771 06

622 354 1046 407 REGISTRUM
1079 355 1178 405 DE
1214 353 1777 406 ABERBROTHOC.
2135 362 2228 407 521

168 486 542 536 subtenentibus
566 506 667 538 non
691 490 893 539 maioris
918 489 1071 539 status
1096 490 1314 539 decimas
1338 489 1568 555 garbales
1599 489 1713 556 [etc.
1741 498 1794 539 ut
1818 490 1964 555 supra
1989 490 2087 539 No.
2110 490 2230 557 707]

168 580 390 645 exceptis
416 581 622 631 decimis
648 583 849 632 ecclefie
875 584 937 632 de
963 582 1209 632 Innernes
1235 610 1246 621 ·
1274 582 1552 632 Reddendo
1579 580 1695 649 [etc.
1725 589 1780 632 ut
1804 583 1856 633 in
1881 583 2054 632 eodem
2081 582 2204 649 No.]
2225 611 2235 621 ·

174 676 234 719 14
259 671 523 721 Februarii
551 677 694 723 1534.

171 932 324 1004 Idem
361 954 593 1004 concedit
629 953 847 1003 Mariote
876 954 1107 1021 Ogyllwe
1144 955 1374 1019 illiusque
1411 956 1678 1005 heredibus
1715 963 1764 1004 et
1799 954 2048 1021 aflignatis
2080 972 2234 1020 quan-

170 1047 283 1096 dam
324 1054 458 1096 terre
500 1047 871 1111 portiunculam
907 1047 960 1095 in
996 1048 1043 1096 le
1084 1046 1411 1114 Sandypottis
1449 1066 1540 1114 pro
1586 1048 1924 1098 construenda
1963 1049 2111 1098 torali
2151 1049 2235 1098 seu

170 1138 358 1188 vstrina
391 1140 637 1188 iacentem
673 1146 817 1189 extra
853 1148 902 1189 et
936 1157 1094 1205 prope
1129 1157 1328 1189 murum
1371 1140 1656 1190 monasterii
1695 1141 1924 1191 Rubeum
1962 1141 2235 1206 vulgariter

168 1232 356 1280 diuum
394 1240 446 1282 et
486 1232 538 1298 ly
574 1232 761 1299 Madyr
799 1233 944 1282 Croft
982 1234 1044 1282 ad
1082 1232 1300 1282 austrum
1343 1242 1392 1282 et
1435 1250 1731 1282 communen
1769 1234 1900 1282 viam
1939 1234 2127 1299 regiam
2171 1234 2235 1282 ad

169 1325 383 1390 burgum
423 1324 648 1374 nostrum
683 1325 745 1374 de
781 1325 1010 1375 Arbroth
1051 1326 1341 1376 tendentem
1377 1327 1441 1375 ad
1473 1327 1786 1376 occidentem
1822 1345 1881 1376 ac
1917 1327 2039 1376 alias
2074 1335 2233 1376 terras

169 1417 456 1467 monasterii
505 1418 570 1467 ad
616 1418 861 1468 orientem
910 1446 920 1456 ·
973 1418 1253 1468 Reddendo
1300 1419 1547 1468 monacho
1594 1418 1819 1467 ministro
1867 1418 2234 1468 communitatis

168 1510 434 1559 duodecim
456 1511 691 1560 denarios
714 1519 912 1560 monete
941 1510 1116 1562 Scocie
1152 1538 1162 1550 ·
1203 1516 1265 1561 10
1290 1511 1474 1560 Marcii
1502 1514 1649 1559 1534.

173 1764 326 1837 Idem
354 1786 538 1835 affedat
561 1803 652 1851 pro
681 1786 782 1835 vita
813 1785 1008 1834 Thome
1035 1785 1230 1835 Betoun
1269 1793 1319 1834 et
1354 1785 1584 1834 Eufamie
1612 1785 1786 1834 Narne
1823 1786 1992 1851 sponse
2016 1785 2151 1834 illius
2187 1794 2236 1835 et

173 1896 345 1928 eorum
372 1879 620 1945 affignatis
648 1887 697 1928 et
722 1878 1093 1927 subtenentibus
1118 1896 1218 1927 non
1251 1879 1454 1927 maioris
1490 1878 1642 1929 status
1677 1887 1836 1928 terras
1872 1880 1934 1928 de
1971 1879 2234 1928 Murdrum

173 1990 286 2021 cum
322 1973 528 2022 decimis
563 1971 848 2038 garbalibus
883 1971 983 2020 iam
1020 1979 1287 2037 occupatas
1321 1990 1413 2037 per
1444 1973 1736 2022 Wilelmum
1772 1972 2026 2040 Baudewy
2063 1974 2236 2039 vigore

172 2065 486 2115 affedationis
509 2065 598 2130 ipfi
635 2083 665 2113 a
698 2063 1119 2130 predecessoribus
1155 2065 1347 2114 abbatis
1382 2083 1474 2130 pro
1500 2066 1605 2114 vita
1627 2066 1753 2115 fatte
1790 2094 1800 2104 ·
1836 2066 2050 2115 termino
2086 2066 2238 2131 igitur

174 2159 405 2209 introitus
455 2159 650 2207 Thome
698 2167 749 2207 et
799 2157 1027 2206 Eufamie
1074 2157 1347 2222 incipiente
1394 2158 1680 2207 immediate
1728 2159 1837 2223 post
1884 2159 2071 2209 obitum
2119 2160 2237 2208 dicti

175 2249 383 2300 Vilelmi
431 2279 441 2289 ·
490 2229 740 2300 Soluendo
787 2267 879 2315 pro
925 2250 1070 2298 firma.
1110 2259 1324 2314 quatuor
1368 2252 1522 2300 libras
1569 2258 1767 2300 monete
1817 2250 1991 2301 Scocie
2039 2269 2098 2300 ac
2144 2269 2235 2316 pro

175 2344 382 2392 decimis
419 2346 526 2391 οὲὶο
563 2343 721 2392 bollas
758 2343 898 2391 ordei
934 2350 983 2391 et
1018 2342 1178 2391 farine
1214 2344 1439 2392 mensure
1472 2343 1568 2392 fori
1595 2344 1840 2393 currentis
1866 2361 1977 2392 cum
2003 2344 2235 2393 oneribus

175 2437 542 2485 husbandorum
570 2444 622 2486 vt
646 2436 861 2485 faciebat
886 2435 1134 2485 Vilelmus
1160 2435 1412 2501 Bawdeuy
1449 2464 1460 2474 ·
1502 2440 1563 2484 12
1589 2435 1772 2485 Marcii
1801 2440 1941 2485 1534.

177 2690 330 2762 Idem
364 2712 546 2762 affedat
569 2729 660 2777 pro
687 2711 790 2760 vita
814 2711 984 2760 Dauid
1011 2712 1225 2760 Browne
1252 2720 1299 2760 et
1326 2711 1580 2762 Christine
1604 2712 1639 2761 J
1642 2712 1837 2761 ameson
1863 2720 1913 2762 et
1938 2730 2110 2762 eorum
2133 2713 2233 2761 fili'o

177 2805 369 2855 Jacobo
409 2805 620 2854 Browne
659 2805 850 2869 suisque
893 2806 1266 2855 subtenentibus
1304 2822 1407 2853 non
1443 2805 1646 2854 maioris
1687 2806 1837 2855 status
1876 2806 2234 2855 dimidietatem

179 2898 294 2946 ville
330 2899 391 2947 de
426 2898 479 2964 ly
505 2898 688 2947 Milton
725 2899 786 2946 de
827 2896 1037 2947 Connan
1076 2915 1188 2946 cum
1224 2897 1431 2946 decimis
1467 2898 1754 2963 garbalibus
1790 2906 1839 2947 et
1875 2899 2230 2948 dimidietatem

176 2990 449 3040 molendini
470 2990 683 3039 eiusdem
703 2990 819 3039 ville
839 3007 948 3038 cum
970 2989 1175 3038 decimis
1196 2998 1244 3038 et
1264 2990 1400 3038 tostis
1425 3018 1435 3029 ·
1466 3007 1588 3054 quas
1608 2991 1940 3040 dimidietates
1962 2999 2232 3054 occupant·

179 3079 429 3130 Soluendo
464 3099 554 3146 pro
592 3081 900 3131 dimidietate
939 3081 1054 3129 ville
1104 3099 1216 3130 cum
1253 3082 1460 3130 decimis
1496 3083 1780 3147 quindecim
1816 3083 1973 3131 bellas
2010 3082 2147 3130 ordei
2184 3062 2232 3129 et

175 3173 456 3235 quindecim
502 3174 659 3222 bollas
706 3174 866 3222 farine
912 3173 1172 3223 auenatice
1216 3182 1267 3222 et
1307 3191 1400 3238 pro
1442 3174 1754 3224 dimidietate
1800 3174 2071 3222 molendini
2121 3190 2228 3222 cum

1161 3269 1192 3313 3
1218 3281 1250 3313 U
