2762 3834
82 1772 145 1822 93

650 340 1076 394 REGISTRUM
1109 340 1208 395 DE
1244 338 1809 396 ABERBROTHOC‘.
2199 342 2263 397 79

196 476 426 543 proprios
451 482 500 525 et
524 476 938 527 reformacionem
964 476 1093 526 diae
1116 475 1306 541 capelle
1331 474 1684 529 conuertendis
1717 514 1726 524 .
1762 514 1771 528 .
1805 514 1814 524 .
1847 473 1911 526 fic
1936 475 2070 539 quod
2095 475 2260 526 debite

198 578 248 619 et
276 569 551 618 honorifice
587 570 809 635 predicte
851 569 1041 634 capelle
1082 569 1135 622 in
1162 569 1347 621 diuinis
1386 566 1759 637 administretur
1793 608 1814 620 .,
1841 608 1850 617 .
1888 607 1898 617 .
1934 567 1997 621 In
2023 568 2163 621 cuius
2188 569 2262 621 rei

197 661 531 712 testimonium
556 662 766 728 figillum
794 679 1054 711 commune
1081 662 1286 728 capituli
1310 660 1466 709 nostri
1486 661 1556 709 est
1586 661 1856 725 appensum
1893 701 1902 710 .
1937 700 1946 710 .
1984 701 1993 710 .
2032 661 2260 710 vicefimo

198 755 371 819 quinto
397 756 477 805 die
501 755 680 804 menfis
705 755 889 804 Marcii
913 772 1044 803 anno
1068 754 1278 803 Domini
1312 760 1380 802 m⁰
1401 759 1537 803 cccc⁰
1555 753 1959 819 quinquagesimo
1993 781 2003 792 ·
2038 753 2120 804 De
2156 795 2166 804 .
2202 794 2211 804 .
2249 796 2258 804 .

198 848 376 912 quibus
401 888 410 897 .
446 889 455 897 .
491 888 500 897 .
535 848 689 897 frater
714 847 992 901 Malcomus
1017 887 1026 897 .
1061 887 1071 899 .
1105 887 1114 897 .
1142 847 1231 896 fibi
1254 847 1364 896 fieri
1387 846 1541 911 peciit
1564 846 1818 912 publicum
1842 845 2225 898 instrumentum
2243 859 2262 884 '-

196 941 324 989 Acta
360 941 563 989 fuerunt
600 940 694 989 hec
726 941 859 989 infra
888 941 1100 1006 burgum
1134 942 1195 1001 de
1216 940 1443 988 Abirden
1475 939 1527 987 in
1563 955 1761 988 camera
1785 938 1980 988 Thome
2009 938 2260 989 Craufurd

195 1033 452 1099 burgensis
478 1033 598 1081 diai
622 1033 771 1097 burgi
796 1072 806 1082 .
834 1072 845 1082 .
870 1072 880 1083 .
906 1032 1216 1098 presentibus
1242 1032 1424 1083 ibidem
1451 1072 1461 1082 .
1488 1073 1497 1082 .
1525 1072 1535 1081 .
1559 1032 1595 1082 J
1598 1032 1794 1085 ohanne
1823 1031 2056 1098 Scroggis
2079 1041 2222 1098 patre
2249 1066 2259 1076 ·

197 1124 405 1175 Matheo
438 1125 634 1191 chhat
668 1154 679 1164 ·
714 1125 884 1175 Dauid
911 1125 1080 1176 Colini
1113 1153 1123 1164 ·
1153 1132 1202 1174 et
1235 1125 1270 1173 J
1274 1125 1469 1176 ohanne
1491 1123 1607 1174 Mar
1647 1152 1658 1163 -
1692 1125 2015 1189 burgensibus
2047 1126 2260 1190 predicti

195 1218 344 1283 burgi
379 1247 390 1259 ·
430 1235 542 1266 cum
568 1218 775 1266 diuerfis
810 1218 922 1267 aliis
958 1256 967 1267 .
1005 1257 1015 1268 .
1053 1257 1063 1267 .
1097 1217 1165 1267 Et
1200 1234 1293 1283 ego
1326 1217 1576 1267 Patricius
1608 1216 1860 1271 Nicholaii
1897 1258 1906 1267 .
1945 1258 1953 1267 .
1992 1258 2001 1268 .
2037 1219 2261 1271 notarius

197 1310 314 1376 quia
336 1310 610 1375 prescripte
635 1310 781 1358 litere
804 1309 1171 1375 presentacioni
1197 1316 1288 1359 etc.

197 1559 393 1633 Litera
414 1581 583 1631 breuis
606 1581 947 1647 inquificionis
971 1583 1245 1636 tenementi
1267 1583 1323 1633 in
1349 1583 1586 1649 Copgate.

196 1744 479 1832 Inquificio
513 1768 643 1817 fa&a
678 1768 811 1833 apud
844 1766 1185 1817 Abirbrothoc
1216 1768 1494 1833 penultimo
1530 1767 1612 1817 die
1648 1767 1826 1817 menfis
1865 1767 2096 1819 O&0bris
2133 1787 2263 1820 anno
2339 1748 2347 1754 ’

196 1859 406 1909 Domini
429 1860 688 1909 millesimo
710 1861 1197 1927 quadringentesimo
1217 1861 1623 1926 quinquagesimo
1646 1861 1861 1911 secundo
1880 1879 1971 1928 per
1994 1903 2004 1913 .
2031 1903 2040 1912 .
2063 1903 2073 1913 .
2095 1863 2264 1913 Dauid

195 1953 257 2001 de
285 1952 657 2019 Ouchtirlovny
690 1982 700 1992 -
734 1953 1021 2003 Johannem
1056 1954 1325 2019 Lychtoun
1358 1983 1369 1993 ·
1404 1954 1716 2004 Willelmum
1749 1954 1877 2022 Lyel
1911 1983 1922 1995 ·
1957 1956 2264 2006 Willelmum

194 2044 312 2095 Scot
348 2074 359 2084 ·
397 2045 656 2095 Andream
695 2045 931 2096 Demstar
965 2074 977 2086 ·
1010 2047 1301 2112 Philippum
1338 2045 1454 2112 Lyn
1487 2074 1498 2085 ·
1537 2046 1785 2097 Thomam
1815 2048 1987 2098 Brovn
2028 2079 2038 2088 ·
2073 2050 2262 2100 Johan-

192 2155 307 2187 nem
339 2137 466 2187 Lam
499 2166 511 2178 ·
549 2138 832 2188 Walterum
873 2139 991 2188 Leis
1026 2167 1036 2177 ·
1071 2139 1347 2190 Patricium
1386 2139 1448 2187 de
1490 2138 1677 2205 Seygat
1710 2169 1721 2179 ·
1767 2139 2048 2190 Gilbertum
2088 2141 2218 2209 Lyel
2253 2171 2263 2181 ·

192 2230 465 2281 Patricium
506 2230 710 2280 Huntar
745 2257 756 2270 ο
788 2231 824 2281 J
828 2232 1076 2281 ohannem
1118 2232 1348 2282 Barbour
1386 2263 1397 2274 ·
1433 2230 1607 2281 Dauid
1641 2232 1894 2300 Balgarvy
1924 2261 1934 2271 ·
1977 2234 2014 2283 J
2017 2235 2261 2285 ohannem

192 2323 329 2372 Park
362 2353 373 2363 -
410 2323 698 2372 «Iohannem
721 2323 833 2390 Ayr
867 2351 878 2361 ·
909 2324 1214 2374 Nicholaum
1239 2325 1301 2373 de
1326 2324 1501 2373 Karne
1538 2353 1549 2364 ·
1581 2324 1616 2372 J
1620 2325 1865 2374 ohannem
1892 2325 2098 2376 Paniter
2129 2357 2140 2367 ·
2173 2327 2209 2377 J
2212 2345 2261 2376 o-

191 2416 406 2466 hannem
432 2416 677 2483 Fermory
712 2445 723 2456 ·
759 2417 1006 2467 Thomam
1043 2417 1345 2468 Paramours
1381 2447 1392 2458 ·
1426 2425 1477 2468 et
1508 2418 1796 2468 Johannem
1830 2419 1946 2468 Leis
1980 2448 1991 2459 ·
2031 2419 2161 2479 Qui.
2201 2460 2210 2469 .
2249 2461 2257 2470 .

193 2510 343 2559 iurati
382 2510 556 2559 dicunt
581 2511 716 2574 quod
754 2510 1004 2560 Robert-us
1044 2511 1170 2560 Euie
1208 2519 1353 2576 pater
1383 2551 1393 2561 .
1431 2552 1441 2562 .
1479 2552 1489 2562 .
1520 2512 1702 2562 Jacobi
1740 2513 1914 2562 latoris
1950 2515 2259 2579 presencium

193 2602 316 2651 obiit
342 2602 515 2650 vltimo
542 2603 746 2652 vestitus
770 2609 819 2651 et
842 2602 1031 2652 saisitus
1110 2643 1119 2652 .
1154 2643 1164 2653 .
1200 2605 1263 2653 de
1288 2604 1497 2670 triginta
1518 2606 1737 2655 denariis
1762 2607 1916 2656 annui
1949 2608 2173 2657 redditus
2198 2610 2259 2658 (16

194 2711 292 2744 vna
327 2694 575 2759 perticata
606 2702 740 2744 terre
776 2695 972 2745 iacente
995 2695 1048 2743 in
1073 2695 1233 2762 burgo
1267 2698 1516 2746 antedicto
1541 2698 1593 2747 in
1619 2699 1727 2748 vico
1754 2699 1883 2748 dicto
1905 2699 1951 2748 le
1980 2699 2175 2766 Copgat
2200 2718 2261 2750 ex

192 2794 334 2852 parte
377 2787 676 2836 occidentali
731 2787 947 2836 eiusdem
996 2787 1095 2837 vici
1141 2789 1274 2838 inter
1315 2798 1503 2840 terram
1538 2791 1748 2841 Patricii
1793 2790 1978 2858 Seygat
2017 2810 2077 2841 ex
2118 2801 2259 2858 parte

87 2874 93 2879 ’
195 2878 397 2928 australi
430 2920 440 2930 .
478 2919 487 2930 .
526 2919 536 2930 .
571 2888 621 2930 et
645 2886 830 2929 terram
855 2880 891 2929 J
894 2879 1105 2930 ohannis
1142 2880 1241 2931 Yet
1266 2900 1327 2932 ex
1350 2890 1492 2948 parte
1516 2883 1708 2932 boreali
1737 2923 1746 2932 .
1784 2923 1793 2933 .
1830 2924 1839 2933 .
1874 2892 1922 2934 et
1947 2887 2080 2949 quod
2104 2887 2261 2935 dictus

196 2971 416 3021 Jacobus
455 2972 583 3021 Euie
616 2971 686 3021 est
723 2972 995 3038 legittimus
1028 3012 1038 3022 .
1076 3012 1086 3023 .
1124 3013 1134 3022 .
1168 2973 1314 3023 heres
1347 3014 1357 3024 .
1396 3014 1406 3024 .
1445 3014 1455 3024 .
1493 2975 1703 3024 Roberti
1726 2976 1882 3041 patris
1910 2976 1982 3025 sui
2020 2978 2082 3026 de
2121 2978 2260 3028 dietis

201 3064 408 3130 triginta
431 3065 650 3113 denariis
682 3093 693 3104 ·
727 3071 777 3113 et
801 3066 936 3129 quod
960 3063 1031 3114 est
1053 3065 1297 3131 legittime
1323 3067 1468 3116 etatis
1493 3106 1502 3116 .
1540 3074 1590 3115 et
1614 3067 1724 3115 sunt
1746 3067 1799 3115 in
1822 3067 2050 3116 manibus
2074 3068 2110 3117 J
2112 3068 2259 3118 ohan-

204 3156 281 3210 nis
321 3155 420 3206 Yet
459 3156 546 3206 fibi
577 3173 669 3221 per
707 3156 916 3206 alterum
953 3157 1136 3208 iniurie
1161 3158 1362 3209 affedati
1387 3176 1477 3224 per
1500 3159 1718 3224 spacium
1743 3159 1921 3224 viginti
1945 3177 2186 3209 annorum
2212 3170 2260 3211 et
