2742 3848
885 368 1125 428 INDEX
1159 367 1542 428 NOMINUM.

164 520 380 571 Carincors,
421 520 623 571 Garncors,
670 519 899 572 Garyncors‚
946 517 1172 569 Elisabeth,

211 593 296 633 vide
315 593 483 643 Fenton,
506 591 654 644 Peddy.

290 665 319 705 J
321 665 495 705 ohannes
514 664 574 714 de,
597 664 691 703 545.

290 737 318 776 J
320 737 433 787 ohne,
454 735 499 775 of
513 734 838 783 Balmachennar,
861 735 953 775 163.

293 808 476 857 Thomas,
497 806 703 858 burgensis
721 806 770 845 de
790 806 946 856 Dunde,
970 807 1064 845 114.

164 879 370 930 Carmage,
391 879 526 930 Agnes
546 877 673 917 anes
691 890 833 930 sponsa
852 877 1015 928 Thome,
1037 878 1132 917 455.

291 950 474 1000 Thomas,
496 950 590 988 455.

164 1021 451 1074 Carmychaell,
483 1020 729 1072 Carmychel,
759 1019 1019 1072 Oarmychell,
1051 1019 1174 1059 Eufa-

218 1095 298 1134 mia
316 1094 463 1147 Vemys
482 1107 623 1147 sponsa
642 1092 763 1143 Petri,
785 1094 879 1143 449,
901 1093 995 1132 479.

291 1167 443 1217 Petrus,
465 1166 513 1206 de
533 1166 655 1213 Dron,
677 1166 770 1215 335,
792 1165 886 1215 449,
907 1166 1001 1215 479,
1024 1166 1118 1204 514.

292 1237 519 1277 Willelmus
538 1237 598 1287 de,
619 1236 667 1276 de
688 1235 836 1286 eodem,
860 1237 925 1275 61.

165 1310 331 1359 Carnbe,
351 1310 436 1349 vide
455 1308 626 1348 Maluill.

165 1381 360 1433 Carnegy,
380 1381 587 1421 Johannes
605 1380 664 1430 de,
687 1379 734 1419 de
761 1379 910 1430 eodem,
933 1381 998 1428 72,
1020 1380 1086 1428 88,
1108 1381 1174 1420 96.

290 1453 477 1505 magister
504 1457 545 1493 et
572 1452 753 1492 dominus
780 1451 987 1502 Patricius,
1009 1451 1178 1492 vicarius

218 1525 266 1565 de
284 1525 524 1576 Cortoquhy,
545 1526 639 1574 443,
662 1525 755 1574 444,
778 1524 873 1563 482.

290 1596 478 1648 magister
510 1595 716 1644 Patricius,
750 1595 987 1635 camerarius
1015 1595 1063 1635 de
1097 1596 1172 1635 Ar-

217 1669 372 1721 broyth,
393 1670 487 1709 462.

165 1741 316 1791 Carnis,
338 1739 501 1791 Carnys,
523 1739 704 1780 Andreas
722 1740 782 1788 de,
806 1741 871 1780 57.

289 1812 375 1852 vide
395 1811 631 1851 Grechtoun.

290 1883 527 1932 willelmus,
547 1888 756 1936 perpetuus
774 1882 943 1923 vicarius
962 1882 1010 1922 de
1037 1882 1172 1923 Glam-

216 1957 301 2007 mis,
327 1958 418 1996 134.

164 2028 332 2077 Carnok,
352 2028 437 2069 vide
457 2027 641 2068 Garwok.

161 2100 355 2151 Gamusy,
377 2099 590 2150 Donaldus,
613 2099 706 2148 275,
728 2102 821 2150 277,
841 2101 934 2139 279.

162 2172 480 2223 Carnwichmoir,
500 2172 586 2212 vide
604 2172 744 2224 Inglis.

162 2243 372 2295 Cartesius,
392 2244 579 2296 magister
596 2249 636 2284 et
654 2243 835 2283 dominus
852 2243 881 2283 J
884 2243 1039 2294 acobus,
1062 2244 1155 2283 310.

164 2316 318 2367 Caruel,
360 2315 539 2366 Garvale,
573 2315 732 2365 Keruel,
767 2315 947 2355 dominus
986 2315 1015 2355 J
1017 2314 1172 2362 acobus,

216 2388 430 2439 presbyter,
452 2386 555 2425 filius
574 2391 614 2426 et
631 2386 743 2425 heres
763 2385 926 2435 Thome,
951 2387 1041 2424 121.

289 2458 506 2506 Johannes,
531 2459 621 2507 196,
643 2459 736 2496 358.

289 2530 447 2577 Joneta„
469 2541 574 2568 soror
593 2527 741 2568 domini
756 2528 784 2568 J
787 2527 910 2577 acobi‚
931 2526 1017 2567 vide
1038 2526 1154 2565 Kirk.

291 2601 475 2651 Thomas,
524 2600 731 2651 burgensis
777 2599 825 2638 de
874 2598 1172 2647 Abbirbrothoc‚

220 2676 310 2713 121.

165 2745 255 2795 Cas,
275 2744 360 2784 vide
378 2743 529 2795 Rynde.

165 2815 277 2866 Casa,
307 2815 488 2855 dominus
515 2813 744 2853 Alexander
771 2813 830 2864 de,
862 2818 1054 2852 mercator
1082 2812 1172 2851 Flo-

218 2887 352 2937 rensis,
374 2887 467 2926 270.

165 2957 350 3008 Castello,
371 2957 550 2997 Andreas
568 2956 629 3008 (16,
651 2957 744 2996 458.

165 3029 396 3070 Catenensis
414 3029 627 3081 episcopus,
648 3027 839 3078 Andreas,
857 3029 950 3076 535,
971 3027 1063 3067 540.

166 3100 354 3150 Gathoch,
376 3100 565 3150 Andreas,
587 3099 758 3148 scutifer,
783 3099 872 3138 129.

166 3171 323 3222 Catour,
347 3171 530 3223 Caytour,
551 3169 789 3220 Alexander,
814 3171 903 3219 132,
928 3169 1019 3209 149.

293 3242 502 3283 Elizabeth
519 3236 659 3294 sponsa
677 3239 905 3288 Alexandri,
929 3240 1019 3279 149.

2161 374 2255 424 561

1243 517 1402 569 Catour,
1423 516 1607 567 Thomas,
1633 517 1722 556 155.

1244 590 1381 642 Caute,
1403 590 1491 630 Ado
1510 589 1560 641 of,
1585 591 1675 639 107,
1701 575 1791 628 108.

1243 661 1340 714 Gay,
1356 662 1444 703 vide
1462 662 1541 715 Ka.

1243 733 1375 784 Geras,
1395 734 1483 774 vide
1504 734 1631 774 Seras.

1244 805 1441 857 Chalmar‚
1460 805 1655 855 Chalmer,
1674 803 1873 856 Chalmyr,
1890 803 2098 853 Chaumer,
2116 801 2255 842 Chaw-

1298 890 1393 928 mar,
1419 877 1467 917 de
1497 876 1674 927 Camera,
1703 875 1942 926 Alexander,
1972 874 2179 926 burgensis
2209 874 2256 912 de

1298 949 1487 1000 Abirden,
1511 951 1600 999 136,
1623 950 1716 989 255.

1374 1020 1611 1070 Alexander,
1632 1020 1680 1059 (16
1701 1019 1841 1068 Cultis,
1864 1020 1956 1059 340.

1372 1092 1610 1142 Alexander,
1632 1091 1848 1144 prepositus
1862 1090 1910 1130 de
1923 1089 2146 1140 Abberden,
2166 1090 2256 1138 160,

1302 1165 1393 1203 178.

1374 1234 1545 1274 Isobella
1564 1234 1734 1275 Rolland
1754 1247 1895 1287 sponsa
1913 1233 1941 1274 J
1943 1233 2119 1284 ohannis,
2141 1234 2235 1272 480.

1244 1329 1355 1337 ———
1373 1307 1402 1348 -J
1404 1306 1589 1357 ohannes,
1609 1306 1816 1358 burgensis
1835 1305 1882 1346 de
1898 1305 2108 1356 Abirdene,
2130 1307 2223 1345 480.

1372 1379 1562 1430 magister
1603 1379 1830 1428 Duncanus,
1867 1377 2124 1418 cancellarius
2161 1377 2256 1417 Ros-

1300 1451 1433 1502 sensis,
1458 1452 1551 1491 458.

1374 1522 1572 1573 Marioria,
1591 1523 1680 1563 vide
1697 1521 1887 1574 Menyeis.

1375 1594 1572 1645 Matheus,
1594 1594 1764 1634 ballivus
1783 1594 1830 1634 de
1850 1592 2099 1645 Edinburgh,
2122 1595 2186 1632 78.

1247 1689 1356 1695 —
1377 1665 1561 1717 Thomas
1584 1667 1676 1705 340.

1376 1737 1611 1787 Willelmus,
1632 1737 1839 1788 burgensis
1858 1737 1906 1776 de
1926 1735 2141 1787 Abbirden,
2164 1737 2228 1775 40.

1250 1809 1468 1862 Chapman,
1491 1809 1708 1862 Chcpman,
1731 1809 1878 1859 Andro,
1902 1811 1968 1849 53.

1377 1881 1524 1932 Andro,
1546 1883 1710 1933 burgess
1729 1882 1773 1921 of
1788 1882 2029 1934 Abbirdeyn‚
2055 1883 2143 1922 163.

1372 1954 1401 1994 J
1403 1954 1589 2004 ohannes,
1603 1954 1811 2006 burgensis
1825 1955 1873 1994 de
1887 1953 2158 2004 Abirbrothoc,
2172 1956 2260 2003 120,

1306 2028 1396 2078 154,
1421 2028 1511 2079 155,
1536 2029 1625 2077 163,
1650 2029 1742 2069 188.

1250 2097 1462 2149 Charteris,
1484 2098 1674 2150 Andreas,
1704 2100 1909 2152 burgensis
1937 2100 1985 2140 de
2014 2100 2147 2150 Pcrth,
2172 2101 2261 2147 103,

1304 2173 1398 2212 255.

1376 2243 1405 2283 J
1407 2245 1561 2292 acobus,
1582 2244 1789 2296 burgensis
1808 2245 1855 2284 de
1876 2245 2009 2295 Perth,
2033 2246 2097 2284 98.

1250 2313 1407 2362 Chatte,
1429 2315 1569 2365 Adam,
1590 2315 1814 2365 monachus,
1836 2317 1929 2355 410.

1250 2385 1406 2437 Chatto,
1438 2386 1618 2426 dominus
1647 2386 1836 2438 Andreas,
1867 2387 2037 2426 vicarius
2064 2386 2112 2425 de
2142 2386 2259 2435 Athe,

1304 2457 1397 2496 520.

1249 2527 1374 2578 Chen,
1411 2527 1556 2578 Chene,
1594 2527 1744 2580 Cheyn,
1778 2529 1965 2569 Esobella
2002 2529 2089 2568 Bad
2121 2542 2261 2582 sponsa

1302 2598 1476 2649 Patriofi,
1497 2584 1592 2639 4'64.

1369 2669 1575 2721 Patricius,
1596 2670 1644 2710 de
1664 2670 1905 2723 Essylmont,
1927 2673 2021 2712 464.

1375 2740 1589 2792 Ranaldus,
1615 2743 1705 2782 160.

1246 2834 1356 2841 -—
1374 2811 1588 2863 Ranaldus,
1610 2813 1658 2852 de
1680 2813 1872 2866 Straloch,
1898 2817 1987 2863 117,
2012 2817 2204 2856 135-138.

1248 2882 1471 2935 Chesholm,
1492 2884 1673 2925 dominus
1691 2885 1884 2926 Robertus
1902 2886 1962 2938 de,
1983 2887 2105 2939 miles,
2129 2891 2193 2927 22.

1248 2953 1441 3006 Chreych,
1475 2954 1627 3004 Greich,
1662 2956 1826 3008 Creych,
1856 2957 2037 3010 Creycht,
2069 2960 2155 3000 vide
2186 2960 2258 2998 Be-

1302 3031 1406 3066 tone.

1250 3096 1410 3149 Christi,
1430 3098 1518 3139 vide
1538 3099 1712 3140 Domini.

1249 3167 1564 3210 cisterciensium
1583 3171 1686 3222 ordo,
1709 3174 1802 3211 242.

1249 3238 1507 3292 Glakmanan,
1528 3241 1731 3282 Johannes
1749 3243 1808 3293 de,
1829 3245 1893 3283 25.

1174 3314 1260 3359 4ss
