2762 3834
60 2359 152 2404 132

661 363 1089 419 REGISTRUM
1122 362 1221 415 DE
1257 360 1824 415 ABERBROTHOC.
2185 364 2281 411 115

207 501 434 552 manibus
460 540 470 551 .
497 539 508 551 .
536 540 546 551 .
572 500 814 557 Malcomi
838 501 1031 552 abbatis
1068 539 1079 550 .
1113 536 1125 550 .
1163 537 1175 550 .
1211 500 1274 550 (16
1298 497 1638 549 Abirbrothoc
1675 536 1687 547 .
1717 535 1727 546 .
1756 537 1766 547 .
1801 497 2074 564 refignauit
2098 497 2280 563 viginti

205 594 384 644 solidos
408 595 589 645 vsualis
623 602 822 645 monete
857 595 1003 661 regni
1042 593 1216 644 Scocie
1252 611 1376 658 quos
1410 594 1516 659 ipse
1540 593 1716 642 Dauid
1750 600 1800 643 et
1824 592 2182 659 predicefl'ores
2206 591 2280 641 sui

206 689 267 737 de
306 688 427 738 tecis
459 688 579 738 diai
613 689 771 754 patris
807 697 857 739 et
891 688 1278 754 predicefl'orum
1310 687 1508 736 suorum
1545 686 1805 736 annuatim
1841 703 1903 735 ex
1938 685 2098 735 officio
2135 686 2198 734 de
2230 684 2278 734 le

205 782 455 847 dempstar
491 781 544 830 in
584 782 737 831 curiis
776 818 788 830 .
830 818 841 831 .
883 820 894 830 .
932 780 1123 830 abbatis
1160 818 1171 829 .
1210 817 1221 828 .
1258 819 1269 829 .
1306 780 1569 845 percipere
1612 779 1979 828 consueuerunt
2026 778 2276 843 diaosque

206 873 386 940 viginti
410 873 589 923 solidos
625 911 637 923 .
670 913 681 924 .
709 912 720 923 .
757 874 925 924 abbati
961 881 1011 923 et
1047 873 1320 923 conuentui
1357 911 1368 922 .
1406 911 1417 922 .
1456 909 1467 920 .
1504 872 1558 921 in
1588 889 1766 938 puram
1799 871 2105 921 elimofinam
2137 871 2276 920 dedit

256 1005 266 1015 .
304 1005 315 1016 .
351 968 718 1033 imperpetuum
761 997 772 1008 ·
817 975 867 1017 et
906 967 1108 1032 insuper
1144 1005 1155 1016 .
1193 1004 1204 1015 .
1244 1003 1255 1014 .
1292 963 1517 1031 promifit
1551 1003 1562 1013 .
1602 1001 1614 1014 .
1654 1003 1664 1014 .
1702 965 1870 1014 abbati
1912 972 1962 1014 et
2004 964 2277 1013 conuentui

207 1099 217 1108 .
255 1099 266 1109 .
302 1098 314 1109 .
339 1060 708 1126 imperpetuum
733 1060 901 1109 omnia
924 1060 1025 1109 alia
1049 1059 1258 1109 seruicia
1281 1066 1603 1124 preterquam
1627 1058 1840 1107 officium
1866 1058 1928 1107 de
1953 1057 2000 1107 le
2025 1057 2275 1123 dempstar

204 1153 257 1201 in
295 1153 446 1201 curiis
483 1190 494 1201 .
529 1190 539 1201 .
575 1189 586 1201 .
623 1151 815 1202 abbatis
854 1190 866 1201 .
903 1190 913 1201 .
954 1189 966 1201 .
1003 1169 1099 1217 que
1123 1150 1226 1218 ipse
1259 1187 1271 1200 .
1306 1189 1317 1200 .
1355 1189 1367 1200 .
1401 1158 1452 1200 et
1474 1150 1830 1217 predicefl’ores
1854 1151 1928 1200 sui
1961 1189 1971 1199 .
2009 1188 2020 1200 .
2060 1187 2070 1198 .
2107 1150 2273 1200 facere

206 1246 571 1295 consueuerunt
593 1245 849 1294 humiliter
873 1244 1039 1294 facere
1074 1283 1084 1294 .
1122 1282 1132 1294 .
1173 1282 1184 1295 .
1220 1244 1306 1295 sed
1338 1282 1348 1294 .
1387 1282 1398 1292 .
1438 1280 1449 1292 .
1485 1244 1699 1292 officium
1726 1244 1787 1292 de
1812 1243 1859 1292 16
1885 1243 2136 1309 dempstar
2161 1280 2173 1292 .
2209 1280 2221 1292 .
2261 1279 2272 1291 .

204 1339 452 1388 recusauit
493 1345 543 1387 et
591 1375 601 1386 .
652 1376 662 1387 .
707 1375 718 1386 .
758 1337 1077 1386 renunciauit
1111 1355 1203 1403 pro
1240 1336 1288 1386 se
1324 1344 1375 1386 et
1415 1336 1682 1386 heredibus
1727 1336 1824 1385 suis
1868 1336 2237 1401 imperpetuum
2261 1366 2272 1375 ·

206 1430 368 1496 Super
409 1431 587 1494 quibus
624 1468 634 1478 .
673 1469 682 1479 .
718 1469 728 1479 .
771 1430 995 1494 prefatus
1033 1467 1043 1478 .
1081 1468 1092 1479 .
1133 1467 1143 1478 .
1180 1437 1324 1495 pater
1367 1467 1378 1478 .
1422 1468 1432 1479 .
1478 1467 1488 1478 .
1535 1429 1691 1494 peciit
1731 1467 1741 1478 .
1787 1466 1796 1477 .
1843 1467 1854 1477 .
1896 1429 2226 1479 instrumenta
2261 1459 2271 1469 ·

202 1523 333 1572 Aaa
378 1523 582 1571 fuerunt
634 1522 728 1571 hec
783 1523 917 1587 apud
973 1522 1315 1572 Abirbrothoc
1370 1522 1423 1570 in
1478 1523 1626 1570 domo
1685 1521 1951 1587 capitulari
2004 1560 2015 1571 .
2055 1561 2066 1571 .
2108 1560 2119 1572 .
2162 1540 2273 1588 pre-

203 1616 419 1666 sentibus
447 1653 458 1665 .
498 1653 509 1664 .
549 1653 561 1664 .
590 1615 822 1665 Gilberto
867 1613 1080 1665 Stewart
1122 1643 1132 1653 ·
1172 1615 1402 1665 Waltero
1445 1614 1657 1665 Stewart
1695 1643 1707 1655 ·
1746 1614 1992 1680 magistris
2017 1615 2273 1665 Willelmo

204 1708 455 1758 VVischart
479 1715 529 1757 et
553 1707 588 1757 J
591 1708 788 1756 ohanne
813 1706 1017 1757 Fordise
1055 1707 1374 1758 ecclefiarum
1406 1708 1802 1774 parrochialium
1827 1709 1889 1757 de
1922 1708 2200 1758 Abberelot
2225 1718 2274 1759 et

203 1802 346 1869 Athy
370 1803 569 1852 vicariis
607 1834 617 1844 ·
655 1803 858 1852 domino
896 1802 1119 1851 Roberto
1155 1801 1471 1851 Robertsoun
1508 1801 1767 1866 capellano
1793 1828 1803 1838 ·
1829 1808 1878 1850 et
1908 1801 2127 1850 Patricio
2154 1801 2274 1867 Hoy

204 1935 215 1945 .
255 1935 266 1945 .
307 1935 317 1945 .
355 1896 422 1946 Et
447 1914 539 1964 ego
565 1896 858 1947 Alexander
885 1896 1187 1946 Thorntoun
1211 1894 1457 1962 presbiter
1485 1892 1843 1943 Sanaiandree
1869 1894 2075 1944 diocesis
2101 1902 2193 1944 etc.

203 2152 483 2238 Inquisicio
508 2172 639 2222 faeta
662 2173 807 2238 super
831 2171 1052 2221 multura
1075 2170 1351 2220 molendini
1374 2171 1435 2220 de
1459 2170 1702 2220 Conueth.

204 2332 339 2405 Hec
360 2353 620 2419 inquificio
645 2355 776 2404 facta
797 2356 930 2420 apud
958 2355 1190 2405 Conueth
1216 2353 1448 2404 vicesimo
1470 2354 1632 2418 primo
1658 2354 1738 2403 die
1763 2354 1941 2403 mensis
1968 2354 2270 2417 Nouembrig

204 2465 334 2497 anno
358 2448 568 2497 Domini
591 2455 659 2497 m⁰
684 2454 820 2498 cccc⁰
842 2449 912 2498 lx⁰
936 2466 1104 2498 coram
1131 2487 1142 2497 .
1184 2487 1195 2498 .
1225 2486 1236 2497 .
1263 2447 1465 2496 domino
1491 2447 1747 2496 Willelmo
1779 2448 1959 2497 comite
1985 2447 2270 2497 Mariscallo

205 2539 405 2589 domino
431 2540 568 2590 Keth
604 2559 662 2590 ac
702 2541 993 2590 vicecomite
1029 2541 1091 2589 de
1128 2540 1411 2590 Kincardin
1447 2559 1538 2607 per
1577 2579 1588 2590 .
1627 2579 1638 2591 .
1680 2579 1691 2590 .
1730 2542 2007 2592 Robertum
2046 2543 2270 2593 Graham

206 2631 267 2679 de
293 2631 620 2681 Aldmontros
651 2660 662 2670 ·
688 2633 916 2682 dominos
951 2633 987 2682 J
991 2633 1236 2683 ohannem
1276 2633 1465 2700 Ogilvy
1500 2635 1561 2684 de
1598 2634 1918 2701 Luntrethyn
1951 2663 1962 2674 ·
1986 2636 2022 2685 J
2024 2636 2270 2686 ohannem

207 2721 395 2770 Forbes
426 2723 487 2771 de
519 2723 856 2789 Tulchquhon
894 2756 905 2766 ·
940 2724 1121 2773 milites
1146 2755 1157 2765 -
1183 2726 1492 2776 Willelmum
1519 2728 1581 2776 de
1608 2726 1944 2794 Ochtirlovny
1970 2730 2031 2778 de
2057 2730 2231 2778 eodem
2257 2760 2267 2770 ·

207 2813 380 2863 Dauid
425 2814 572 2880 Rofl'y
619 2817 680 2864 de
728 2817 903 2865 eodem
940 2842 953 2856 ο
989 2817 1161 2866 Dauid
1207 2818 1576 2870 Arbirbuthnot
1621 2822 1682 2870 de
1726 2822 1898 2872 eodem
1937 2853 1947 2863 ·
1986 2823 2266 2874 Walterum

211 2906 422 2956 Stewart
444 2907 505 2955 de
531 2906 701 2973 Morfy
729 2935 740 2946 ·
764 2908 1023 2958 Andream
1052 2909 1289 2960 Stratoun
1315 2913 1376 2961 de
1402 2912 1572 2979 Cragy
1594 2942 1604 2953 ·
1626 2913 1936 2963 Willelmum
1958 2914 2180 2964 Graham
2206 2918 2267 2966 de

209 2999 498 3065 Morfymek
524 3027 534 3038 -
557 2998 900 3049 Alexandrum
925 3001 1119 3051 Burnat
1154 3004 1216 3052 de
1240 3003 1372 3069 Leys
1400 3031 1410 3042 ·
1433 3004 1780 3053 Alexandrum
1819 3005 1992 3072 Skeyn
2026 3008 2182 3056 filium
2218 3017 2267 3058 et

209 3091 444 3140 heredem
481 3098 804 3155 apparentem
841 3091 1022 3141 Jacobi
1064 3093 1235 3160 Skeyn
1271 3096 1332 3144 de
1371 3098 1545 3146 eodem
1583 3127 1593 3136 ·
1630 3098 1904 3147 Patricium
1938 3100 2152 3166 Berclay
2175 3127 2186 3139 ·
2217 3110 2265 3150 et

210 3181 481 3231 Robertum
509 3181 777 3232 Mortimar
801 3183 862 3232 de
882 3183 1197 3234 Ballandrow
1224 3215 1234 3225 ·
1260 3188 1346 3252 qui
1369 3189 1522 3239 iurati
1548 3190 1721 3240 dicunt
1745 3193 1878 3256 quod
1898 3193 1959 3241 de
1982 3192 2263 3242 Scottstoun
