2762 3834
437 1591 527 1639 178

583 373 674 417 158
1020 361 1440 415 REGISTRUM
1474 359 1570 409 DE
1606 355 2160 407 ABERBROTHOC.

579 500 784 549 introitu
820 538 828 547 .
866 538 875 547 .
910 538 918 546 .
956 497 1225 561 incipiente
1250 496 1301 542 in
1325 493 1445 542 festo
1470 489 1817 539 Penthecostes
1841 489 2065 552 proximo
2095 528 2104 537 .
2138 529 2147 537 .
2182 529 2191 538 .
2229 489 2502 539 Reddendo
2529 531 2536 538 .
2565 531 2572 538 .
2601 530 2608 538 .

579 591 832 640 tresdecim
856 589 1030 638 solidos
1049 596 1097 636 et
1120 594 1329 651 quatuor
1346 583 1575 632 denarios
1599 582 1663 629 ad
1685 580 1921 629 terminos
1946 579 2200 630 consuetos
2238 621 2246 630 .
2288 621 2296 630 .
2338 622 2347 631 .
2388 582 2453 631 Et
2494 622 2503 631 .
2548 623 2555 630 .

581 683 801 730 volumus
825 680 957 743 quod
990 716 1001 726 .
1037 715 1047 726 .
1086 715 1097 725 .
1132 677 1404 725 Duncanus
1429 681 1478 721 et
1499 672 1570 720 sui
1591 671 1814 736 affignati
1831 672 2090 720 inuenient
2109 689 2253 721 vnam
2273 673 2482 722 cimbam
2501 692 2610 723 cum

580 771 895 837 piscatoribus
925 806 936 818 .
972 806 982 816 .
1018 806 1029 817 .
1065 770 1129 817 ad
1164 766 1428 830 capiendos
1465 764 1620 828 pisces
1658 762 1805 826 vsque
1842 763 1905 810 ad
1944 763 2129 812 exitum
2165 764 2365 812 termini
2403 804 2412 812 .
2457 805 2465 813 .
2510 805 2518 813 .
2559 775 2612 813 ut

580 864 726 911 moris
750 862 819 910 est
842 859 1202 909 huibandorum
1228 861 1287 906 de
1312 855 1601 920 Achmuthy
1626 884 1637 894 ·
1663 855 1735 903 ita
1763 862 1927 903 tamen
1953 855 2086 918 quod
2118 855 2331 904 habeant
2354 855 2613 905 licenciam

580 953 837 1003 edificandi
861 952 1030 1000 domos
1070 990 1078 999 .
1122 989 1131 998 .
1175 989 1183 997 .
1227 949 1290 996 ad
1328 987 1336 995 .
1380 986 1390 996 .
1433 986 1442 995 .
1482 947 1747 1011 piscatores
1770 946 1825 994 in
1848 945 1958 994 loco
1983 948 2283 1011 competenti
2319 987 2329 996 .
2366 987 2375 995 .
2414 987 2422 995 .
2461 948 2614 1011 Apud

579 1044 921 1094 monasterium
958 1082 966 1090 .
1005 1081 1013 1090 .
1050 1082 1058 1090 .
1093 1041 1284 1090 decimo
1323 1039 1495 1103 quinto
1533 1038 1612 1086 die
1649 1038 1825 1095 menfis
1852 1037 2079 1088 octobris
2113 1056 2243 1088 anno
2271 1040 2475 1088 Domini
2507 1040 2613 1088 mil-

581 1136 743 1185 lefimo
768 1141 900 1184 ccce⁰
924 1131 1215 1197 sexagesimo
1239 1135 1427 1180 oetam.

579 1386 898 1470 Hathirvyk.

581 1569 840 1641 Omnibus
872 1627 881 1636 .
913 1627 921 1635 .
956 1627 965 1636 .
1002 1586 1274 1636 Malcomus
1316 1625 1324 1634 .
1369 1625 1378 1634 .
1422 1625 1430 1634 .
1474 1586 1624 1634 abbas
1662 1625 1671 1633 .
1714 1624 1722 1633 .
1766 1625 1774 1633 .
1815 1586 1876 1634 de
1900 1586 2237 1635 Abirbrothoc
2273 1626 2281 1634 .
2321 1626 2329 1635 .
2365 1626 2373 1635 .
2411 1587 2613 1636 salutem

583 1719 592 1728 .
620 1721 628 1729 .
655 1721 664 1729 .
693 1680 946 1729 Noueritis
969 1695 1059 1727 nos
1086 1716 1097 1727 .
1125 1716 1136 1728 .
1166 1717 1175 1726 .
1204 1677 1474 1727 concessiss'e
1508 1717 1517 1726 .
1553 1717 1562 1726 .
1598 1717 1606 1725 .
1639 1677 1928 1726 Alexandro
1953 1677 2134 1727 Mawle
2157 1678 2260 1726 filio
2283 1686 2332 1727 et
2356 1679 2614 1743 apparenti

581 1772 750 1820 heredi
771 1771 961 1819 Thome
986 1770 1165 1819 Mawle
1189 1771 1250 1819 de
1275 1770 1519 1818 Panmore
1544 1769 1715 1818 militis
1739 1777 1788 1818 et
1812 1768 2073 1820 Elizabeth
2097 1770 2292 1820 Guthre
2318 1771 2422 1819 eius
2447 1771 2614 1836 sponse

582 1905 590 1912 .
626 1904 635 1912 .
673 1904 681 1912 .
717 1872 871 1911 terras
895 1862 1222 1911 dimedietatis
1257 1902 1266 1910 .
1302 1902 1310 1910 .
1348 1901 1357 1910 .
1395 1862 1456 1909 de
1482 1860 1772 1926 Hathirvyk
1808 1900 1816 1909 .
1856 1901 1865 1909 .
1903 1901 1912 1909 .
1948 1862 2079 1910 infra
2113 1862 2489 1928 regalitatem..
2517 1902 2526 1911 .
2553 1864 2614 1911 de

582 1954 916 2004 Abirbrothoc
935 1962 1011 2002 et.
1040 1993 1048 2001 .
1076 1993 1084 2002 .
1107 1953 1503 2003 vicecomitatum
1522 1953 1584 2001 de
1603 1951 1782 2002 Forfar
1798 1981 1808 1991 -
1829 1953 2128 2017 quequidem
2151 1962 2284 2003 terre
2309 1994 2317 2002 .
2345 1994 2353 2002 .
2381 1994 2390 2002 .
2416 1955 2615 2003 fuerunt

583 2047 696 2094 diditi
724 2046 915 2094 Thome
939 2045 1237 2094 hereditarie
1260 2053 1309 2094 et
1333 2062 1453 2109 quas
1486 2085 1495 2093 .
1531 2085 1540 2093 .
1578 2084 1587 2093 .
1620 2044 1847 2093 manibus
1877 2044 2058 2094 nostris
2095 2085 2105 2093 .
2151 2085 2160 2094 .
2204 2085 2213 2094 .
2238 2046 2507 2111 refignauit
2532 2086 2540 2094 .
2569 2087 2576 2095 .
2605 2087 2613 2095 .

584 2138 848 2186 Tenendas
880 2177 889 2185 .
927 2176 936 2185 .
974 2176 982 2185 .
1016 2137 1247 2201 prediffls
1275 2177 1284 2184 .
1323 2176 1331 2185 .
1369 2176 1378 2185 .
1413 2144 1462 2186 et
1485 2136 1749 2186 heredibus
1772 2137 1904 2185 inter
1934 2137 2061 2201 ipsos
2081 2137 2323 2202 legittime
2342 2140 2615 2203 procreatis

583 2270 591 2277 .
619 2270 627 2277 .
655 2270 662 2277 .
690 2229 863 2292 quibus
900 2268 908 2276 .
943 2268 952 2276 .
990 2267 999 2276 .
1036 2228 1373 2277 deficientibus
1409 2268 1417 2276 .
1453 2267 1461 2276 .
1499 2268 1508 2277 .
1545 2228 1843 2277 heredibus,
1870 2268 1878 2277 .
1905 2269 1914 2277 .
1941 2229 2218 2278 Alexandri
2247 2230 2615 2294 quibuscunque

584 2361 592 2369 .
620 2361 628 2368 .
655 2361 663 2369 .
690 2320 939 2369 Faciendo
972 2359 981 2368 .
1016 2359 1025 2368 .
1060 2360 1068 2368 .
1104 2319 1312 2368 seruicia
1335 2320 1502 2369 debita
1526 2327 1575 2368 et
1600 2320 1832 2369 consueta
1855 2360 1864 2368 .
1899 2360 1908 2368 .
1943 2360 1952 2369 .
1978 2320 2134 2385 Apud
2155 2321 2506 2370 monasterium
2533 2361 2542 2369 .
2570 2361 2577 2369 .
2606 2362 2613 2370 .

586 2414 716 2459 sexto
732 2411 810 2459 die
827 2410 1000 2459 mensis
1017 2410 1317 2459 Nouembris
1333 2428 1463 2460 anno
1478 2411 1687 2461 Domini
1704 2412 1959 2462 millesimo
1979 2418 2114 2462 cccc⁰
2129 2413 2422 2478 sexagesimo
2443 2417 2616 2463 octauo

588 2518 749 2550 coram
770 2540 777 2548 .
804 2541 813 2549 .
839 2540 848 2549 .
869 2501 1087 2550 Patricio
1107 2501 1312 2567 Gardyn
1332 2503 1393 2550 de
1413 2504 1586 2551 eodem
1600 2530 1612 2543 ·
1627 2504 1851 2554 Roberto
1872 2503 2083 2554 Stewart
2101 2505 2153 2553 in
2172 2504 2401 2554 Latheris
2417 2533 2427 2543 ·
2445 2504 2617 2554 Dauid

591 2592 755 2656 Herys
779 2592 841 2639 de
867 2593 1005 2656 Dery
1022 2618 1031 2628 ·
1049 2591 1336 2640 Alexandro
1362 2593 1587 2660 Baldovy
1609 2625 1619 2635 ·
1639 2604 1688 2645 et
1713 2595 1922 2646 Andrea
1940 2595 2109 2645 Brovn
2133 2623 2144 2634 ·
2169 2614 2279 2646 cum
2304 2597 2471 2647 multis
2495 2597 2615 2646 aliis.

591 2838 763 2910 Carta
785 2860 1034 2924 priuilegii
1058 2860 1109 2909 in
1134 2860 1367 2924 lapicidio
1392 2863 1452 2911 de
1478 2863 1628 2929 Keuy
1653 2873 1702 2913 et
1725 2865 1894 2915 saifine
1918 2867 2149 2916 eiusdem.

448 3047 541 3098 179
593 3018 868 3091 Uniuerfis
911 3048 1076 3104 pateat
1132 3077 1143 3087 .
1201 3077 1211 3088 .
1269 3077 1280 3088 .
1336 3056 1413 3088 me
1454 3041 1758 3091 Willelmum
1804 3045 1865 3093 de
1915 3045 2292 3112 Ouchtirlowny
2340 3049 2401 3096 de
2447 3049 2620 3097 eodem

593 3130 752 3180 fecifl'e
795 3170 803 3178 .
842 3169 851 3179 .
889 3170 897 3179 .
943 3130 1186 3180 Thomam
1212 3130 1467 3195 Ogystovn
1506 3162 1516 3171 ·
1552 3132 1832 3183 ‚Iohannem
1860 3134 2046 3186 Setoun
2070 3168 2080 3178 ·
2108 3146 2157 3188 et
2183 3139 2426 3187 Thomam
2452 3139 2618 3188 Brovn
