2762 3834
627 385 723 431 258
1071 371 1493 428 REGISTRUM
1527 369 1623 419 DE
1659 366 2216 418 ABERBROTHOC.

632 513 804 563 Yester
828 540 839 551 ·
865 511 1132 560 Robertum
1158 508 1311 556 filium
1336 503 1523 553 domini
1547 500 1673 566 Lyle
1699 530 1709 541 ·
1734 498 1977 548 Thomam
2014 499 2279 549 Galbratht
2304 501 2366 548 de
2393 499 2630 549 Culcutht
2649 528 2660 539 ·

630 604 872 654 Thomam
904 600 1065 650 Lowis
1099 600 1161 647 de
1196 596 1375 646 Menar
1416 625 1426 635 -
1466 592 1710 641 Thomam
1752 590 1870 655 Hay
1908 617 1918 627 ·
1957 598 2006 640 et
2047 591 2319 641 Robertum
2360 591 2484 657 Lyle
2534 631 2544 640 .
2592 631 2603 640 .
2650 631 2660 641 .

630 694 819 744 nostros
869 729 880 741 .
932 727 944 739 .
997 726 1008 739 .
1057 694 1401 753 procuratores
1427 683 1634 731 {indicos
1659 682 2006 731 commissarios
2057 720 2068 731 .
2123 721 2134 732 .
2187 720 2198 731 .
2248 684 2665 748 negociorumque

633 826 641 834 .
679 825 688 834 .
725 823 735 833 .
766 782 982 848 gestores
1017 820 1026 829 .
1063 819 1073 829 .
1113 818 1123 828 .
1160 779 1224 827 ad
1249 775 1634 841 comparendum
1657 791 1749 839 pro
1773 773 1914 823 nobis
1950 813 1960 823 .
1995 813 2004 823 .
2038 814 2047 823 .
2083 791 2250 824 eoram
2278 814 2287 823 .
2314 814 2324 824 .
2351 814 2360 824 .
2386 767 2666 835 iusticiariis

680 915 689 924 .
725 914 735 923 .
772 873 903 937 regis
944 910 954 921 .
996 911 1006 920 .
1049 909 1059 919 .
1099 870 1180 918 seu
1204 866 1652 918 locumtenentibus
1692 905 1701 915 .
1742 905 1752 915 .
1792 904 1802 914 .
1841 866 1894 915 in
1918 867 2002 915 suo
2026 867 2250 931 proximo
2279 867 2456 915 itinere
2487 866 2667 915 iustici-

630 967 731 1016 arie
766 964 980 1014 tenendo
1010 1002 1018 1011 .
1052 1001 1061 1011 .
1095 1001 1104 1010 .
1137 961 1268 1025 apud
1311 959 1549 1023 Lanaryk
1586 963 1669 1006 xx⁰
1709 957 1789 1006 die
1830 957 2006 1006 menfis
2040 957 2266 1007 instantis
2303 957 2514 1023 Augusti
2552 997 2561 1006 .
2605 996 2615 1005 .
2654 997 2664 1006 .

630 1067 678 1108 et
711 1058 891 1106 ibidem
930 1055 1084 1103 libere
1120 1060 1344 1102 tenentes
1381 1050 1571 1099 nostros
1610 1058 1659 1100 et
1696 1048 1919 1098 homines
1950 1049 2285 1100 inhabitantes
2320 1058 2477 1099 terras
2505 1047 2667 1098 nostre

630 1148 899 1214 regalitatis
934 1145 1141 1194 dominii
1175 1145 1236 1193 de
1273 1141 1598 1191 Athcarmuir
1639 1181 1648 1190 .
1687 1181 1696 1190 .
1735 1181 1744 1191 .
1787 1141 2162 1206 replegiandum
2198 1182 2207 1191 .
2245 1182 2254 1191 .
2292 1182 2301 1191 .
2338 1142 2490 1206 Apud
2524 1142 2669 1191 Abir-

630 1240 834 1290 brothoc
858 1238 977 1287 xiii20
998 1237 1077 1285 die
1101 1234 1273 1284 mensis
1302 1233 1514 1299 Augusti
1541 1250 1672 1281 anno
1696 1232 1902 1282 Domini
1930 1237 2073 1281 1488.

630 1456 913 1528 Affedacio
936 1473 1126 1522 brafine
1151 1472 1315 1520 nostre
1341 1471 1402 1519 de
1426 1469 1725 1534 Achmuthy.

482 1640 574 1690 317
629 1618 757 1690 Nos
781 1639 952 1688 Dauid
976 1640 1123 1688 abbas
1149 1640 1209 1687 de
1232 1637 1569 1687 Abirbrothoc
1606 1677 1615 1686 .
1653 1677 1662 1686 .
1697 1676 1706 1685 .
1740 1629 2009 1685 affedamus
2051 1675 2060 1685 .
2102 1675 2111 1685 .
2150 1676 2160 1686 .
2206 1620 2455 1686 Duncano
2483 1636 2600 1687 Seot
2624 1646 2673 1688 et

633 1730 916 1796 Margarete
954 1730 1122 1795 sponse
1160 1730 1242 1778 sue
1289 1768 1298 1777 .
1347 1768 1356 1778 .
1405 1768 1414 1777 .
1464 1745 1555 1792 pro
1593 1734 1816 1793 tempore
1859 1728 1958 1778 vite
1997 1729 2267 1778 eorundem
2308 1769 2317 1778 .
2366 1769 2374 1779 .
2423 1769 2432 1779 .
2474 1731 2672 1779 domum

633 1822 846 1871 nostram
892 1821 1083 1870 brafine
1126 1820 1291 1869 nostre
1333 1820 1447 1869 ville
1494 1819 1659 1868 nostre
1704 1820 1766 1868 de
1809 1819 2096 1885 Achmuthy
2139 1861 2148 1870 .
2190 1861 2199 1870 .
2242 1860 2252 1870 .
2295 1822 2506 1870 termino
2553 1839 2671 1871 uero

633 1914 863 1962 introitus
904 1950 915 1961 .
963 1950 974 1961 .
1021 1951 1031 1961 .
1069 1913 1335 1977 Incipiente
1361 1912 1412 1961 in
1437 1911 1558 1961 festo
1583 1912 1931 1962 Penthecostes
1962 1913 2127 1961 datam
2162 1913 2470 1978 presencium
2505 1914 2672 1963 imme-

634 1984 766 2054 diate
791 2005 1021 2069 sequente
1065 2042 1075 2052 .
1117 2043 1127 2053 .
1167 2042 1178 2052 .
1217 2004 1466 2053 Soluendo
1506 2042 1516 2052 .
1556 2041 1568 2053 .
1608 2042 1618 2052 .
1655 2004 1848 2052 firmam
1884 2011 1934 2052 et
1969 2021 2122 2053 onera
2157 2005 2325 2054 debita
2360 2014 2409 2055 et
2445 2005 2674 2056 consueta

634 2106 780 2161 prout
820 2097 872 2145 in
914 2096 1091 2145 rentali
1130 2095 1294 2144 nostro
1332 2096 1526 2162 plenius
1565 2096 1849 2145 continetur
1886 2126 1896 2136 ·
1934 2095 2147 2145 Necnon
2187 2134 2198 2145 .
2236 2134 2247 2145 .
2287 2135 2298 2145 .
2337 2097 2674 2148 sustentabunt

634 2189 875 2254 prefatam
900 2189 1097 2237 domum
1122 2189 1311 2238 brafine
1346 2188 1548 2237 honeste
1574 2197 1624 2238 et
1648 2189 1941 2238 sufficienter
1964 2189 2016 2238 in
2042 2189 2247 2239 edificiis
2272 2198 2321 2239 et
2344 2191 2675 2255 reparacioni-

635 2282 723 2330 bus
748 2282 866 2329 ficut
889 2281 1009 2330 solet
1032 2281 1291 2331 sustentari
1316 2288 1365 2330 et
1388 2289 1537 2345 prout
1560 2281 1844 2331 inuenietur
1868 2289 2090 2346 tempore
2115 2281 2348 2331 introitus
2372 2283 2641 2332 eorundem
2659 2311 2672 2323 ·

637 2373 702 2422 Et
724 2374 920 2438 insuper
942 2373 1271 2422 fidefecerint
1292 2374 1343 2422 in
1369 2374 1547 2422 eisdem
1590 2411 1601 2422 .
1643 2411 1653 2421 .
1697 2410 1708 2421 .
1748 2373 1830 2421 seu
1874 2409 1885 2421 .
1926 2409 1939 2421 .
1983 2409 1996 2421 .
2038 2373 2090 2421 in
2115 2372 2361 2422 solucione
2386 2374 2513 2423 dicte
2537 2374 2676 2424 firm0

639 2473 687 2513 et
722 2483 925 2514 onerum
973 2505 982 2514 .
1031 2505 1041 2514 .
1092 2503 1102 2514 .
1150 2466 1320 2515 licebit
1355 2466 1497 2514 nobis
1541 2505 1549 2514 .
1596 2503 1607 2514 .
1649 2506 1661 2515 .
1703 2465 1910 2530 desuper
1934 2465 2193 2530 disponere
2219 2467 2281 2514 ad
2324 2504 2335 2514 .
2378 2503 2390 2514 .
2431 2503 2443 2515 .
2484 2467 2675 2516 libitum

643 2594 653 2603 .
692 2590 702 2601 .
747 2595 756 2604 .
794 2557 945 2620 Apud
967 2557 1314 2606 monasterium
1356 2595 1367 2606 .
1411 2596 1420 2606 .
1465 2596 1474 2606 .
1518 2538 1745 2606 vic'efimo
1781 2575 1914 2606 nono
1950 2558 2030 2607 die
2068 2557 2245 2607 menfis
2282 2557 2511 2608 Ofimbris
2547 2576 2676 2609 anno

641 2647 846 2695 Domini
869 2647 1120 2696 millesimo
1146 2647 1625 2714 quadringentefimo
1650 2650 1974 2716 o&uagefimo
1999 2651 2190 2698 o&au0.

648 2868 780 2958 [De
805 2895 963 2944 officio
988 2896 1294 2944 coronatoris
1318 2897 1590 2961 regalitatis
1614 2899 1676 2947 de
1701 2898 2081 2966 Abirbrothoc.]

495 3066 593 3110 318
644 3036 742 3109 To
782 3058 849 3107 all
889 3059 1017 3107 ande
1059 3059 1241 3124 syndry
1279 3098 1289 3108 .
1328 3098 1339 3109 .
1381 3097 1392 3108 .
1434 3060 1620 3110 maistir
1662 3061 1880 3112 Thomas
1917 3063 2189 3131 Dekysoun
2228 3081 2443 3115 crovnar
2484 3065 2558 3114 off
2583 3064 2684 3115 the

646 3149 904 3215 regalitate
928 3149 1002 3198 off
1016 3149 1385 3200 Abbirbrothoc
1407 3151 1607 3217 greting
1645 3191 1656 3203 .
1696 3191 1708 3203 .
1745 3191 1757 3204 .
1799 3155 1828 3205 Ι
1863 3155 1947 3205 the
1981 3156 2163 3205 forsaid
2209 3196 2218 3206 .
2268 3197 2277 3206 .
2325 3196 2335 3206 .
2381 3157 2572 3223 grantis
2592 3171 2677 3204 rme
