2762 3834
634 365 1059 418 REGISTRUM
1092 366 1190 417 DE
1229 365 1784 421 ABERBROTHOC.
2140 378 2229 423 151

186 566 354 654 Futy.

6 834 9 852 ,
42 781 133 836 169
184 749 366 824 Terra
388 772 476 822 illa
509 772 639 821 iacet
661 771 715 820 in
744 770 969 822 Abirden
995 780 1044 823 et
1068 782 1274 824 vocatur
1296 776 1349 841 ly
1372 777 1582 828 Abbatis
1612 777 1715 828 Hal
1739 786 1788 828 et
1812 779 1957 829 datur
1981 781 2045 830 ad
2068 781 2230 830 feode-

7 853 11 894 !
183 866 375 914 firmam
399 864 655 914 Willelmo
679 863 857 913 Lutair
882 871 933 913 et
950 864 1191 915 Mariorie
1215 867 1383 932 sponse
1415 869 1497 938 sue
1521 869 1755 919 soluendo
1779 872 2032 921 annuatim
2057 873 2229 922 decem

1 683 9 831 ἱ

8 905 13 964 ¹,

9 966 12 971 ’
183 958 363 1007 solidos
379 984 390 996 ·
416 956 528 1006 Hec
552 957 606 1005 in
631 954 960 1005 instrumento
984 956 1112 1006 faao
1136 975 1226 1022 per
1245 960 1498 1010 dominum
1521 962 1794 1013 Robertum
1814 965 1929 1014 Leis
1953 967 2199 1015 notarium
2218 996 2228 1006 ·

10 974 18 1156 ὶ
184 1049 419 1115 Sequitur
442 1050 842 1098 instrumentum.

17 1240 25 1390 ἒ

252 1142 314 1191 In
339 1142 441 1192 Dei
464 1142 666 1191 nomine
691 1158 837 1190 amen
876 1169 887 1181 ·
926 1140 1024 1189 Per
1047 1141 1144 1190 hoe
1180 1180 1189 1189 .
1227 1180 1237 1190 .
1276 1179 1286 1190 .
1322 1149 1490 1207 pateat
1525 1182 1535 1193 .
1573 1184 1582 1194 .
1619 1184 1629 1194 .
1666 1147 1798 1210 quod
1833 1165 1963 1196 anno
1988 1149 2049 1197 ab
2073 1149 2233 1198 incar-

186 1236 396 1286 nacione
419 1235 628 1285 Domini
653 1240 720 1283 m⁰
744 1238 880 1283 ccce⁰
899 1233 1195 1299 sexagesimo
1219 1234 1357 1282 sexto
1387 1262 1397 1273 ·
1427 1237 1602 1284 menfis
1627 1254 1745 1285 vero
1768 1237 1804 1286 J
1806 1239 1910 1286 unii
1944 1239 2024 1288 die
2058 1239 2198 1288 xxiii·
2222 1268 2232 1278 ·

187 1329 456 1378 indiffione
484 1328 611 1377 xiiii*
634 1356 644 1367 ·
668 1326 987 1392 pontificatus
1030 1364 1039 1374 .
1077 1364 1087 1373 .
1126 1364 1135 1373 .
1174 1324 1319 1373 Pauli
1354 1364 1364 1374 .
1402 1364 1411 1374 .
1449 1364 1459 1374 .
1494 1344 1621 1391 pape
1645 1329 1844 1377 secundi
1868 1347 1997 1378 anno
2021 1332 2233 1381 secundo

306 1461 315 1470 .
365 1421 661 1470 Malcolmus
703 1419 853 1468 abbas
901 1458 910 1467 .
960 1457 969 1466 .
1019 1458 1028 1467 .
1078 1418 1140 1466 de
1187 1416 1522 1466 Abirbrothoc
1567 1457 1577 1467 .
1627 1458 1636 1467 .
1685 1458 1694 1468 .
1741 1421 1805 1469 ad
1849 1422 2233 1472 feodamfirmam

188 1513 367 1562 dimisit
391 1513 646 1562 Willelmo
684 1511 842 1560 Lutar
879 1509 1110 1576 burgensi
1149 1510 1210 1558 de
1248 1508 1474 1557 Abirden
1515 1517 1564 1558 et
1602 1509 1841 1560 Mariorie
1880 1513 2044 1577 sponse
2097 1554 2104 1563 .
2156 1554 2166 1564 .
2223 1556 2231 1564 .

187 1606 324 1656 illam
381 1605 568 1655 vastam
627 1613 812 1654 terram
867 1602 1002 1652 suam
1061 1601 1335 1667 vulgariter
1381 1611 1718 1668 nuncupatam
1774 1604 1826 1670 ly
1873 1604 2083 1654 Abbatis
2133 1607 2234 1655 Hal

188 1699 435 1747 iacentem
460 1697 514 1746 in
539 1697 697 1746 fotino
722 1696 856 1745 infra
878 1696 1094 1761 burgum
1130 1695 1191 1743 de
1226 1694 1454 1742 Abirden
1498 1723 1509 1733 ·
1548 1694 1797 1744 Soluendo
1846 1735 1856 1746 .
1906 1735 1916 1746 .
1966 1737 1976 1746 .
2022 1715 2238 1746 annuum

190 1791 438 1840 redditum
464 1790 636 1839 decem
671 1789 941 1838 solidorum
976 1787 1176 1836 nomine
1201 1786 1487 1836 feodefirme
1512 1815 1522 1826 ·
1546 1787 1627 1836 De
1653 1805 1749 1852 qua
1774 1789 1973 1852 quidem
1998 1797 2132 1839 terra
2156 1827 2165 1837 .
2193 1831 2201 1839 .
2229 1832 2237 1839 .

191 1884 339 1933 abbas
362 1900 453 1949 per
481 1882 723 1931 balliuum
758 1882 898 1930 suum
934 1881 1104 1930 Dauid
1140 1879 1292 1928 Heris
1331 1918 1341 1928 .
1385 1918 1395 1929 .
1438 1919 1448 1930 .
1490 1878 1726 1929 Villelmo
1763 1888 1811 1930 et
1846 1881 2085 1930 Mariorie
2124 1922 2132 1930 .
2177 1922 2186 1931 .
2230 1922 2239 1932 .

190 1975 412 2033 saifinam
436 1974 568 2024 tradi
591 1974 712 2023 feeit
748 2011 760 2023 .
797 2012 807 2023 .
844 2012 855 2022 .
892 1973 977 2022 sub
1001 1972 1095 2022 ista
1119 1972 1414 2022 condicione
1449 2011 1460 2021 .
1497 2011 1508 2021 .
1544 2011 1555 2022 .
1593 1974 1726 2038 quod
1750 1972 1784 2021 fi
1820 2010 1831 2021 .
1869 2012 1878 2022 .
1920 2012 1931 2023 .
1964 1974 2241 2024 Willelmus

192 2076 240 2118 et
275 2067 519 2117 Marioria
569 2104 581 2115 .
637 2103 648 2115 .
702 2104 713 2115 .
764 2061 911 2132 fi[ue]
954 2065 1164 2115 heredes
1204 2065 1274 2114 sui
1312 2083 1413 2114 non
1453 2066 1796 2116 edificauerint
1837 2068 2018 2116 dietam
2060 2075 2241 2117 terram

42 2104 46 2188 ἡ
192 2160 377 2210 vastam
401 2160 533 2209 infra
555 2159 773 2224 spacium
798 2158 950 2208 trium
975 2175 1219 2207 annorum
1257 2196 1268 2207 .
1308 2196 1319 2207 .
1359 2195 1370 2207 .
1407 2159 1557 2208 abbas
1593 2166 1642 2207 et
1676 2159 1748 2208 sui
1783 2158 2073 2208 successores
2095 2161 2241 2209 habe·

190 2254 315 2303 bunt
364 2291 375 2301 .
427 2290 438 2301 .
488 2289 499 2300 .
551 2260 738 2302 terram
788 2289 799 2300 .
850 2289 862 2300 .
914 2289 925 2300 .
971 2251 1035 2300 ad
1059 2251 1275 2316 ipsorum
1323 2289 1334 2300 .
1386 2289 1397 2299 .
1450 2288 1461 2300 .
1510 2250 1880 2316 disposicionem
1921 2289 1931 2300 .
1973 2289 1983 2299 .
2025 2287 2035 2300 .
2082 2250 2240 2315 Super

193 2345 367 2409 quibus
404 2383 413 2393 .
451 2383 462 2394 .
499 2384 509 2393 .
546 2344 698 2393 abbas
734 2362 765 2393 a
798 2360 877 2392 me
913 2382 924 2392 .
961 2381 972 2393 .
1009 2382 1019 2392 .
1058 2343 1145 2392 fibi
1178 2343 1288 2392 fieri
1320 2343 1473 2408 peciit
1509 2381 1518 2392 .
1555 2380 1566 2392 .
1603 2381 1613 2392 .
1648 2342 2024 2391 instrumentum
2062 2369 2072 2380 ·
2111 2344 2241 2391 Aeta

195 2444 335 2487 erant
358 2437 450 2486 hee
474 2436 618 2501 super
642 2436 797 2485 fundo
823 2436 952 2484 diae
976 2442 1109 2484 terre
1132 2435 1258 2484 hora
1282 2435 1487 2500 septima
1511 2435 1589 2484 vel
1615 2435 1810 2484 eocirca
1833 2434 1938 2498 post
1972 2435 2238 2484 merediem

326 2569 336 2579 .
391 2528 703 2594 presentibus
761 2567 770 2578 .
827 2567 837 2577 .
892 2568 903 2577 .
958 2528 1269 2577 Allexandro
1309 2526 1544 2592 Dowglas
1576 2554 1586 2564 ·
1625 2526 1931 2576 Allexandro
1968 2526 2238 2592 Baldowy

195 2620 365 2670 Dauid
407 2621 576 2687 Herys
620 2649 631 2659 ·
674 2619 909 2670 Johanne
945 2619 1137 2669 Vaus·
1178 2620 1213 2669 J
1217 2620 1410 2668 ohanne
1451 2619 1644 2685 Pynnir
1687 2649 1697 2659 ·
1739 2619 1958 2668 Roberto
1999 2619 2190 2685 Pynnir
2230 2645 2240 2655 ·

195 2712 448 2762 Willelmo
474 2711 671 2778 Yong·
710 2719 759 2762 et
784 2712 986 2761 domino
1013 2712 1212 2762 Thema
1238 2711 1479 2778 Grynlaw
1503 2711 1746 2762 monacho
1771 2711 1887 2761 dieti
1910 2710 2191 2760 monasterii
2228 2740 2237 2750 -

198 2822 308 2854 cum
331 2804 535 2855 diuerfis
559 2805 669 2855 aliis
708 2844 717 2854 .
761 2844 770 2853 .
812 2844 821 2854 .

265 2962 667 3056 RobertusLeys
709 3029 718 3039 .
761 3028 771 3038 .
816 3028 826 3038 .
867 2989 1089 3039 notarius
1125 3029 1135 3038 .
1174 3029 1182 3038 .
1220 3028 1230 3037 .
