2762 3834
426 1052 522 1094 435

426 2795 522 2842 436

574 373 673 423 346
1019 368 1444 422 REGISTRUM
1480 366 1576 416 DE
1612 364 1753 413 ABE
1761 362 2172 414 RBROTHOC.

575 504 796 554 cottariis
840 541 851 553 .
894 541 905 552 .
950 541 961 552 .
1000 503 1217 567 exceptis
1255 539 1265 550 .
1301 538 1311 548 .
1351 537 1363 548 .
1401 497 1554 563 Apud
1597 536 1607 545 .
1646 536 1656 546 .
1693 534 1703 545 .
1746 496 2016 560 capitulum
2043 496 2303 546 vndecimo
2339 499 2418 548 die
2450 501 2623 550 mensis
2723 507 2728 513 '

578 595 876 644 Nouembris
901 611 1031 643 anno
1057 592 1261 642 Domini
1287 590 1540 639 millefimo
1565 588 1958 654 quingentesimo
1982 590 2214 639 secundo.

575 843 737 928 Athy
763 879 852 926 pro
878 865 1050 910 oaaua
1074 868 1215 926 parte
1239 859 1482 909 affedatur
1505 858 1797 908 Alexandro
1821 858 1856 908 J
1858 859 2102 908 amesone.

573 1024 702 1099 Nos
743 1045 912 1095 Dauid
963 1083 973 1094 .
1022 1082 1033 1093 .
1082 1082 1093 1093 .
1142 1045 1293 1094 abbas
1341 1082 1352 1092 .
1395 1083 1404 1093 .
1449 1083 1457 1092 .
1507 1044 1568 1092 de
1605 1041 1941 1091 Abirbrothoe
1989 1081 1998 1091 .
2048 1080 2057 1091 .
2107 1081 2116 1091 .
2166 1043 2434 1092 affedamus
2485 1081 2495 1091 .
2549 1081 2559 1092 .
2612 1081 2622 1091 .

574 1138 864 1187 Alexandro
906 1137 1167 1186 Jamesone
1211 1166 1220 1176 ·
1263 1136 1447 1185 Jonete
1492 1134 1656 1185 Smert
1698 1134 1803 1183 eius
1844 1135 2012 1199 sponse
2054 1163 2064 1173 ·
2105 1134 2328 1184 Johanni
2362 1135 2624 1186 Jamesone

574 1248 742 1279 eorum
779 1230 880 1278 filio
918 1260 927 1269 ·
967 1238 1016 1279 et
1050 1247 1219 1278 eorum
1257 1228 1451 1278 diucius
1490 1227 1678 1277 viuenti
1715 1230 1939 1276 oaauam
1975 1234 2165 1292 partem
2192 1228 2253 1276 de
2278 1227 2329 1294 ly
2354 1227 2537 1295 Manys
2563 1231 2624 1278 de

571 1323 709 1388 Athy
746 1340 892 1387 quam
932 1360 942 1370 .
983 1359 994 1369 .
1035 1361 1046 1371 .
1084 1332 1330 1386 occupant
1372 1350 1382 1360 ·
1426 1319 1638 1369 termino
1682 1335 1799 1368 vero
1836 1318 2069 1368 introitus
2112 1357 2123 1367 .
2166 1357 2176 1368 .
2220 1357 2231 1369 .
2270 1321 2539 1385 incipiente
2576 1322 2625 1369 in

573 1414 692 1463 festo
720 1414 883 1465 Sanffi
912 1413 1121 1464 Martini
1145 1415 1310 1463 datam
1335 1412 1640 1478 presencium
1665 1411 1951 1460 immediate
1986 1412 2286 1476 precedente
2324 1441 2333 1451 ·
2376 1411 2627 1462 Soluendo
2719 1470 2723 1474 ⁴

699 1544 710 1555 .
759 1523 939 1555 nouem
982 1506 1139 1554 bollas
1181 1522 1327 1555 vnam
1369 1504 1583 1553 firlotam
1632 1520 1743 1551 cum
1791 1503 1998 1552 dimidia
2039 1504 2212 1553 mundi
2259 1504 2370 1553 ficei
2418 1513 2468 1554 et
2513 1506 2623 1571 puri

573 1598 806 1647 frumenti
831 1606 880 1646 et
904 1605 1004 1645 tres
1027 1596 1215 1645 firlotas
1250 1596 1359 1646 albe
1389 1596 1577 1644 fan-ine
1613 1605 1663 1646 et
1697 1599 1869 1647 decem
1899 1596 2079 1646 solidos
2120 1635 2131 1646 .
2171 1635 2182 1646 .
2222 1635 2232 1646 .
2276 1606 2472 1647 monete
2510 1636 2521 1647 .
2562 1637 2573 1648 .
2613 1638 2623 1647 .

576 1690 748 1739 Scocie
774 1691 837 1738 ad
862 1689 1099 1739 terminos
1143 1728 1152 1737 .
1198 1726 1209 1737 .
1253 1726 1263 1736 .
1307 1688 1528 1737 soluendi
1568 1727 1579 1738 .
1620 1726 1631 1738 .
1672 1727 1683 1738 .
1722 1707 1834 1738 cum
1871 1689 2027 1738 tribus
2053 1689 2321 1754 caponibus
2347 1698 2396 1739 et
2421 1690 2625 1739 totidem

573 1782 720 1846 pullis
758 1782 938 1830 adultis
978 1790 1027 1830 et
1069 1799 1179 1830 cum
1222 1780 1451 1830 omnibus
1494 1780 1603 1829 aliis
1641 1779 2004 1829 husbandorum
2048 1781 2281 1830 oneribus
2325 1818 2335 1829 .
2379 1819 2390 1829 .
2434 1818 2444 1829 .
2489 1781 2555 1830 Et
2591 1783 2622 1830 fi

575 1874 830 1939 contingat
855 1875 1007 1922 diffisos
1050 1913 1060 1923 .
1107 1912 1117 1923 .
1162 1914 1171 1923 .
1214 1874 1320 1922 fore
1366 1911 1377 1922 .
1422 1911 1433 1921 .
1480 1911 1490 1922 .
1535 1872 1662 1922 male
1697 1872 2034 1938 persoluentes
2083 1913 2092 1922 .
2136 1913 2145 1922 .
2190 1913 2199 1922 .
2246 1882 2330 1923 aut
2366 1873 2624 1922 iniuriosos

573 1966 742 2015 licebit
780 1967 923 2015 nobis
964 2007 973 2015 .
1018 2006 1027 2015 .
1071 2007 1079 2015 .
1124 1967 1185 2016 de
1222 2006 1231 2016 .
1268 2006 1278 2016 .
1316 2006 1325 2015 .
1364 1969 1537 2015 octaua
1572 1974 1715 2031 parte
1754 1966 1816 2014 ad
1854 2005 1863 2014 .
1898 2005 1907 2014 .
1941 2005 1950 2014 .
1988 1966 2181 2015 libitum
2219 2006 2228 2015 .
2267 2006 2276 2015 .
2315 2006 2324 2015 .
2365 1966 2623 2032 disponere

691 2098 699 2106 .
747 2058 857 2108 Nec
897 2059 1066 2108 licebit
1104 2059 1337 2124 predictis
1382 2097 1393 2107 .
1440 2096 1451 2107 .
1498 2096 1509 2107 .
1553 2062 1776 2108 octauam
1808 2066 2001 2124 partem
2048 2099 2058 2108 .
2108 2099 2117 2108 .
2167 2099 2176 2109 .
2226 2059 2370 2110 alteri
2407 2060 2623 2110 affedare

640 2188 649 2198 .
701 2188 711 2199 .
757 2150 856 2199 fine
881 2151 1047 2200 nostra
1070 2152 1282 2201 licencia
1306 2151 1528 2202 cottariis
1572 2189 1583 2200 .
1629 2188 1639 2199 .
1687 2189 1697 2200 .
1739 2151 1956 2216 exceptis
1993 2189 2003 2200 .
2046 2189 2057 2200 .
2099 2189 2110 2200 .
2147 2152 2300 2217 Apud
2342 2192 2351 2201 .
2389 2192 2399 2201 .
2439 2191 2450 2201 .
2495 2154 2623 2218 capi·

574 2241 729 2290 tulum
756 2243 1014 2291 vndecimo
1040 2243 1119 2292 die
1144 2242 1320 2292 mensus
1346 2243 1648 2293 Nouembris
1668 2260 1799 2292 anno
1823 2242 2031 2292 Domini
2056 2243 2309 2293 millesimo
2335 2245 2623 2310 quingente·

573 2334 688 2381 fimo
713 2335 944 2383 secundo,

575 2581 770 2668 Kepty
796 2603 1035 2653 affedatur
1060 2605 1279 2654 diuersis.

574 2765 703 2838 Nos
750 2786 918 2835 Dauid
966 2789 1114 2837 abbas
1154 2826 1163 2835 .
1208 2827 1216 2835 .
1260 2827 1269 2836 .
1313 2789 1373 2836 de
1410 2788 1745 2837 Abirbrothoc
1788 2827 1796 2836 .
1841 2826 1851 2836 .
1896 2827 1904 2836 .
1948 2788 2217 2838 affedamus
2259 2828 2267 2837 .
2313 2828 2321 2837 .
2367 2826 2378 2837 .
2422 2790 2620 2839 domino

575 2878 745 2928 Dauid
789 2878 906 2928 Scot
946 2905 955 2915 ·
998 2878 1213 2927 Mariote
1250 2878 1485 2928 Durwart
1527 2907 1536 2918 ·
1580 2878 1772 2929 Jacobo
1815 2879 1978 2929 Grant
2015 2908 2026 2919 ·
2063 2880 2325 2930 Elizabeth
2363 2880 2565 2930 Masone
2607 2911 2616 2920 ·

576 2970 779 3019 Andree
807 2968 924 3019 Scot
948 2997 958 3008 ·
985 2969 1178 3017 Thome
1208 2968 1440 3018 Gardnar
1466 2998 1475 3008 ·
1502 2971 1789 3020 Alexandro
1814 2971 1944 3021 Liell
1969 2999 1980 3009 ·
2004 2972 2223 3021 Roberto
2251 2972 2368 3022 Scot
2390 3000 2401 3011 ·
2428 2972 2619 3022 Thome

575 3061 799 3110 Barbour
825 3088 835 3098 ·
862 3059 1089 3108 Galfrido
1109 3059 1327 3108 Ferrour
1351 3088 1361 3099 ·
1390 3060 1637 3110 Malcomo
1655 3062 1829 3128 Brydy
1852 3092 1864 3102 ·
1891 3063 2096 3113 Hefibori
2118 3064 2288 3130 Brydy
2311 3094 2321 3103 ·
2348 3074 2396 3114 et
2416 3066 2618 3115 Andree

578 3153 742 3202 Smert
766 3178 776 3188 ·
802 3160 851 3200 et
876 3151 969 3199 suis
993 3150 1240 3215 affignatis
1264 3164 1285 3199 ’.
1330 3190 1339 3199 .
1383 3191 1392 3199 .
1435 3152 1700 3202 dummodo
1724 3172 1813 3219 per
1838 3173 1927 3204 nos
1963 3157 2286 3206 admittantur
2322 3197 2330 3206 .
2369 3197 2377 3206 .
2416 3198 2424 3206 .
2463 3166 2617 3207 terras
