2742 3848
870 369 1110 422 INDEX
1146 365 1525 420 NOMINUM.

142 508 254 557 Lam,
288 507 515 560 Margareta
549 507 710 560 Erskyn
742 521 884 561 sponsa
921 505 1152 556 Alexandri,

197 579 291 629 463,
315 580 408 618 514.
745 604 748 607 ·

142 673 251 679 —
268 650 427 702 Symon,
448 650 622 691 ballivus
639 651 756 703 burgi
775 650 822 690 de
851 650 1066 700 Abbirden,
1087 650 1154 690 40.

271 721 456 773 Thomas,
478 724 572 773 442,
594 724 690 762 446.

141 792 419 843 Lambertoun,
435 793 705 843 Lambirtoun,
719 791 947 832 Alexander
957 792 1017 843 de,
1030 792 1155 843 miles,
1167 796 1174 804 '

200 865 264 903 19.

270 934 495 975 Willelmus
526 924 605 986 de,
631 935 848 988 episcopus,
881 937 967 975 vide
1002 935 1155 975 Sancti-

198 1007 353 1047 andree.

143 1079 395 1130 Lambinton,
416 1084 543 1118 rector
561 1078 621 1129 de,
642 1078 728 1118 vide
748 1077 885 1130 Balye.

143 1151 311 1202 Lamby,
334 1150 517 1202 Isobella,
539 1150 624 1190 vide
646 1150 750 1190 Scot.

144 1222 341 1271 Lammes,
371 1222 585 1272 Lammess,
606 1221 694 1261 vide
715 1220 850 1261 Sancti
870 1220 980 1261 Pet-ri
1000 1220 1050 1260 ad
1069 1221 1153 1259 vin-

199 1293 302 1333 cula.

144 1364 317 1416 Lanark,
337 1365 555 1405 vicecomes
573 1365 633 1417 de,
654 1365 740 1405 vide
760 1363 1008 1405 Hamiltoun.

145 1437 373 1489 Landallys,
394 1437 595 1488 Landelis,
616 1436 841 1478 Willelmus
860 1437 920 1488 de,
942 1437 1156 1490 episcopus,

200 1509 287 1548 vide
308 1509 601 1549 Sanctiandree.

146 1582 395 1632 Langtoune,
419 1583 504 1621 vide
523 1580 725 1621 Cokburn.

147 1652 412 1692 Lateranense
432 1651 650 1703 consilium,
676 1653 766 1691 134.

146 1723 341 1774 Latheris,
359 1723 566 1775 Latherys,
580 1724 760 1764 dominus
771 1723 830 1775 de,
847 1724 934 1764 vide
945 1724 1162 1776 Brysbane.

275 1795 360 1835 vide
380 1795 561 1836 Stewart.

148 1868 363 1918 Laudonie,
384 1868 691 1918 archidiaconus,
707 1868 795 1908 vide
814 1868 1051 1915 Quhitelaw.

276 1940 452 1980 officialis
473 1939 754 1980 Sanctiandree
782 1939 888 1979 infra
915 1945 1058 1992 partes,
1080 1942 1166 1979 vide

203 2012 407 2052 Wawane.

149 2084 355 2135 Lavedier,
376 2084 571 2124 Robertus
589 2083 650 2135 de,
677 2083 912 2124 camerarius
930 2083 1076 2134 Scocie,
1102 2086 1163 2134 12,

208 2158 271 2196 13.

151 2229 355 2277 Lawsone,
387 2229 596 2278 Lawsoun,
617 2227 798 2268 dominus
825 2228 1011 2278 Jacobus,
1032 2241 1165 2268 mona-

206 2299 316 2351 chus,
338 2301 432 2351 254,
455 2301 549 2350 316,
571 2300 665 2339 340.

279 2371 467 2423 magister
485 2370 723 2421 Willelmus,
746 2373 840 2411 264.

154 2444 308 2494 Layng,
330 2441 572 2492 Alexander,
593 2443 687 2492 421,
709 2443 805 2482 466.

281 2514 469 2565 magister
515 2512 792 2563 Archibaldus,
845 2513 1065 2566 prepositus
1120 2513 1168 2553 de

211 2585 384 2638 Simpile,
407 2587 502 2625 425.

153 2680 264 2689 --
281 2657 468 2708 magister
486 2655 723 2707 Willelmus,
744 2657 838 2696 420.

283 2729 363 2779 W.,
388 2729 480 2768 139.

156 2799 400 2852 Laythnoth,
420 2799 649 2850 Leithnoth,
680 2799 895 2850 Lethnoth,
916 2800 1002 2840 vide
1022 2799 1166 2839 Linde-

211 2885 293 2923 say.

160 2945 374 2994 Lechtone,
396 2943 484 2984 vide
503 2943 709 2984 Lichtone.

157 3015 309 3067 Ledail,
325 3014 481 3066 Liddal,
502 3015 694 3067 Lyddale,
715 3015 743 3056 J
745 3015 930 3066 ohannes,
956 3016 1046 3055 197.

159 3110 268 3118 --·
286 3087 314 3128 J
316 3086 490 3145 ohannes
507 3087 568 3138 de,
590 3089 655 3128 61.

161 3183 269 3191 —--
287 3159 476 3199 Marioria
495 3173 637 3212 sponsa
655 3160 684 3201 J
685 3159 863 3210 ohannis,
888 3160 979 3200 197.

161 3255 269 3264 —
287 3230 523 3282 willelmus,
544 3233 634 3273 155.

2139 370 2233 414 581

1228 502 1379 553 Ledail,
1401 501 1592 553 William,
1613 501 1657 542 of
1670 500 1994 551 Panlathe,291.

1227 574 1424 625 Ledhovs,
1454 574 1585 614 Adam
1612 573 1673 626 de,
1702 572 1910 625 burgensis
1939 572 1987 611 de
2022 570 2235 622 Abbirden,

1282 648 1349 687 40.

1227 718 1320 769 Lee,
1341 718 1428 759 vide
1445 717 1617 758 Lokard.

1227 790 1331 842 Leis,
1352 790 1468 841 Leys,
1499 789 1681 829 dominus
1708 789 1916 840 Robertus,
1946 788 2174 842 capellanus
2201 793 2240 827 et

1282 861 1469 912 notarius,
1506 863 1597 912 117,
1637 863 1728 913 136,
1766 862 1857 912 138,
1895 861 1985 911 148,
2024 862 2114 911 151,
2148 862 2238 910 160,

1285 935 1376 984 173,
1401 933 1491 984 178,
1516 934 1606 984 182,
1628 934 1721 984 205,
1743 935 1836 973 273.

1228 1027 1336 1036 ——-
1355 1004 1572 1055 Johannes,
1595 1007 1660 1044 79.

1358 1077 1543 1128 Thomas,
1565 1078 1630 1128 83,
1655 1079 1746 1129 173,
1767 1080 1862 1119 446.

1358 1148 1572 1200 Walterus,
1592 1150 1798 1202 burgensis
1816 1150 1864 1190 de
1883 1150 2157 1200 Abirbrothoe,
2174 1151 2237 1199 79,

1286 1222 1377 1260 142.

1229 1291 1359 1343 Leith,
1380 1292 1523 1344 Leyth,
1544 1292 1782 1344 Alexander,
1804 1295 1897 1334 421.

1356 1364 1443 1404 vide
1459 1365 1572 1405 Lam.

1229 1435 1478 1488 Lekpreuyk,
1499 1436 1747 1489 Lekprewik,
1770 1436 2032 1490 Lekprywyk,
2063 1436 2243 1494 dominus

1285 1509 1471 1561 JacobuS,
1488 1511 1703 1563 presbyter,
1721 1511 1890 1551 vicarius
1904 1510 1952 1550 de
1967 1510 2134 1561 Abirlot,
2155 1523 2241 1562 pre-

1287 1586 1464 1622 sentatus
1483 1582 1533 1622 ad
1552 1582 1740 1623 vicariam
1759 1582 1807 1622 de
1823 1582 2024 1633 Innernes,
2041 1583 2134 1632 429,
2149 1583 2241 1631 436,

1287 1654 1384 1693 449.
2057 1698 2068 1712 .

1234 1723 1358 1776 Leky,
1379 1725 1560 1767 dominus
1588 1726 1810 1779 Murdacus,
1832 1727 2002 1767 vicarius
2030 1726 2078 1766 de
2106 1725 2243 1765 Inner-

1289 1795 1464 1848 keldour,
1486 1799 1580 1838 528.

1234 1867 1420 1919 Lentren,
1441 1869 1655 1921 Lentryne,
1677 1871 1770 1910 262.

1235 1939 1361 1991 Lesle,
1383 1941 1525 1992 Leslie,
1556 1941 1686 1994 Lesly,
1717 1942 1869 1994 Leslye,
1893 1942 2086 1983 Cristiane
2106 1942 2245 1982 Ward-

1289 2010 1378 2063 law,
1398 2012 1467 2052 the
1486 2013 1575 2053 wife
1594 2013 1638 2053 of
1652 2014 1812 2066 Robert,
1834 2017 1927 2054 474.

1362 2083 1554 2134 dominus,
1571 2085 1658 2125 vide
1671 2086 1832 2127 Rothes.

1234 2178 1345 2185 —-·
1364 2156 1524 2208 Egidia,
1544 2157 1631 2197 vide
1649 2159 1842 2211 Douglas.

1365 2227 1571 2281 Georgius,
1592 2229 1641 2268 de
1660 2230 1914 2282 Petnamone,
1937 2232 2030 2272 269.

1364 2300 1549 2351 Jacobus,
1574 2302 1665 2340 182.

1237 2391 1344 2402 -—
1364 2371 1393 2411 J
1395 2371 1582 2422 ohannes,
1603 2371 1652 2411 de
1671 2371 1872 2424 Wardrys,
1895 2375 1988 2414 340.

1366 2442 1573 2494 Patricius,
1595 2443 1802 2495 burgensis
1821 2444 1869 2484 de
1888 2444 2105 2498 Abirdeyn,
2127 2448 2220 2487 461.

1365 2514 1571 2566 Robertus,
1592 2515 1640 2556 de
1660 2515 1916 2569 Innerpeffyr,
1937 2520 2030 2569 474,
2053 2520 2146 2558 501.

1367 2586 1578 2638 Walterus,
1600 2593 1726 2627 rector
1744 2588 1793 2628 de
1810 2589 2031 2642 Menmuyr,
2053 2593 2148 2631 424.

1238 2657 1536 2710 Lesmahagow,
1582 2659 1808 2701 Willelmus
1850 2661 1910 2713 (18,
1954 2664 2158 2716 burgensis
2200 2665 2247 2704 de

1291 2729 1564 2781 Abirbrothoc‚
1587 2731 1653 2772 55.

1236 2800 1514 2853 Lesmorensis,
1532 2803 1753 2855 canonicus,
1774 2804 1862 2845 vide
1882 2805 2152 2859 Scrymgeour.

1234 2871 1530 2924 Lessyndrome,
1552 2874 1639 2915 vide
1653 2875 1775 2916 Biset.

1238 2942 1459 2996 Lestalryg,
1481 2945 1549 2985 the
1568 2945 1666 2986 dene
1686 2947 1735 2998 of,
1757 2950 1843 2989 vide
1861 2949 2016 2990 Fraser.

1240 3015 1442 3067 Leswade,
1465 3016 1646 3058 dominus
1661 3019 1839 3071 Rogerus
1857 3021 2028 3063 vicarius
2046 3023 2107 3074 de,
2130 3026 2194 3064 25.

1239 3086 1452 3139 Lethindy,
1472 3088 1644 3130 vicarius
1661 3090 1721 3142 de,
1743 3093 1830 3132 vide
1849 3092 2012 3133 Betone.

1242 3157 1446 3210 Leuanax,
1495 3160 1724 3214 Leuenanx,
1772 3163 1999 3215 Leuenaux,
2047 3166 2247 3219 Leuenax,

1296 3229 1523 3283 Duncanus,
1544 3234 1854 3275 constabularius
1872 3235 1921 3275 de
1942 3236 2095 3289 Caldor,
2117 3241 2210 3279 426.
