2742 3848
411 904 506 950 ‘532

411 1556 421 1597 (
428 1553 506 1599 533

562 405 659 447 458
1010 396 1434 448 REGISTRUM
1471 394 1567 443 DE
1605 390 2168 441 ABERBROTHOC.

561 534 622 581 ‹le
650 533 840 581 Terues
869 532 1043 596 viginti
1067 532 1219 579 libras
1243 536 1440 577 monete
1472 525 1645 575 Scocie
1671 554 1681 564 ·
1709 532 1758 573 et
1783 541 1874 588 pro
1900 525 2106 574 decimis
2125 525 2186 574 de
2206 524 2346 590 Fyue
2372 526 2543 573 decem
2570 533 2617 571 et

562 642 737 673 nouem
759 624 910 672 libras
930 624 1009 672 sex
1033 622 1209 670 solidos
1226 629 1274 669 et
1293 622 1400 668 octo
1420 618 1651 667 denarios
1670 615 1885 685 eiusdem
1907 626 2105 666 monete
2130 644 2141 655 ·
2167 617 2195 671 7
2219 616 2450 666 Octobris
2471 616 2616 665 1526.

558 879 708 951 Idem
757 897 937 946 affedat
980 913 1069 960 pro
1118 894 1445 943 nouendecim
1495 893 1638 942 annis
1686 892 1893 941 Andree
1944 891 2194 942 Cristeson
2242 900 2291 941 et
2331 891 2617 958 Margarete

563 991 737 1039 Schort
764 989 931 1054 sponso
956 988 1037 1036 sue
1062 988 1251 1052 suisque
1277 985 1527 1051 aflignatis
1552 1003 1653 1034 non
1678 986 1881 1034 maioris
1906 986 2059 1035 status
2084 986 2274 1051 peciam
2313 987 2448 1035 illam
2485 994 2618 1036 terre

558 1085 617 1131 ‹le
644 1080 1057 1147 Varddykyssxyll
1081 1081 1323 1129 iacentem
1351 1080 1483 1128 inter
1509 1079 1735 1128 Vardam
1772 1080 1964 1128 abbatis
1990 1080 2052 1128 ad
2079 1080 2388 1129 occidentem
2415 1088 2464 1129 et
2489 1097 2619 1128 com-

557 1194 751 1225 munem
794 1177 924 1224 viam
963 1174 1151 1239 regiam
1189 1191 1287 1237 qua
1327 1173 1430 1222 itur
1465 1173 1528 1221 ad
1564 1172 1868 1222 Northterre
1906 1200 1916 1211 ·
1959 1172 2210 1223 Soluendo
2252 1174 2425 1221 decem
2463 1172 2619 1221 bollas
2712 1229 2713 1232 Ἰ

558 1269 693 1316 ordei
720 1269 943 1317 mensure
969 1267 1064 1315 fori
1091 1266 1336 1315 currentis
1362 1292 1372 1303 ·
1404 1270 1463 1314 18
1491 1265 1723 1315 Octobris
1752 1265 1898 1314 1526.

558 1526 956 1597 lnstrumentum
994 1547 1043 1594 in
1083 1563 1180 1610 quo
1217 1545 1368 1594 abbas
1405 1544 1661 1594 constituit
1697 1543 1922 1592 dominos
1959 1552 2007 1594 et
2043 1544 2303 1609 magistros
2333 1544 2618 1593 Johannem

558 1640 772 1689 Danielo
799 1669 808 1679 ·
833 1640 1037 1688 Petrum
1052 1638 1313 1688 Lumberti
1335 1667 1344 1677 ·
1370 1638 1628 1686 Andream
1649 1637 1711 1686 de
1733 1636 1951 1686 Castello
1973 1664 1983 1674 ·
2006 1636 2307 1686 Michaelem
2326 1637 2619 1687 Grinemer·

560 1734 779 1782 Romane
806 1733 942 1781 curie
966 1739 1316 1796 procuratores
1341 1758 1351 1768 ·
1376 1730 1411 1779 J
1414 1730 1661 1779 ohannem
1689 1730 1955 1780 Thornton
1980 1733 2222 1779 rectorem
2248 1731 2310 1779 de
2335 1729 2617 1780 Benhome·

558 1825 591 1873 J
596 1826 840 1874 ohannem
855 1825 1092 1874 Duncani
1106 1832 1454 1889 precentorem
1472 1822 1825 1886 Glasguensem
1853 1851 1863 1862 ·
1895 1822 2096 1872 Petrum
2118 1822 2357 1871 Howston
2373 1826 2617 1872 rectorem

560 1919 619 1966 de
646 1917 873 1967 Terwart
911 1945 921 1955 ·
957 1918 1203 1966 Jacobum
1234 1917 1386 1965 Lame
1430 1948 1440 1957 -
1481 1924 1530 1965 et
1571 1915 1816 1964 Thomam
1857 1915 2036 1982 Trayll
2078 1945 2089 1955 ·
2133 1913 2307 1966 Scotos
2348 1943 2359 1954 ·
2397 1916 2617 1965 absentes

559 2021 793 2074 tanquam
821 2010 1072 2075 presentes
1097 2039 1107 2049 ·
1134 2012 1241 2058 suos
1265 2017 1616 2074 procuratores
1641 2009 1704 2057 ad
1731 2009 2119 2073 comparendum
2144 2009 2196 2056 in
2222 2008 2452 2058 Romana
2481 2010 2619 2058 curia

560 2112 607 2152 et
646 2104 827 2152 ibidem
867 2102 1112 2167 penfionis
1154 2119 1315 2150 annue
1353 2102 1686 2167 quadraginta
1722 2101 1962 2150 librarum
1993 2110 2191 2150 monete
2231 2101 2405 2151 Scocie
2438 2119 2615 2151 nouem

559 2197 709 2244 libras
748 2204 797 2244 et
834 2195 1062 2243 vndecim
1105 2193 1283 2241 solidos
1326 2193 1662 2259 stirlingorum
1706 2212 1806 2242 non
1856 2194 2142 2243 excedentis
2190 2193 2334 2259 super
2379 2195 2618 2243 fructibus

559 2287 841 2336 monasterii
889 2288 950 2335 de
998 2286 1258 2352 Arbroyth
1306 2285 1426 2334 alias
1472 2303 1562 2350 per
1610 2287 1771 2335 sedem
1821 2287 2142 2352 apostolicam
2184 2287 2384 2335 domino
2425 2287 2618 2336 Jacobo

560 2381 726 2430 comiti
775 2379 1003 2428 Morauie
1052 2378 1317 2443 principali
1365 2379 1430 2426 ad
1477 2378 1629 2427 vitam
1679 2379 1945 2428 constituto
1992 2379 2241 2428 reseruate
2289 2379 2341 2427 in
2395 2380 2619 2444 magistri

559 2473 793 2521 Duncani
822 2471 1058 2521 Chalmar
1083 2469 1285 2519 ecclesie
1319 2470 1619 2520 cathedralis
1645 2471 1885 2520 Rosi'ensis
1912 2472 2198 2521 cancellarii
2224 2473 2446 2521 fauorem
2472 2473 2617 2539 refig-

558 2565 756 2613 nacioni
781 2582 871 2628 per
894 2563 1169 2628 predistum
1211 2563 1464 2611 dominum
1497 2564 1826 2629 principalem
1858 2564 2020 2613 fiende
2052 2565 2304 2629 ipsamque
2335 2566 2615 2630 pensionem

559 2659 609 2704 in
658 2657 914 2721 personam
973 2655 1196 2721 magistri
1246 2656 1483 2704 Duncani
1526 2656 1590 2704 ad
1638 2659 1790 2704 vitam
1838 2655 2099 2704 transferri
2154 2657 2566 2706 consenciendum
2605 2689 2613 2697 -

562 2749 865 2811 eandemque
900 2748 1123 2811 predicto
1165 2748 1399 2812 magistro
1442 2748 1696 2796 annuatim
1735 2748 2022 2797 soluendam
2063 2748 2113 2796 in
2157 2749 2280 2797 festo
2320 2749 2615 2799 Natiuitatis

565 2840 769 2888 Domini
793 2848 842 2887 et
870 2838 1036 2887 Sanffi
1060 2838 1307 2887 Johannis
1345 2839 1552 2904 baptiste
1587 2840 1745 2889 leuari
1779 2841 2142 2890 admittendum
2182 2871 2192 2880 ·
2233 2850 2282 2890 et
2319 2843 2485 2891 omnia
2518 2843 2614 2892 alia

564 2932 843 2980 faciendum
870 2931 919 2978 in
945 2929 1183 2994 premiffis
1207 2930 1475 2979 neceffaria
1513 2960 1522 2970 ·
1567 2931 1696 2980 Acta
1732 2933 1865 2997 apud
1894 2932 2242 2981 monasterium
2270 2934 2319 2982 in
2347 2935 2458 2982 loco
2483 2936 2614 3000 capi-

566 3024 714 3073 tulari
735 3024 859 3072 hora
880 3022 1141 3071 vndecima
1166 3031 1279 3071 ante
1300 3023 1569 3072 merediem
1595 3032 1680 3073 aut
1705 3026 1902 3074 eocirca
1926 3025 2128 3074 testibus
2157 3026 2377 3091 Georgio
2403 3027 2613 3093 Ramsay

566 3118 626 3165 de
654 3115 822 3180 Cletty
843 3144 853 3154 ·
883 3114 1191 3162 Allexandro
1221 3113 1399 3162 Ramsa
1424 3141 1432 3149 ·
1459 3114 1493 3163 J
1498 3115 1691 3165 ohanne
1717 3116 1951 3183 Lyndsay
1978 3146 1987 3156 ·
2016 3126 2065 3166 et
2085 3117 2294 3166 Valtero
2314 3118 2583 3167 Leuinston
2605 3150 2613 3160 ·

564 3213 627 3257 23
656 3207 888 3257 Octobris
917 3206 1045 3256 1526
1071 3235 1080 3244 ·
1103 3206 1137 3254 J
1141 3206 1360 3255 ohannes
1388 3207 1600 3256 Assoane
1626 3209 1864 3257 notarius,
