2762 3834
575 408 672 455 222
1020 390 1442 449 REGISTRUM
1476 387 1573 439 DE
1610 380 2163 436 ABERBROTHOC.

576 538 806 586 summam
833 541 1028 584 centum
1052 529 1301 593 sexaginta
1323 526 1560 573 librarum
1586 526 1782 568 monete
1810 516 1983 567 Scocie
2014 556 2024 566 .
2061 555 2072 566 .
2109 554 2119 565 .
2150 532 2241 580 pro
2265 515 2612 580 redempcione

576 628 819 678 bullarum
844 624 1116 673 nostrarum
1143 658 1153 668 .
1188 659 1197 668 .
1232 657 1242 666 .
1270 618 1330 665 de
1356 612 1654 679 quaquidem
1680 611 1865 657 summa
1889 647 1898 657 .
1926 647 1935 657 .
1969 647 1979 657 .
2006 608 2069 656 ad
2094 646 2104 656 .
2130 647 2140 657 .
2166 646 2176 656 .
2203 607 2501 655 solucionem
2526 643 2537 654 .
2566 642 2576 654 .
2604 644 2613 653 .

580 717 855 766 viaualium
893 713 1022 761 ordii
1058 720 1106 759 et
1140 708 1327 757 farrine
1363 706 1413 754 in
1447 710 1686 768 quantum
1721 702 1768 749 se
1804 700 2027 749 extendit
2058 700 2120 748 ad
2156 699 2373 747 valorem
2404 706 2615 762 quatuor

577 811 809 858 librarum
835 822 926 869 pro
951 803 1118 852 celdra
1151 812 1373 849 tenemus
1411 813 1500 844 nos
1542 796 1668 842 bene
1709 798 1967 841 contentos
2006 829 2016 840 .
2053 829 2063 840 .
2103 828 2113 840 .
2149 791 2220 839 ita
2251 790 2385 855 quod
2418 789 2615 838 interim

575 898 872 949 iatisfaciant
906 896 968 943 de
1007 894 1253 941 frumento
1287 888 1510 954 predicto
1549 884 1804 935 annuatim
1839 883 2124 949 granatario
2158 882 2326 931 nostro
2362 919 2374 930 .
2410 919 2422 930 .
2459 918 2470 929 .
2507 897 2616 930 cum

576 988 913 1041 excrescencia
936 1003 1030 1049 que
1055 984 1203 1032 fuerit
1228 983 1288 1031 de
1314 980 1455 1029 ordio
1490 987 1539 1028 et
1573 978 1764 1027 farrina
1786 976 1973 1025 summa
2002 975 2276 1040 prescripta
2299 974 2510 1024 allocata
2534 1013 2543 1023 .
2569 1011 2579 1022 .
2607 1010 2617 1020 .

579 1081 728 1146 Apud
753 1116 763 1127 .
790 1116 801 1127 .
827 1116 838 1127 .
864 1075 1131 1142 capitulum
1158 1073 1272 1123 xxvi
1298 1072 1378 1121 die
1402 1070 1578 1119 menfis
1602 1069 1638 1118 J
1641 1068 1744 1118 unii
1769 1085 1900 1117 anno
1926 1067 2132 1116 Domini
2160 1071 2305 1116 1485.

577 1335 860 1405 Affedacio
885 1348 1089 1399 dominii
1114 1345 1265 1395 nostri
1292 1345 1353 1393 de
1378 1341 1717 1392 Abirbrothoc
1742 1338 1947 1389 diuersis
1970 1337 2249 1387 husbandis.

429 1541 519 1589 261
578 1515 851 1589 Uniuerfis
877 1573 887 1584 .
908 1571 919 1582 .
941 1571 951 1582 .
978 1530 1179 1582 ecclesie
1211 1530 1325 1579 filiis
1350 1567 1361 1578 .
1387 1567 1397 1578 .
1423 1567 1434 1578 .
1461 1527 1632 1576 Dauid
1662 1565 1671 1573 .
1703 1564 1713 1574 .
1746 1564 1755 1573 .
1785 1526 1936 1574 abbas
1962 1560 1974 1573 .
2003 1562 2015 1573 .
2043 1562 2054 1573 .
2081 1524 2144 1573 de
2182 1522 2518 1572 Abirbrothoc
2542 1561 2551 1571 .
2577 1560 2585 1569 .
2612 1561 2622 1570 .

577 1630 779 1678 salutem
816 1658 826 1668 -
864 1625 1121 1675 Noueritis
1154 1640 1245 1671 nos
1271 1661 1281 1671 .
1308 1660 1319 1671 .
1346 1660 1357 1671 .
1383 1618 1608 1670 affedass'e
1633 1654 1645 1665 .
1671 1654 1682 1665 .
1708 1654 1719 1666 .
1744 1633 1836 1681 pro
1873 1615 2021 1665 certis
2066 1615 2387 1680 pecuniarum
2428 1613 2625 1662 summis

578 1720 718 1770 nobis
742 1735 935 1783 ...pro
975 1714 1322 1780 redempcione
1363 1729 1492 1761 noue
1539 1708 1832 1776 prouifionis
1877 1717 1926 1758 et
1966 1708 2211 1758 bullarum
2253 1707 2531 1755 nostrarum
2574 1705 2623 1754 in

579 1811 717 1861 curia
750 1810 977 1859 Romana
1010 1809 1299 1872 adeptarum
1323 1845 1332 1854 .
1360 1844 1370 1854 .
1396 1843 1406 1853 .
1436 1802 1696 1870 persolutis
1720 1840 1728 1849 .
1755 1839 1766 1851 .
1791 1838 1799 1849 .
1826 1802 2099 1850 dominium
2134 1800 2354 1849 nostrum
2390 1800 2452 1848 de
2487 1799 2626 1864 Athy

584 1941 594 1951 .
619 1942 628 1950 .
649 1940 659 1949 .
687 1902 917 1966 Georgeo
944 1899 1097 1949 Clerk
1123 1930 1133 1940 -
1160 1897 1411 1947 Willelmo
1448 1895 1691 1944 Fermour
1715 1924 1726 1936 ·
1752 1894 1922 1943 Dauid
1949 1893 2101 1943 Clerk
2128 1922 2138 1933 ·
2165 1892 2385 1941 Roberto
2409 1890 2444 1940 J
2447 1890 2588 1940 acobi
2614 1919 2625 1930 ·

582 2003 631 2044 et
645 1994 869 2043 Waltero
885 1992 1147 2057 Lychtoun
1164 2018 1173 2028 ·
1191 1990 1446 2038 Newtown
1469 2006 1581 2037 cum
1606 1986 1810 2036 decimis
1835 2023 1845 2034 .
1872 2025 1882 2034 .
1910 2023 1920 2034 .
1946 1985 2117 2034 Dauid
2136 1984 2375 2033 Durwart
2394 2013 2404 2023 -
2422 1983 2626 2031 Andree

583 2084 816 2134 Duncani
841 2112 851 2122 ·
880 2091 928 2132 et
955 2082 1159 2148 Hugoni
1183 2082 1419 2130 Durwart
1444 2109 1455 2119 ·
1481 2081 1602 2128 duas
1627 2085 1794 2143 partes
1819 2078 1935 2127 ville
1960 2078 2021 2126 de
2042 2076 2341 2142 Kynnaldy.
2368 2113 2378 2123 .
2403 2114 2413 2123 .
2434 2075 2627 2123 Thome

583 2177 817 2225 Durwart
859 2182 907 2223 et
941 2174 1110 2223 Dauid
1147 2173 1285 2239 Tory
1322 2203 1332 2213 ·
1371 2172 1576 2222 terciam
1610 2178 1802 2236 partem
1839 2170 1955 2219 ville
1992 2170 2053 2218 de
2093 2167 2420 2234 Terrynorgh
2457 2166 2627 2215 Dauid

586 2268 749 2333 Terry
775 2295 785 2304 ·
810 2266 989 2315 croftas
1014 2283 1125 2315 cum
1150 2265 1352 2315 decimis
1377 2265 1591 2313 eiusdem
1629 2301 1640 2312 .
1680 2300 1692 2311 .
1732 2300 1743 2311 .
1781 2262 1974 2311 Thome
2000 2269 2049 2310 et
2067 2260 2316 2310 Duncano
2338 2259 2525 2309 Croftis
2547 2296 2557 2306 .
2582 2296 2591 2305 .
2616 2297 2626 2307 .

586 2360 843 2424 grangiam
868 2359 928 2406 de
956 2357 1165 2407 Connan
1193 2374 1303 2406 cum
1329 2357 1531 2405 decimis
1563 2395 1572 2404 .
1611 2394 1621 2404 .
1657 2394 1666 2402 .
1696 2355 1951 2404 Willelmo
1975 2354 2106 2403 Irnis
2125 2383 2135 2393 ·
2155 2353 2191 2402 J
2194 2353 2377 2402 ohanni
2403 2352 2595 2401 Thome
2615 2389 2627 2401 .

588 2451 622 2499 J
625 2451 806 2498 ohanni
844 2450 988 2512 Rany
1017 2479 1026 2487 -
1053 2448 1342 2497 Alexandro
1379 2448 1581 2497 Gilfridi
1604 2475 1616 2487 ·
1641 2447 1896 2497 Willelmo
1921 2447 2126 2496 Ricardi
2151 2475 2162 2486 ·
2190 2445 2383 2494 Thome
2412 2444 2447 2494 J
2450 2444 2590 2493 acobi
2615 2473 2627 2484 ·

591 2542 791 2590 Andree
816 2541 850 2589 J
853 2540 993 2589 acobi
1016 2567 1027 2579 ·
1051 2539 1270 2588 Roberto
1295 2539 1582 2589 Briantown
1607 2569 1617 2580 ·
1645 2549 1694 2590 et
1728 2540 1899 2590 Dauid
1935 2538 2155 2605 Maddyr
2180 2567 2191 2579 ·
2218 2538 2484 2588 Tenendas
2523 2573 2534 2585 .
2570 2575 2579 2584 .

594 2632 745 2680 dietas
782 2667 793 2679 .
833 2669 843 2679 .
883 2668 894 2679 .
930 2639 1086 2679 terras
1133 2647 1243 2679 cum
1281 2667 1293 2679 .
1333 2668 1344 2679 .
1382 2668 1393 2678 .
1430 2631 1632 2680 decimis
1675 2670 1687 2681 .
1733 2670 1744 2681 .
1789 2670 1801 2682 .
1841 2632 2108 2681 husbandis
2146 2668 2157 2679 .
2197 2668 2209 2679 .
2251 2668 2263 2678 .
2305 2636 2453 2695 prout
2498 2645 2631 2677 nunc

597 2730 840 2787 occupant
875 2761 885 2771 .
923 2760 933 2770 .
968 2759 980 2770 .
1020 2721 1268 2771 Soluendo
1303 2759 1314 2769 .
1351 2761 1360 2770 .
1398 2761 1407 2771 .
1445 2723 1649 2786 quilibet
1679 2724 1946 2773 secundum
1982 2723 2306 2787 quantitatem
2340 2729 2388 2770 et
2413 2721 2630 2770 valorem

598 2812 913 2862 affedacionis
935 2812 1016 2861 sue
1040 2819 1192 2861 totam
1216 2813 1406 2860 firmam
1430 2814 1750 2877 pecuniarum
1776 2823 1825 2865 et
1849 2815 2130 2864 vilitualium
2163 2814 2369 2862 summas
2394 2819 2630 2877 quantum

599 2943 610 2954 .
647 2944 657 2955 .
695 2943 705 2954 .
742 2903 928 2952 soluere
953 2905 1310 2952 consueuerunt
1334 2922 1430 2953 vna
1454 2922 1564 2954 cum
1603 2945 1612 2955 .
1655 2945 1665 2955 .
1707 2947 1717 2956 .
1752 2907 2117 2956 husbandorum
2154 2905 2419 2955 oneribus.
2447 2941 2459 2952 .
2484 2942 2494 2953 .
2520 2920 2633 2953 con·

600 2995 746 3044 suetis
783 3030 794 3042 .
832 3034 842 3044 .
881 3034 891 3043 .
933 3011 1078 3059 quam
1112 3034 1121 3043 .
1158 3034 1168 3044 .
1207 3033 1218 3044 .
1245 2994 1595 3045 affedacionem
1620 2998 1760 3047 diffis
1787 3037 1798 3048 .
1835 3037 1847 3048 .
1884 3038 1894 3048 .
1929 3017 1959 3048 a
1981 2998 2104 3048 festo
2128 2997 2443 3048 Pentecostes
2468 2997 2631 3045 datam

600 3086 905 3152 presencium
939 3086 1220 3136 immediate
1255 3088 1485 3151 sequente
1522 3088 1668 3152 vsque
1705 3092 1767 3139 ad
1802 3092 1987 3140 exitum
2029 3129 2040 3140 .
2081 3129 2092 3139 .
2129 3128 2140 3139 .
2174 3091 2356 3155 septem
2392 3103 2631 3137 annorum

652 3215 664 3228 .
700 3216 712 3227 .
750 3177 1161 3227 varantizabimus
1199 3216 1209 3227 .
1246 3216 1256 3227 .
1292 3215 1303 3227 .
1339 3180 1453 3227 xxvi
1479 3180 1558 3229 die
1582 3181 1755 3229 menfis
1778 3182 1814 3231 J
1818 3182 1920 3230 unii
1945 3198 2075 3231 anno
2099 3181 2306 3230 Domini
2336 3184 2479 3229 1485.
