2762 3834
345 1987 434 2031 111

490 376 554 425 94
940 364 1366 418 REGISTRUM
1402 362 1498 412 DE
1534 359 2099 413 ABERBROTHOC.

490 504 847 553 Aldemuntros
869 510 918 550 et
935 501 970 550 J
973 501 1217 549 ohannem
1238 498 1603 562 Scrymgeoure
1622 495 1830 544 militem
1853 495 2270 546 constabularium
2290 498 2351 547 de
2368 498 2555 561 Dunde

540 635 550 646 .
589 635 597 644 .
634 595 927 644 iusticiarios
965 592 1157 641 nostros
1193 607 1253 638 ex
1285 596 1426 653 parte
1462 587 1641 636 boriali
1667 603 1795 651 aque
1820 588 1882 636 de
1908 586 2064 637 Forth
2103 628 2113 637 .
2158 629 2167 638 .
2211 628 2221 638 .
2259 591 2323 639 ad
2364 607 2556 655 peram-

490 689 661 738 bulare
685 686 965 735 faciendum
1005 723 1014 732 .
1052 723 1060 732 .
1099 722 1108 731 .
1147 682 1327 731 diuisas
1351 681 1484 729 inter
1509 687 1670 728 terras
1694 680 1757 728 (16
1781 679 2118 747 Dunnychtin
2137 681 2489 750 Vchtirlowny
2508 693 2557 733 et

494 779 731 843 Craquhy
757 794 851 842 que
887 777 996 824 sunt
1032 814 1042 823 .
1082 814 1090 823 .
1129 814 1137 823 .
1175 773 1368 823 abbatis
1411 812 1420 821 .
1468 816 1474 821 .
1527 812 1536 821 .
1582 773 1644 821 de
1669 773 2055 824 Abberbrothoc
2093 792 2151 823 ex
2189 784 2332 840 parte
2376 794 2474 825 vna
2509 786 2559 827 et

491 886 799 920 communem
823 885 1009 916 moram
1038 866 1289 932 wlgariter
1312 865 1492 913 dictam
1518 865 1566 914 16
1592 865 1775 931 Kingis
1802 865 1952 916 Mure
1977 868 2312 933 pertinentem
2344 870 2558 935 burgen-

490 964 613 1012 sibus
639 971 687 1011 et
712 960 1053 1011 communitati
1078 959 1224 1023 burgi
1249 958 1406 1007 nostri
1431 959 1493 1006 de
1518 957 1728 1007 Forfare
1754 976 1814 1007 ex
1836 955 1982 1024 parte
2008 956 2168 1010 altera
2186 961 2407 1012 iacentes
2428 963 2558 1012 infra

490 1054 884 1104 vicecomitatum
926 1050 1148 1099 nostrum
1191 1051 1253 1099 de
1295 1049 1504 1099 Forfare
1548 1093 1557 1102 .
1601 1089 1611 1100 .
1655 1091 1665 1101 .
1712 1051 1883 1111 Quare
1924 1093 1934 1102 .
1979 1092 1990 1102 .
2037 1093 2047 1102 .
2092 1055 2385 1104 mandamus
2435 1096 2444 1104 .
2491 1096 2499 1105 .
2548 1096 2557 1104 .

489 1146 768 1196 vicecomiti
794 1153 842 1193 et
866 1143 1063 1193 balliuis
1088 1143 1184 1191 suis
1210 1144 1271 1191 de
1297 1142 1506 1192 Forfare
1533 1145 1667 1209 quod
1692 1145 1757 1194 ad
1794 1153 1956 1195 certos
1993 1147 2122 1195 diem
2162 1155 2211 1197 et
2247 1148 2410 1197 locum
2450 1189 2459 1197 .
2497 1187 2507 1198 .
2547 1187 2558 1197 .

489 1240 658 1289 venire
683 1238 869 1287 faciant
896 1253 1063 1285 coram
1100 1236 1245 1297 diest-is
1270 1235 1555 1285 iusticiariis
1592 1275 1602 1286 .
1641 1277 1651 1287 .
1690 1277 1700 1287 .
1737 1238 2057 1288 sufficientem
2095 1241 2310 1305 patriam
2348 1243 2412 1290 ad
2446 1259 2559 1306 pro-

490 1332 761 1382 cedendum
787 1331 839 1378 in
866 1328 1104 1394 premiffis
1138 1369 1148 1378 .
1186 1368 1196 1378 .
1235 1369 1244 1378 .
1281 1328 1473 1378 Datum
1499 1330 1586 1379 sub
1602 1329 1883 1380 testimonio
1903 1332 2071 1397 magni
2094 1333 2239 1398 figilli
2255 1333 2412 1382 nostri
2427 1335 2560 1398 apud

489 1423 783 1489 Edinburgh
834 1423 1063 1471 vicefimo
1104 1422 1261 1471 tercio
1313 1422 1394 1471 die
1446 1423 1626 1472 mensis
1675 1423 1982 1474 Nouembris
2031 1442 2164 1474 anno
2210 1427 2353 1492 regni
2403 1426 2559 1475 nostri

489 1518 713 1567 vicefimo
736 1516 912 1581 primo.
2530 1509 2536 1514 ’

491 1768 666 1840 Carta
689 1789 750 1837 (16
775 1788 821 1837 16
850 1787 1049 1853 Cobbys
1075 1787 1203 1836 croft
1227 1787 1281 1835 in
1305 1787 1692 1837 Abbirbrothoc.

492 1955 628 2028 Hec
669 1976 936 2024 indentura
973 1974 1104 2022 fasta
1143 1974 1274 2038 apud
1307 1974 1680 2025 Abbirbrothoc
1722 1973 1951 2024 vicesimo
1991 1976 2071 2024 die
2100 1977 2287 2026 'menfis
2327 1978 2560 2027 Januarii

493 2087 622 2118 anno
665 2068 867 2118 Domini
907 2067 1163 2115 millesimo
1207 2067 1696 2132 quadringentesimo
1736 2067 2145 2133 quinquagesimo
2189 2071 2396 2135 septimo
2428 2071 2561 2120 inter

492 2204 500 2212 .
539 2202 547 2212 .
586 2201 597 2212 .
632 2162 936 2211 Malcomum
990 2198 999 2208 .
1055 2200 1064 2209 .
1121 2200 1129 2209 .
1185 2161 1413 2209 abbatem
1446 2201 1456 2210 .
1497 2200 1506 2208 .
1548 2200 1558 2209 .
1596 2160 1657 2208 de
1701 2160 2077 2210 Abbirbrothoc
2115 2201 2124 2210 .
2169 2200 2178 2210 .
2225 2201 2234 2210 .
2274 2163 2335 2212 ab
2377 2181 2474 2212 vna
2512 2173 2559 2214 et

494 2256 776 2306 Gilbertum
805 2254 922 2304 Scot
946 2254 1238 2319 burgensem
1278 2293 1287 2302 .
1337 2293 1345 2302 .
1393 2293 1403 2303 .
1447 2255 1509 2303 de
1535 2254 1911 2304 Abbirbrothoc
1949 2263 1997 2304 et
2035 2255 2305 2305 Mariotam
2337 2258 2561 2322 sponsam

493 2352 623 2399 suam
667 2350 890 2414 partibus
932 2350 993 2397 ab
1036 2348 1195 2396 altera
1236 2387 1245 2397 .
1290 2387 1300 2397 .
1345 2388 1354 2397 .
1399 2348 1607 2397 testatur
1650 2348 1786 2412 quod
1835 2342 1844 2396 ζ
1897 2388 1907 2397 .
1957 2387 1966 2397 .
2016 2349 2168 2398 abbas
2206 2357 2255 2398 et
2281 2359 2561 2401 conuentus

496 2483 503 2490 .
542 2483 551 2491 .
591 2481 600 2490 .
642 2443 980 2491 concesserunt
1023 2481 1033 2490 .
1072 2480 1082 2490 .
1118 2481 1127 2490 .
1169 2441 1400 2491 Gilberto
1426 2449 1476 2490 et
1501 2440 1719 2491 Mariote
1751 2479 1761 2490 .
1795 2481 1805 2492 .
1839 2442 2056 2492 .toftum
2082 2441 2220 2491 suum
2256 2482 2267 2492 .
2301 2483 2310 2491 .
2344 2483 2354 2492 .
2391 2444 2561 2493 iacens

494 2551 649 2599 prope
675 2551 851 2598 aquam
879 2534 939 2581 de
965 2533 1188 2582 Brothoc
1219 2534 1352 2582 inter
1384 2542 1573 2583 terram
1610 2535 1779 2584 nostre
1816 2535 2016 2583 domine
2054 2552 2115 2583 ex
2149 2542 2292 2599 parte
2330 2536 2561 2585 orientali

498 2626 708 2675 eiusdem
743 2664 752 2673 .
786 2664 795 2674 .
830 2664 839 2673 .
878 2634 926 2673 et
951 2642 1126 2689 aquam
1154 2626 1216 2674 (16
1253 2626 1473 2674 Brothoc
1500 2644 1559 2674 ex
1596 2635 1740 2691 parte
1777 2627 1996 2676 eiusdem
2033 2627 2334 2676 occidentali
2377 2667 2386 2676 .
2421 2668 2430 2677 .
2465 2668 2473 2677 .
2513 2637 2561 2677 et

497 2728 679 2768 terram
705 2716 911 2765 Patricii
939 2716 1114 2782 Hagus
1140 2735 1199 2765 ex
1220 2725 1362 2782 parte
1389 2719 1590 2767 australi
1616 2719 1831 2768 eiusdem
1859 2728 1908 2769 et
1932 2737 2110 2784 aquam
2139 2721 2200 2769 de
2227 2720 2448 2770 Brothoc
2465 2739 2563 2786 que

500 2811 772 2876 vulgariter
797 2816 1001 2858 vocatur
1028 2810 1320 2874 Malkynnis
1338 2811 1452 2859 Pvil
1470 2828 1531 2859 ex
1548 2811 1728 2860 boriali
1746 2820 1890 2876 parte
1921 2850 1931 2860 .
1967 2851 1978 2861 .
2011 2851 2021 2860 .
2050 2811 2350 2861 Tenendum
2384 2851 2394 2861 .
2428 2851 2438 2862 .
2472 2851 2482 2862 .
2508 2813 2561 2861 in

500 2906 645 2954 feodo
671 2911 719 2951 et
743 2903 1020 2951 hereditate
1038 2902 1385 2967 inperpetuum
1414 2942 1423 2951 .
1454 2942 1464 2952 .
1494 2941 1504 2952 .
1534 2903 1812 2952 Reddendo
1840 2942 1850 2952 .
1881 2942 1891 2953 .
1922 2941 1932 2952 .
1959 2905 2206 2954 monacho
2232 2905 2562 2955 elimofinario

502 3038 512 3047 .
542 3036 553 3046 .
582 3034 592 3045 .
619 2995 904 3044 monasterii
943 3031 954 3044 .
995 3032 1006 3042 .
1046 3032 1056 3042 .
1095 2994 1355 3043 tresdecim
1379 2995 1556 3043 solidos
1589 3007 1638 3044 et
1663 3007 1876 3059 quatuor
1902 2998 2134 3046 denarios
2160 2998 2313 3046 annui
2337 2999 2561 3048 redditus

500 3089 678 3139 vsualis
702 3094 899 3135 monete
924 3086 1067 3151 regni
1097 3085 1269 3135 Scocie
1311 3124 1321 3134 .
1363 3124 1373 3134 .
1408 3124 1426 3135 γ.
1464 3088 1526 3135 ad
1563 3087 1685 3135 duos
1710 3089 1827 3137 anni
1866 3090 2106 3138 terminos
2131 3091 2389 3140 consuetos
2432 3129 2442 3140 .
2490 3130 2500 3140 .
2548 3130 2558 3140 .

496 3184 607 3231 iure
632 3179 906 3246 regalitatis
943 3216 952 3225 .
992 3216 1002 3226 .
1039 3215 1050 3226 .
1088 3178 1277 3243 semper
1302 3178 1436 3226 saluo
1462 3207 1472 3217 ·
1499 3178 1565 3227 Et.
1590 3179 1624 3226 fi
1651 3181 1910 3246 contingat
1934 3184 2210 3247 predistum
2238 3185 2415 3234 toftum
2445 3223 2455 3233 .
2497 3223 2508 3234 .
2548 3223 2560 3232 .
