2742 3848
648 318 1078 371 REGISTRUM
1111 318 1210 368 DE
1245 315 1803 368 ABERBROTHOC.
2162 323 2261 372 489

197 453 404 502 edificiis
429 454 632 502 te&uris
658 455 895 503 calicibus
912 454 1054 504 libris
1079 451 1301 521 [casulis]
1331 452 1456 501 albis
1482 469 1595 502 cum
1620 451 1730 500 aliis
1754 448 2036 500 necessariis
2057 450 2259 499 racione

198 545 408 593 rect-orie
433 574 443 584 ·
472 550 502 594 8
531 544 762 595 Οᾶοῐπίε
791 550 938 595 1528.

54 824 148 878 712
204 801 359 872 Idem
395 823 578 872 affedat
613 839 704 887 pro
739 822 1070 871 nouendecim
1108 822 1251 870 annis
1276 839 1306 870 a
1334 821 1454 870 festo
1490 821 1845 871 Penthecostes
1874 825 2002 871 1528
2038 821 2263 871 Johanni

205 913 455 963 Henrison
481 921 531 963 et
551 913 813 963 Elizabeth
829 913 999 962 Pedde
1025 913 1131 962 eius
1149 912 1318 978 sponse
1338 915 1528 978 suisque
1554 914 1802 980 affignatis
1823 921 1871 963 et
1892 914 2263 963 subtenentibus

203 1024 303 1055 non
329 1007 530 1055 maioris
568 1006 719 1055 status
756 992 982 1054 octauam
1004 1014 1199 1071 partem
1225 1006 1341 1055 ville
1378 1007 1439 1055 de
1476 1006 1756 1072 Kynclwne
1782 1024 1894 1056 cum
1924 1007 2128 1056 decimis
2152 1024 2264 1072 gar-

203 1100 396 1149 balibus
434 1100 532 1148 iam
567 1106 859 1164 occupatam
884 1116 974 1164 per
1000 1099 1186 1147 dictum
1210 1098 1245 1147 J
1249 1098 1496 1147 ohannem
1519 1099 1573 1147 in
1594 1099 1803 1148 baronia
1827 1099 1889 1148 de
1916 1099 2263 1165 Kyncoldrum

205 1201 254 1241 et
288 1192 550 1258 regalitate
587 1193 649 1241 de
686 1191 949 1257 Arbroyth
1002 1220 1012 1231 ·
1072 1190 1322 1241 Soluendo
1359 1191 1538 1256 viginti
1585 1192 1805 1256 quinque
1850 1191 2031 1241 solidos
2066 1201 2264 1243 monete

205 1283 377 1333 Scocie
403 1301 516 1333 cum
547 1291 775 1350 rynmart
799 1284 1003 1349 weddyr
1039 1291 1088 1333 et
1125 1283 1235 1332 aliis
1270 1282 1636 1333 husbandorum
1673 1285 1908 1333 oneribus
1933 1292 1983 1335 et
2007 1284 2227 1334 seruiciis
2255 1316 2265 1326 ·

193 1382 234 1430 -9
262 1375 495 1426 Odaobris
524 1380 668 1425 1528.

0 1667 10 1706 3
55 1657 149 1711 713
206 1631 336 1704 The
362 1654 511 1703 abbot
534 1653 628 1703 lets
652 1653 730 1702 for
754 1653 989 1702 nineteen
1015 1631 1160 1718 years
1196 1652 1323 1700 from
1358 1651 1590 1700 Lammes
1618 1654 1747 1699 1528
1784 1658 1835 1699 to
1874 1649 2062 1699 Master
2099 1649 2271 1698 Allex-

205 1747 362 1796 ander
391 1746 537 1812 Lyon
575 1746 782 1795 chanter
815 1746 870 1793 of
906 1745 1132 1810 Murray,
1176 1744 1382 1793 brother
1418 1744 1517 1792 and
1554 1750 1792 1792 executor
1825 1743 1879 1790 of
1910 1742 1993 1791 the
2030 1742 2271 1791 deceased

198 1839 337 1887 John
363 1839 501 1888 Lord
529 1838 802 1904 Glarnmys,
829 1839 929 1886 and
954 1847 1003 1887 to
1027 1837 1105 1886 his
1128 1837 1263 1885 heirs
1288 1837 1388 1885 and
1423 1835 1663 1900 affignees
1689 1836 1744 1884 of
1772 1853 1838 1884 no
1863 1834 2043 1900 higher
2069 1835 2264 1900 degree,

199 1931 283 1980 the
310 1931 658 1981 teindsheaves
692 1932 791 1980 and
820 1930 965 1978 fruits
994 1929 1049 1978 of
1075 1929 1159 1977 the
1183 1929 1459 1994 parsonage
1491 1929 1546 1977 of
1577 1928 1660 1978 the
1697 1927 1815 1977 kirk
1851 1927 1907 1975 of
1940 1927 2270 1994 Glammys—

199 2024 388 2090 paying
410 2024 586 2090 yearly
610 2023 757 2074 4;Ε100
783 2022 924 2072 Scots
960 2051 971 2062 ·
1011 2022 1070 2075 17
1101 2020 1319 2070 October
1348 2023 1491 2068 1528.

62 2311 152 2364 714
205 2277 400 2349 Abbas
427 2297 659 2346 concedit
682 2296 876 2345 Jacobo
902 2295 1102 2344 domino
1131 2293 1336 2365 Ogyluy
1362 2300 1424 2348 de
1449 2299 1589 2348 Erlie
1616 2327 1626 2338 ·
1658 2299 1818 2348 Elene
1851 2299 2079 2366 Syncleir
2102 2302 2272 2366 sponse

207 2390 313 2439 eius
353 2419 364 2430 ·
407 2397 456 2439 et
479 2390 746 2438 heredibus
772 2389 999 2437 masculis
1033 2388 1164 2437 inter
1199 2388 1328 2457 ipsos
1362 2393 1641 2457 procreatis
1676 2421 1687 2431 ·
1726 2394 1903 2457 quibus
1929 2395 2272 2444 deficientibus

209 2483 473 2532 heredibus
496 2483 725 2531 masculis
750 2482 867 2530 dicti
891 2482 926 2530 J
929 2481 1071 2530 acobi
1098 2490 1147 2531 et
1173 2483 1423 2549 assignatis
1450 2484 1820 2549 quibuscunque
1841 2493 1997 2535 terras
2017 2487 2079 2535 de
2104 2487 2271 2535 Breko

210 2586 258 2626 et
284 2576 562 2642 Balyschen
600 2593 711 2624 cum
737 2574 962 2623 manerio
986 2575 1268 2639 pendiculis
1293 2584 1342 2626 et
1365 2577 1694 2641 pertinenciis
1719 2577 1851 2627 infra
1874 2579 2182 2643 regalitatem
2211 2581 2271 2628 de

211 2668 470 2734 Arbroyth
495 2676 545 2717 et
570 2668 972 2718 vicecomitatum
998 2669 1060 2717 de
1085 2668 1265 2717 Forfar
1303 2700 1313 2710 ·
1351 2686 1446 2733 que
1473 2670 1675 2733 quidem
1700 2670 1838 2735 prius
1863 2670 2065 2721 fuerunt
2093 2672 2274 2736 prefati

210 2760 245 2809 J
248 2761 390 2810 acobi
427 2760 730 2810 hereditarie
774 2769 824 2810 et
870 2779 991 2825 quas
1033 2761 1303 2827 refignauit
1351 2790 1362 2800 ·
1411 2762 1689 2811 Reddendo
1729 2763 1975 2812 monacho
2024 2765 2273 2813 communi

211 2853 495 2908 monasterii
522 2853 741 2918 quinque
776 2853 929 2902 libras
965 2854 1046 2902 sex
1082 2854 1261 2902 solidos
1290 2861 1339 2903 et
1364 2855 1472 2902 oao
1498 2854 1730 2903 denarios
1766 2856 2040 2904 feodifirme
2076 2865 2272 2905 monete

216 2944 388 2994 Scocie
415 2976 425 2986 -
450 2945 680 2994 faciendo
706 2953 806 2995 tres
832 2945 983 2994 sectas
1007 2946 1071 2998 ad
1095 2953 1195 2994 tres
1221 2946 1385 2995 curias
1416 2947 1655 3011 capitales
1680 2949 1919 2997 tenendas
1943 2948 2073 2997 infra
2097 2950 2272 3014 regali-

213 3046 362 3091 tatem
388 3066 398 3076 ·
423 3038 752 3088 intereffendo
773 3039 1000 3089 omnibus
1020 3039 1131 3087 aliis
1150 3039 1305 3087 curiis
1327 3039 1759 3104 quocienscunque
1779 3040 1989 3089 iuridice
2007 3041 2273 3105 premoniti

1191 3134 1223 3182 3
1250 3148 1282 3184 Q
