<?xml version="1.0" encoding="UTF-8"?>
<!DOCTYPE html PUBLIC "-//W3C//DTD XHTML 1.0 Transitional//EN"
    "http://www.w3.org/TR/xhtml1/DTD/xhtml1-transitional.dtd">
<html xmlns="http://www.w3.org/1999/xhtml" xml:lang="en" lang="en">
 <head>
  <title>
</title>
<meta http-equiv="Content-Type" content="text/html;charset=utf-8" />
  <meta name='ocr-system' content='tesseract 3.04.00' />
  <meta name='ocr-capabilities' content='ocr_page ocr_carea ocr_par ocr_line ocrx_word'/>
</head>
<body>
  <div class='ocr_page' id='page_1' title='image "./libersthomedea8602arbruoft_0406.png"; bbox 0 0 2762 3834; ppageno 0'>
   <div class='ocr_carea' id='block_1_1' title="bbox 585 387 2176 444">
    <p class='ocr_par' dir='ltr' id='par_1_1' title="bbox 585 387 2176 444">
     <span class='ocr_line' id='line_1_1' title="bbox 585 387 2176 444; baseline -0.005 0"><span class='ocrx_word' id='word_1_1' title='bbox 585 394 684 444; x_wconf 80' lang='lat'><strong>306</strong></span> <span class='ocrx_word' id='word_1_2' title='bbox 1027 390 1447 443; x_wconf 88' lang='lat' dir='ltr'><strong>REGISTRUM</strong></span> <span class='ocrx_word' id='word_1_3' title='bbox 1482 389 1581 438; x_wconf 88' lang='lat' dir='ltr'><strong>DE</strong></span> <span class='ocrx_word' id='word_1_4' title='bbox 1617 387 2176 439; x_wconf 88' lang='lat' dir='ltr'><strong>ABERBROTHOC.</strong></span> 
     </span>
    </p>
   </div>
   <div class='ocr_carea' id='block_1_2' title="bbox 580 520 2628 1136">
    <p class='ocr_par' dir='ltr' id='par_1_2' title="bbox 582 520 2628 770">
     <span class='ocr_line' id='line_1_2' title="bbox 583 520 2626 590; baseline -0.002 -14"><span class='ocrx_word' id='word_1_5' title='bbox 583 534 632 575; x_wconf 90' lang='lat' dir='ltr'><strong>et</strong></span> <span class='ocrx_word' id='word_1_6' title='bbox 647 527 850 576; x_wconf 90' lang='lat' dir='ltr'><strong>totidem</strong></span> <span class='ocrx_word' id='word_1_7' title='bbox 888 525 1035 590; x_wconf 85' lang='lat' dir='ltr'><strong>pullis</strong></span> <span class='ocrx_word' id='word_1_8' title='bbox 1059 524 1237 573; x_wconf 86' lang='lat' dir='ltr'><strong>adultis</strong></span> <span class='ocrx_word' id='word_1_9' title='bbox 1271 554 1280 563; x_wconf 92' lang='lat'><strong>·</strong></span> <span class='ocrx_word' id='word_1_10' title='bbox 1315 531 1364 572; x_wconf 87' lang='lat' dir='ltr'><strong>et</strong></span> <span class='ocrx_word' id='word_1_11' title='bbox 1381 522 1484 586; x_wconf 84' lang='lat' dir='ltr'><strong>ipso</strong></span> <span class='ocrx_word' id='word_1_12' title='bbox 1508 520 1799 569; x_wconf 81' lang='lat' dir='ltr'><strong>Alexandro</strong></span> <span class='ocrx_word' id='word_1_13' title='bbox 1818 521 1880 569; x_wconf 92' lang='lat' dir='ltr'><strong>de</strong></span> <span class='ocrx_word' id='word_1_14' title='bbox 1899 521 2062 569; x_wconf 89' lang='lat' dir='ltr'><strong>medio</strong></span> <span class='ocrx_word' id='word_1_15' title='bbox 2078 521 2268 572; x_wconf 87' lang='lat' dir='ltr'><strong>sublato</strong></span> <span class='ocrx_word' id='word_1_16' title='bbox 2292 522 2515 587; x_wconf 83' lang='lat' dir='ltr'><strong>affignati</strong></span> <span class='ocrx_word' id='word_1_17' title='bbox 2543 558 2553 570; x_wconf 90' lang='lat'><strong>.</strong></span> <span class='ocrx_word' id='word_1_18' title='bbox 2581 562 2590 571; x_wconf 90' lang='lat'><strong>.</strong></span> <span class='ocrx_word' id='word_1_19' title='bbox 2616 562 2626 571; x_wconf 86' lang='lat'>.</span> 
     </span>
     <span class='ocr_line' id='line_1_3' title="bbox 582 600 2625 677; baseline -0.001 -13"><span class='ocrx_word' id='word_1_20' title='bbox 582 616 805 665; x_wconf 88' lang='lat' dir='ltr'><strong>soluent.</strong></span> <span class='ocrx_word' id='word_1_21' title='bbox 846 654 856 664; x_wconf 88' lang='lat'><strong>.</strong></span> <span class='ocrx_word' id='word_1_22' title='bbox 897 653 907 663; x_wconf 91' lang='lat'><strong>.</strong></span> <span class='ocrx_word' id='word_1_23' title='bbox 941 600 1105 663; x_wconf 86' lang='lat' dir='ltr'><strong>omnia</strong></span> <span class='ocrx_word' id='word_1_24' title='bbox 1148 652 1158 663; x_wconf 91' lang='lat'><strong>.</strong></span> <span class='ocrx_word' id='word_1_25' title='bbox 1201 651 1213 662; x_wconf 88' lang='lat'><strong>.</strong></span> <span class='ocrx_word' id='word_1_26' title='bbox 1256 652 1267 662; x_wconf 92' lang='lat'><strong>.</strong></span> <span class='ocrx_word' id='word_1_27' title='bbox 1310 611 1587 677; x_wconf 72' lang='lat' dir='ltr'><strong>supradi&amp;a</strong></span> <span class='ocrx_word' id='word_1_28' title='bbox 1610 628 1668 659; x_wconf 87' lang='lat' dir='ltr'><strong>ac</strong></span> <span class='ocrx_word' id='word_1_29' title='bbox 1706 648 1717 658; x_wconf 93' lang='lat'><strong><em>.</em></strong></span> <span class='ocrx_word' id='word_1_30' title='bbox 1758 648 1768 659; x_wconf 92' lang='lat'><strong><em>.</em></strong></span> <span class='ocrx_word' id='word_1_31' title='bbox 1808 648 1819 659; x_wconf 94' lang='lat'><strong>.</strong></span> <span class='ocrx_word' id='word_1_32' title='bbox 1858 611 2006 660; x_wconf 85' lang='lat' dir='ltr'><strong>aliam</strong></span> <span class='ocrx_word' id='word_1_33' title='bbox 2029 612 2211 661; x_wconf 84' lang='lat' dir='ltr'><strong>bollam</strong></span> <span class='ocrx_word' id='word_1_34' title='bbox 2247 613 2482 662; x_wconf 79' lang='lat' dir='ltr'><strong>frumenti</strong></span> <span class='ocrx_word' id='word_1_35' title='bbox 2523 651 2532 661; x_wconf 94' lang='lat'><strong>.</strong></span> <span class='ocrx_word' id='word_1_36' title='bbox 2569 650 2579 661; x_wconf 92' lang='lat'><strong>.</strong></span> <span class='ocrx_word' id='word_1_37' title='bbox 2615 650 2625 661; x_wconf 88' lang='lat'><strong>.</strong></span> 
     </span>
     <span class='ocr_line' id='line_1_4' title="bbox 582 701 2628 770; baseline -0.002 -14"><span class='ocrx_word' id='word_1_38' title='bbox 582 707 647 756; x_wconf 88' lang='lat' dir='ltr'><strong>Et</strong></span> <span class='ocrx_word' id='word_1_39' title='bbox 670 707 786 770; x_wconf 80' lang='lat' dir='ltr'><strong>quia</strong></span> <span class='ocrx_word' id='word_1_40' title='bbox 807 706 988 754; x_wconf 55' lang='lat' dir='ltr'><strong>dilium</strong></span> <span class='ocrx_word' id='word_1_41' title='bbox 1013 706 1351 753; x_wconf 86' lang='lat' dir='ltr'>Alexandrum</span> <span class='ocrx_word' id='word_1_42' title='bbox 1390 701 1650 767; x_wconf 83' lang='lat' dir='ltr'><strong>affignatos</strong></span> <span class='ocrx_word' id='word_1_43' title='bbox 1685 710 1734 751; x_wconf 91' lang='lat' dir='ltr'><strong>et</strong></span> <span class='ocrx_word' id='word_1_44' title='bbox 1767 702 2082 753; x_wconf 80' lang='lat' dir='ltr'><strong>subtenentes</strong></span> <span class='ocrx_word' id='word_1_45' title='bbox 2118 705 2340 768; x_wconf 90' lang='lat' dir='ltr'><strong>equitare</strong></span> <span class='ocrx_word' id='word_1_46' title='bbox 2376 705 2628 753; x_wconf 90' lang='lat' dir='ltr'><strong>nobiscum</strong></span> 
     </span>
    </p>

    <p class='ocr_par' dir='ltr' id='par_1_3' title="bbox 580 794 2628 1044">
     <span class='ocr_line' id='line_1_5' title="bbox 640 794 2628 861; baseline -0.001 -15"><span class='ocrx_word' id='word_1_47' title='bbox 640 836 650 846; x_wconf 90' lang='lat'>.</span> <span class='ocrx_word' id='word_1_48' title='bbox 690 836 700 846; x_wconf 92' lang='lat'><em>.</em></span> <span class='ocrx_word' id='word_1_49' title='bbox 741 797 1040 846; x_wconf 78' lang='lat' dir='ltr'><strong>intendimus</strong></span> <span class='ocrx_word' id='word_1_50' title='bbox 1070 796 1117 845; x_wconf 93' lang='lat' dir='ltr'><strong>le</strong></span> <span class='ocrx_word' id='word_1_51' title='bbox 1158 795 1291 861; x_wconf 88' lang='lat' dir='ltr'><strong>bugh</strong></span> <span class='ocrx_word' id='word_1_52' title='bbox 1331 794 1622 859; x_wconf 85' lang='lat' dir='ltr'><strong>accipiendo</strong></span> <span class='ocrx_word' id='word_1_53' title='bbox 1661 794 1723 843; x_wconf 89' lang='lat' dir='ltr'><strong>de</strong></span> <span class='ocrx_word' id='word_1_54' title='bbox 1762 794 1903 844; x_wconf 87' lang='lat' dir='ltr'><strong>curia</strong></span> <span class='ocrx_word' id='word_1_55' title='bbox 1941 812 2034 860; x_wconf 90' lang='lat' dir='ltr'><strong>pro</strong></span> <span class='ocrx_word' id='word_1_56' title='bbox 2076 796 2377 860; x_wconf 89' lang='lat' dir='ltr'><strong>quoquidem</strong></span> <span class='ocrx_word' id='word_1_57' title='bbox 2417 796 2628 846; x_wconf 88' lang='lat' dir='ltr'><strong>seruicio</strong></span> 
     </span>
     <span class='ocr_line' id='line_1_6' title="bbox 582 885 2626 952; baseline 0 -15"><span class='ocrx_word' id='word_1_58' title='bbox 582 890 768 938; x_wconf 87' lang='lat' dir='ltr'><strong>duabus</strong></span> <span class='ocrx_word' id='word_1_59' title='bbox 792 888 934 936; x_wconf 86' lang='lat' dir='ltr'><strong>bollis</strong></span> <span class='ocrx_word' id='word_1_60' title='bbox 957 887 1190 936; x_wconf 84' lang='lat' dir='ltr'><strong>frumenti</strong></span> <span class='ocrx_word' id='word_1_61' title='bbox 1216 886 1485 951; x_wconf 85' lang='lat' dir='ltr'><strong>caponibus</strong></span> <span class='ocrx_word' id='word_1_62' title='bbox 1513 893 1563 934; x_wconf 91' lang='lat' dir='ltr'><strong>et</strong></span> <span class='ocrx_word' id='word_1_63' title='bbox 1585 885 1735 950; x_wconf 84' lang='lat' dir='ltr'><strong>pullis</strong></span> <span class='ocrx_word' id='word_1_64' title='bbox 1759 886 1821 935; x_wconf 87' lang='lat' dir='ltr'><strong>de</strong></span> <span class='ocrx_word' id='word_1_65' title='bbox 1845 903 1979 935; x_wconf 91' lang='lat' dir='ltr'><strong>nouo</strong></span> <span class='ocrx_word' id='word_1_66' title='bbox 2002 887 2332 952; x_wconf 76' lang='lat' dir='ltr'><strong>augmentatis</strong></span> <span class='ocrx_word' id='word_1_67' title='bbox 2355 887 2482 952; x_wconf 86' lang='lat' dir='ltr'><strong>ipsos</strong></span> <span class='ocrx_word' id='word_1_68' title='bbox 2515 926 2525 936; x_wconf 94' lang='lat'><strong>.</strong></span> <span class='ocrx_word' id='word_1_69' title='bbox 2562 926 2574 936; x_wconf 89' lang='lat'>.</span> <span class='ocrx_word' id='word_1_70' title='bbox 2613 926 2626 937; x_wconf 91' lang='lat'><strong>.</strong></span> 
     </span>
     <span class='ocr_line' id='line_1_7' title="bbox 580 977 2627 1044; baseline 0 -16"><span class='ocrx_word' id='word_1_71' title='bbox 580 982 640 1029; x_wconf 88' lang='lat' dir='ltr'><strong>ab</strong></span> <span class='ocrx_word' id='word_1_72' title='bbox 673 980 898 1027; x_wconf 85' lang='lat' dir='ltr'><strong>omnibus</strong></span> <span class='ocrx_word' id='word_1_73' title='bbox 933 978 1296 1026; x_wconf 76' lang='lat' dir='ltr'><strong>husbandorum</strong></span> <span class='ocrx_word' id='word_1_74' title='bbox 1334 977 1567 1026; x_wconf 86' lang='lat' dir='ltr'><strong>oneribus</strong></span> <span class='ocrx_word' id='word_1_75' title='bbox 1603 977 1882 1028; x_wconf 83' lang='lat' dir='ltr'><strong>relaxamus</strong></span> <span class='ocrx_word' id='word_1_76' title='bbox 1912 979 2049 1029; x_wconf 88' lang='lat' dir='ltr'><strong>saluo</strong></span> <span class='ocrx_word' id='word_1_77' title='bbox 2081 987 2246 1028; x_wconf 89' lang='lat' dir='ltr'><strong>tamen</strong></span> <span class='ocrx_word' id='word_1_78' title='bbox 2281 980 2413 1044; x_wconf 91' lang='lat' dir='ltr'><strong>quod</strong></span> <span class='ocrx_word' id='word_1_79' title='bbox 2443 981 2627 1029; x_wconf 86' lang='lat' dir='ltr'><strong>ducent</strong></span> 
     </span>
    </p>

    <p class='ocr_par' dir='ltr' id='par_1_4' title="bbox 636 1069 2625 1136">
     <span class='ocr_line' id='line_1_8' title="bbox 636 1069 2625 1136; baseline 0 -16"><span class='ocrx_word' id='word_1_80' title='bbox 636 1110 649 1120; x_wconf 90' lang='lat'><strong>.</strong></span> <span class='ocrx_word' id='word_1_81' title='bbox 691 1112 699 1120; x_wconf 92' lang='lat'><strong><em>.</em></strong></span> <span class='ocrx_word' id='word_1_82' title='bbox 744 1071 934 1136; x_wconf 85' lang='lat' dir='ltr'><strong>tegulas</strong></span> <span class='ocrx_word' id='word_1_83' title='bbox 975 1107 988 1118; x_wconf 90' lang='lat'><strong>.</strong></span> <span class='ocrx_word' id='word_1_84' title='bbox 1031 1108 1041 1117; x_wconf 94' lang='lat'><strong>.</strong></span> <span class='ocrx_word' id='word_1_85' title='bbox 1086 1108 1097 1118; x_wconf 91' lang='lat'><strong>.</strong></span> <span class='ocrx_word' id='word_1_86' title='bbox 1135 1071 1201 1119; x_wconf 91' lang='lat' dir='ltr'><strong>ad</strong></span> <span class='ocrx_word' id='word_1_87' title='bbox 1239 1069 1595 1118; x_wconf 87' lang='lat' dir='ltr'><strong>monasterium</strong></span> <span class='ocrx_word' id='word_1_88' title='bbox 1623 1107 1634 1118; x_wconf 89' lang='lat'><em>.</em></span> <span class='ocrx_word' id='word_1_89' title='bbox 1681 1107 1694 1118; x_wconf 87' lang='lat'><strong>.</strong></span> <span class='ocrx_word' id='word_1_90' title='bbox 1736 1106 1747 1118; x_wconf 86' lang='lat'>.</span> <span class='ocrx_word' id='word_1_91' title='bbox 1799 1071 2039 1135; x_wconf 83' lang='lat' dir='ltr'><strong>quociens</strong></span> <span class='ocrx_word' id='word_1_92' title='bbox 2073 1089 2103 1120; x_wconf 87' lang='lat' dir='ltr'><strong>a</strong></span> <span class='ocrx_word' id='word_1_93' title='bbox 2137 1071 2371 1136; x_wconf 87' lang='lat' dir='ltr'><strong>lapicidio</strong></span> <span class='ocrx_word' id='word_1_94' title='bbox 2404 1071 2513 1120; x_wconf 88' lang='lat' dir='ltr'><strong>sunt</strong></span> <span class='ocrx_word' id='word_1_95' title='bbox 2537 1072 2625 1120; x_wconf 88' lang='lat' dir='ltr'><strong>du·</strong></span> 
     </span>
    </p>
   </div>
   <div class='ocr_carea' id='block_1_3' title="bbox 575 1161 2625 1504">
    <p class='ocr_par' dir='ltr' id='par_1_5' title="bbox 575 1161 2625 1504">
     <span class='ocr_line' id='line_1_9' title="bbox 579 1161 2625 1225; baseline 0 -13"><span class='ocrx_word' id='word_1_96' title='bbox 579 1164 732 1212; x_wconf 87' lang='lat' dir='ltr'><strong>cende</strong></span> <span class='ocrx_word' id='word_1_97' title='bbox 762 1190 772 1202; x_wconf 93' lang='lat'><strong>·</strong></span> <span class='ocrx_word' id='word_1_98' title='bbox 808 1162 875 1211; x_wconf 90' lang='lat' dir='ltr'><strong>Et</strong></span> <span class='ocrx_word' id='word_1_99' title='bbox 899 1162 931 1211; x_wconf 94' lang='lat' dir='ltr'><strong>fi</strong></span> <span class='ocrx_word' id='word_1_100' title='bbox 973 1199 983 1209; x_wconf 91' lang='lat'><strong>.</strong></span> <span class='ocrx_word' id='word_1_101' title='bbox 1025 1202 1034 1210; x_wconf 94' lang='lat'><strong>.</strong></span> <span class='ocrx_word' id='word_1_102' title='bbox 1086 1199 1096 1210; x_wconf 95' lang='lat'><em>.</em></span> <span class='ocrx_word' id='word_1_103' title='bbox 1144 1161 1273 1210; x_wconf 88' lang='lat' dir='ltr'><strong>male</strong></span> <span class='ocrx_word' id='word_1_104' title='bbox 1295 1161 1632 1225; x_wconf 87' lang='lat' dir='ltr'><strong>persoluentes</strong></span> <span class='ocrx_word' id='word_1_105' title='bbox 1677 1199 1688 1210; x_wconf 92' lang='lat'><strong>.</strong></span> <span class='ocrx_word' id='word_1_106' title='bbox 1735 1199 1746 1210; x_wconf 87' lang='lat'><strong>.</strong></span> <span class='ocrx_word' id='word_1_107' title='bbox 1791 1200 1802 1211; x_wconf 92' lang='lat'><strong>.</strong></span> <span class='ocrx_word' id='word_1_108' title='bbox 1828 1170 1914 1212; x_wconf 88' lang='lat' dir='ltr'><strong>aut</strong></span> <span class='ocrx_word' id='word_1_109' title='bbox 1938 1163 2158 1212; x_wconf 89' lang='lat' dir='ltr'><strong>iniuriofi</strong></span> <span class='ocrx_word' id='word_1_110' title='bbox 2204 1200 2216 1212; x_wconf 89' lang='lat'><strong>.</strong></span> <span class='ocrx_word' id='word_1_111' title='bbox 2261 1200 2272 1211; x_wconf 95' lang='lat'>.</span> <span class='ocrx_word' id='word_1_112' title='bbox 2317 1199 2331 1212; x_wconf 91' lang='lat'><strong>.</strong></span> <span class='ocrx_word' id='word_1_113' title='bbox 2369 1163 2625 1213; x_wconf 83' lang='lat' dir='ltr'><strong>extiterint</strong></span> 
     </span>
     <span class='ocr_line' id='line_1_10' title="bbox 578 1253 2623 1319; baseline 0 -16"><span class='ocrx_word' id='word_1_114' title='bbox 578 1256 743 1304; x_wconf 90' lang='lat' dir='ltr'><strong>licebit</strong></span> <span class='ocrx_word' id='word_1_115' title='bbox 781 1255 922 1303; x_wconf 88' lang='lat' dir='ltr'><strong>nobis</strong></span> <span class='ocrx_word' id='word_1_116' title='bbox 971 1293 980 1302; x_wconf 94' lang='lat'><strong>.</strong></span> <span class='ocrx_word' id='word_1_117' title='bbox 1027 1290 1036 1298; x_wconf 88' lang='lat'><strong>.</strong></span> <span class='ocrx_word' id='word_1_118' title='bbox 1089 1292 1099 1302; x_wconf 92' lang='lat'>.</span> <span class='ocrx_word' id='word_1_119' title='bbox 1141 1254 1202 1302; x_wconf 92' lang='lat' dir='ltr'><strong>de</strong></span> <span class='ocrx_word' id='word_1_120' title='bbox 1229 1291 1240 1301; x_wconf 88' lang='lat'><strong>.</strong></span> <span class='ocrx_word' id='word_1_121' title='bbox 1279 1291 1289 1301; x_wconf 92' lang='lat'><strong><em>.</em></strong></span> <span class='ocrx_word' id='word_1_122' title='bbox 1328 1291 1338 1301; x_wconf 96' lang='lat'>.</span> <span class='ocrx_word' id='word_1_123' title='bbox 1382 1253 1528 1301; x_wconf 86' lang='lat' dir='ltr'><strong>terris</strong></span> <span class='ocrx_word' id='word_1_124' title='bbox 1567 1261 1617 1302; x_wconf 91' lang='lat' dir='ltr'><strong>et</strong></span> <span class='ocrx_word' id='word_1_125' title='bbox 1655 1254 1859 1303; x_wconf 85' lang='lat' dir='ltr'><strong>decimis</strong></span> <span class='ocrx_word' id='word_1_126' title='bbox 1903 1291 1914 1303; x_wconf 89' lang='lat'><strong><em>.</em></strong></span> <span class='ocrx_word' id='word_1_127' title='bbox 1958 1292 1969 1303; x_wconf 88' lang='lat'><strong>.</strong></span> <span class='ocrx_word' id='word_1_128' title='bbox 2009 1293 2020 1304; x_wconf 91' lang='lat'><strong>.</strong></span> <span class='ocrx_word' id='word_1_129' title='bbox 2066 1254 2326 1319; x_wconf 86' lang='lat' dir='ltr'><strong>disponere</strong></span> <span class='ocrx_word' id='word_1_130' title='bbox 2368 1293 2378 1303; x_wconf 94' lang='lat'><strong><em>.</em></strong></span> <span class='ocrx_word' id='word_1_131' title='bbox 2415 1293 2425 1303; x_wconf 92' lang='lat'>.</span> <span class='ocrx_word' id='word_1_132' title='bbox 2464 1292 2476 1303; x_wconf 90' lang='lat'><strong>.</strong></span> <span class='ocrx_word' id='word_1_133' title='bbox 2513 1254 2623 1305; x_wconf 91' lang='lat' dir='ltr'><strong>Nec</strong></span> 
     </span>
     <span class='ocr_line' id='line_1_11' title="bbox 576 1344 2622 1409; baseline 0 -15"><span class='ocrx_word' id='word_1_134' title='bbox 576 1346 741 1395; x_wconf 86' lang='lat' dir='ltr'><strong>licebit</strong></span> <span class='ocrx_word' id='word_1_135' title='bbox 783 1345 925 1395; x_wconf 64' lang='lat' dir='ltr'><strong>dictis</strong></span> <span class='ocrx_word' id='word_1_136' title='bbox 965 1384 974 1394; x_wconf 93' lang='lat'>.</span> <span class='ocrx_word' id='word_1_137' title='bbox 1018 1384 1028 1394; x_wconf 93' lang='lat'><em>.</em></span> <span class='ocrx_word' id='word_1_138' title='bbox 1072 1385 1081 1393; x_wconf 91' lang='lat'><strong>.</strong></span> <span class='ocrx_word' id='word_1_139' title='bbox 1129 1345 1378 1409; x_wconf 65' lang='lat' dir='ltr'><strong>predictas</strong></span> <span class='ocrx_word' id='word_1_140' title='bbox 1421 1344 1610 1394; x_wconf 87' lang='lat' dir='ltr'><strong>nostras</strong></span> <span class='ocrx_word' id='word_1_141' title='bbox 1648 1355 1805 1396; x_wconf 86' lang='lat' dir='ltr'><strong>terras</strong></span> <span class='ocrx_word' id='word_1_142' title='bbox 1847 1355 1896 1396; x_wconf 89' lang='lat' dir='ltr'><strong>et</strong></span> <span class='ocrx_word' id='word_1_143' title='bbox 1935 1347 2152 1396; x_wconf 88' lang='lat' dir='ltr'><strong>decimas</strong></span> <span class='ocrx_word' id='word_1_144' title='bbox 2192 1386 2201 1395; x_wconf 95' lang='lat'><strong><em>.</em></strong></span> <span class='ocrx_word' id='word_1_145' title='bbox 2234 1387 2243 1395; x_wconf 95' lang='lat'>.</span> <span class='ocrx_word' id='word_1_146' title='bbox 2282 1389 2292 1398; x_wconf 92' lang='lat'>.</span> <span class='ocrx_word' id='word_1_147' title='bbox 2326 1347 2474 1395; x_wconf 89' lang='lat' dir='ltr'><strong>alicui</strong></span> <span class='ocrx_word' id='word_1_148' title='bbox 2511 1387 2519 1395; x_wconf 96' lang='lat'>.</span> <span class='ocrx_word' id='word_1_149' title='bbox 2558 1387 2568 1396; x_wconf 91' lang='lat'><strong>.</strong></span> <span class='ocrx_word' id='word_1_150' title='bbox 2613 1387 2622 1395; x_wconf 93' lang='lat'>.</span> 
     </span>
     <span class='ocr_line' id='line_1_12' title="bbox 575 1439 2623 1504; baseline -0.001 -15"><span class='ocrx_word' id='word_1_151' title='bbox 575 1442 788 1489; x_wconf 76' lang='lat' dir='ltr'><strong>assedare</strong></span> <span class='ocrx_word' id='word_1_152' title='bbox 822 1480 830 1488; x_wconf 92' lang='lat'>.</span> <span class='ocrx_word' id='word_1_153' title='bbox 872 1480 881 1488; x_wconf 91' lang='lat'><strong><em>.</em></strong></span> <span class='ocrx_word' id='word_1_154' title='bbox 917 1479 926 1488; x_wconf 94' lang='lat'>.</span> <span class='ocrx_word' id='word_1_155' title='bbox 965 1440 1064 1487; x_wconf 84' lang='lat' dir='ltr'><strong>fine</strong></span> <span class='ocrx_word' id='word_1_156' title='bbox 1082 1439 1250 1487; x_wconf 89' lang='lat' dir='ltr'><strong>nostra</strong></span> <span class='ocrx_word' id='word_1_157' title='bbox 1272 1439 1484 1488; x_wconf 87' lang='lat' dir='ltr'><strong>licencia</strong></span> <span class='ocrx_word' id='word_1_158' title='bbox 1522 1479 1531 1488; x_wconf 90' lang='lat'>.</span> <span class='ocrx_word' id='word_1_159' title='bbox 1574 1478 1584 1487; x_wconf 92' lang='lat'><strong>.</strong></span> <span class='ocrx_word' id='word_1_160' title='bbox 1629 1480 1638 1489; x_wconf 89' lang='lat'><strong>.</strong></span> <span class='ocrx_word' id='word_1_161' title='bbox 1679 1439 1879 1488; x_wconf 84' lang='lat' dir='ltr'><strong>cotariis</strong></span> <span class='ocrx_word' id='word_1_162' title='bbox 1919 1478 1928 1488; x_wconf 88' lang='lat'><strong>.</strong></span> <span class='ocrx_word' id='word_1_163' title='bbox 1968 1478 1978 1488; x_wconf 88' lang='lat'><strong>.</strong></span> <span class='ocrx_word' id='word_1_164' title='bbox 2012 1477 2021 1487; x_wconf 92' lang='lat'>.</span> <span class='ocrx_word' id='word_1_165' title='bbox 2060 1439 2279 1504; x_wconf 87' lang='lat' dir='ltr'><strong>exceptis</strong></span> <span class='ocrx_word' id='word_1_166' title='bbox 2315 1476 2326 1487; x_wconf 90' lang='lat'><strong>.</strong></span> <span class='ocrx_word' id='word_1_167' title='bbox 2366 1476 2377 1487; x_wconf 93' lang='lat'><strong>.</strong></span> <span class='ocrx_word' id='word_1_168' title='bbox 2418 1477 2428 1487; x_wconf 90' lang='lat'>.</span> <span class='ocrx_word' id='word_1_169' title='bbox 2470 1439 2623 1504; x_wconf 93' lang='lat' dir='ltr'><strong>Apud</strong></span> 
     </span>
    </p>
   </div>
   <div class='ocr_carea' id='block_1_4' title="bbox 574 1529 2622 1596">
    <p class='ocr_par' dir='ltr' id='par_1_6' title="bbox 574 1529 2622 1596">
     <span class='ocr_line' id='line_1_13' title="bbox 574 1529 2622 1596; baseline -0.001 -15"><span class='ocrx_word' id='word_1_170' title='bbox 574 1532 906 1581; x_wconf 85' lang='lat' dir='ltr'><strong>Abirbrothoc</strong></span> <span class='ocrx_word' id='word_1_171' title='bbox 942 1539 1117 1596; x_wconf 87' lang='lat' dir='ltr'><strong>quarto</strong></span> <span class='ocrx_word' id='word_1_172' title='bbox 1154 1531 1234 1579; x_wconf 89' lang='lat' dir='ltr'><strong>die</strong></span> <span class='ocrx_word' id='word_1_173' title='bbox 1269 1530 1444 1580; x_wconf 84' lang='lat' dir='ltr'><strong>menfis</strong></span> <span class='ocrx_word' id='word_1_174' title='bbox 1479 1531 1514 1580; x_wconf 86' lang='lat' dir='ltr'>J</span> <span class='ocrx_word' id='word_1_175' title='bbox 1518 1532 1623 1580; x_wconf 92' lang='lat' dir='ltr'><strong>unii</strong></span> <span class='ocrx_word' id='word_1_176' title='bbox 1666 1548 1797 1580; x_wconf 87' lang='lat' dir='ltr'><strong>anno</strong></span> <span class='ocrx_word' id='word_1_177' title='bbox 1824 1530 2032 1580; x_wconf 89' lang='lat' dir='ltr'><strong>Domini</strong></span> <span class='ocrx_word' id='word_1_178' title='bbox 2057 1537 2125 1579; x_wconf 82' lang='lat' dir='ltr'><strong>m·</strong></span> <span class='ocrx_word' id='word_1_179' title='bbox 2149 1537 2282 1579; x_wconf 90' lang='lat' dir='ltr'><strong>cccc⁰</strong></span> <span class='ocrx_word' id='word_1_180' title='bbox 2307 1529 2622 1595; x_wconf 78' lang='lat' dir='ltr'><strong>nonagesimo</strong></span> 
     </span>
    </p>
   </div>
   <div class='ocr_carea' id='block_1_5' title="bbox 572 1625 790 1689">
    <p class='ocr_par' dir='ltr' id='par_1_7' title="bbox 572 1625 790 1689">
     <span class='ocr_line' id='line_1_14' title="bbox 572 1625 790 1689; baseline 0 -17"><span class='ocrx_word' id='word_1_181' title='bbox 572 1625 790 1689; x_wconf 81' lang='lat' dir='ltr'><strong>septimo.</strong></span> 
     </span>
    </p>
   </div>
   <div class='ocr_carea' id='block_1_6' title="bbox 558 1877 1806 1961">
    <p class='ocr_par' dir='ltr' id='par_1_8' title="bbox 558 1877 1806 1961">
     <span class='ocr_line' id='line_1_15' title="bbox 558 1877 1806 1961; baseline -0.001 -16"><span class='ocrx_word' id='word_1_182' title='bbox 558 1877 796 1950; x_wconf 80' lang='lat' dir='ltr'><strong>Garwok</strong></span> <span class='ocrx_word' id='word_1_183' title='bbox 821 1895 1063 1946; x_wconf 78' lang='lat' dir='ltr'><strong>assedatur</strong></span> <span class='ocrx_word' id='word_1_184' title='bbox 1088 1897 1286 1945; x_wconf 88' lang='lat' dir='ltr'><strong>domino</strong></span> <span class='ocrx_word' id='word_1_185' title='bbox 1312 1896 1532 1946; x_wconf 89' lang='lat' dir='ltr'><strong>Roberto</strong></span> <span class='ocrx_word' id='word_1_186' title='bbox 1553 1894 1806 1961; x_wconf 90' lang='lat' dir='ltr'><strong>Martyue.</strong></span> 
     </span>
    </p>
   </div>
   <div class='ocr_carea' id='block_1_7' title="bbox 422 2074 2620 2138">
    <p class='ocr_par' dir='ltr' id='par_1_9' title="bbox 422 2074 2620 2138">
     <span class='ocr_line' id='line_1_16' title="bbox 422 2074 2620 2138; baseline -0.004 -8"><span class='ocrx_word' id='word_1_187' title='bbox 422 2085 516 2138; x_wconf 76' lang='grc'><strong>377</strong></span> <span class='ocrx_word' id='word_1_188' title='bbox 573 2117 584 2128; x_wconf 94' lang='grc'><em>.</em></span> <span class='ocrx_word' id='word_1_189' title='bbox 630 2117 641 2129; x_wconf 88' lang='grc'><strong>.</strong></span> <span class='ocrx_word' id='word_1_190' title='bbox 689 2120 699 2129; x_wconf 91' lang='grc'><strong>.</strong></span> <span class='ocrx_word' id='word_1_191' title='bbox 739 2081 912 2129; x_wconf 90' lang='lat' dir='ltr'><strong>Pateat</strong></span> <span class='ocrx_word' id='word_1_192' title='bbox 946 2116 958 2128; x_wconf 90' lang='lat'><strong>.</strong></span> <span class='ocrx_word' id='word_1_193' title='bbox 1005 2117 1016 2127; x_wconf 89' lang='lat'><strong>.</strong></span> <span class='ocrx_word' id='word_1_194' title='bbox 1053 2118 1062 2127; x_wconf 86' lang='lat'><strong>.</strong></span> <span class='ocrx_word' id='word_1_195' title='bbox 1101 2096 1190 2126; x_wconf 85' lang='lat' dir='ltr'><strong>nos</strong></span> <span class='ocrx_word' id='word_1_196' title='bbox 1215 2078 1384 2127; x_wconf 89' lang='lat' dir='ltr'><strong>Dauid</strong></span> <span class='ocrx_word' id='word_1_197' title='bbox 1416 2114 1429 2126; x_wconf 87' lang='lat'><strong><em>.</em></strong></span> <span class='ocrx_word' id='word_1_198' title='bbox 1465 2114 1476 2125; x_wconf 89' lang='lat'><strong>.</strong></span> <span class='ocrx_word' id='word_1_199' title='bbox 1516 2114 1527 2125; x_wconf 91' lang='lat'><strong>.</strong></span> <span class='ocrx_word' id='word_1_200' title='bbox 1565 2077 1792 2126; x_wconf 87' lang='lat' dir='ltr'><strong>abbatem</strong></span> <span class='ocrx_word' id='word_1_201' title='bbox 1839 2114 1849 2124; x_wconf 93' lang='lat'><strong>.</strong></span> <span class='ocrx_word' id='word_1_202' title='bbox 1899 2115 1910 2124; x_wconf 92' lang='lat'>.</span> <span class='ocrx_word' id='word_1_203' title='bbox 1969 2113 1980 2124; x_wconf 94' lang='lat'>.</span> <span class='ocrx_word' id='word_1_204' title='bbox 2020 2076 2081 2124; x_wconf 93' lang='lat' dir='ltr'><strong>de</strong></span> <span class='ocrx_word' id='word_1_205' title='bbox 2105 2074 2440 2124; x_wconf 87' lang='lat' dir='ltr'><strong>Abirbrothoe</strong></span> <span class='ocrx_word' id='word_1_206' title='bbox 2489 2113 2498 2122; x_wconf 90' lang='lat'><em>.</em></span> <span class='ocrx_word' id='word_1_207' title='bbox 2549 2113 2559 2122; x_wconf 92' lang='lat'>.</span> <span class='ocrx_word' id='word_1_208' title='bbox 2611 2113 2620 2122; x_wconf 89' lang='lat'><strong>.</strong></span> 
     </span>
    </p>
   </div>
   <div class='ocr_carea' id='block_1_8' title="bbox 569 2165 2623 2875">
    <p class='ocr_par' dir='ltr' id='par_1_10' title="bbox 569 2165 2623 2875">
     <span class='ocr_line' id='line_1_17' title="bbox 570 2165 2621 2234; baseline -0.003 -13"><span class='ocrx_word' id='word_1_209' title='bbox 570 2171 791 2221; x_wconf 79' lang='lat' dir='ltr'><strong>affedaffe</strong></span> <span class='ocrx_word' id='word_1_210' title='bbox 832 2210 842 2220; x_wconf 90' lang='lat'>.</span> <span class='ocrx_word' id='word_1_211' title='bbox 886 2211 895 2220; x_wconf 90' lang='lat'><strong>.</strong></span> <span class='ocrx_word' id='word_1_212' title='bbox 933 2211 942 2220; x_wconf 90' lang='lat'>.</span> <span class='ocrx_word' id='word_1_213' title='bbox 979 2171 1179 2220; x_wconf 93' lang='lat' dir='ltr'><strong>domino</strong></span> <span class='ocrx_word' id='word_1_214' title='bbox 1204 2171 1423 2219; x_wconf 88' lang='lat' dir='ltr'><strong>Roberto</strong></span> <span class='ocrx_word' id='word_1_215' title='bbox 1448 2169 1684 2234; x_wconf 87' lang='lat' dir='ltr'><strong>Martyne</strong></span> <span class='ocrx_word' id='word_1_216' title='bbox 1710 2167 1896 2217; x_wconf 86' lang='lat' dir='ltr'><strong>vicario</strong></span> <span class='ocrx_word' id='word_1_217' title='bbox 1932 2168 1995 2217; x_wconf 92' lang='lat' dir='ltr'><strong>de</strong></span> <span class='ocrx_word' id='word_1_218' title='bbox 2033 2166 2254 2217; x_wconf 85' lang='lat' dir='ltr'><strong>Garwok</strong></span> <span class='ocrx_word' id='word_1_219' title='bbox 2283 2166 2461 2215; x_wconf 88' lang='lat' dir='ltr'><strong>eteius</strong></span> <span class='ocrx_word' id='word_1_220' title='bbox 2485 2165 2621 2229; x_wconf 83' lang='lat' dir='ltr'><strong>affig-</strong></span> 
     </span>
     <span class='ocr_line' id='line_1_18' title="bbox 570 2254 2621 2325; baseline -0.004 -12"><span class='ocrx_word' id='word_1_221' title='bbox 570 2265 735 2313; x_wconf 83' lang='lat' dir='ltr'><strong>natis.</strong></span> <span class='ocrx_word' id='word_1_222' title='bbox 790 2303 799 2313; x_wconf 92' lang='lat'><strong>.</strong></span> <span class='ocrx_word' id='word_1_223' title='bbox 836 2303 845 2312; x_wconf 92' lang='lat'><strong>.</strong></span> <span class='ocrx_word' id='word_1_224' title='bbox 882 2280 982 2312; x_wconf 93' lang='lat' dir='ltr'><strong>non</strong></span> <span class='ocrx_word' id='word_1_225' title='bbox 1024 2301 1033 2312; x_wconf 90' lang='lat'>.</span> <span class='ocrx_word' id='word_1_226' title='bbox 1085 2302 1094 2311; x_wconf 93' lang='lat'>.</span> <span class='ocrx_word' id='word_1_227' title='bbox 1134 2301 1144 2310; x_wconf 93' lang='lat'><em>.</em></span> <span class='ocrx_word' id='word_1_228' title='bbox 1183 2263 1383 2311; x_wconf 87' lang='lat' dir='ltr'><strong>maioris</strong></span> <span class='ocrx_word' id='word_1_229' title='bbox 1408 2262 1560 2311; x_wconf 85' lang='lat' dir='ltr'><strong>status</strong></span> <span class='ocrx_word' id='word_1_230' title='bbox 1577 2267 1661 2310; x_wconf 88' lang='lat' dir='ltr'><strong>aut</strong></span> <span class='ocrx_word' id='word_1_231' title='bbox 1678 2259 1935 2325; x_wconf 85' lang='lat' dir='ltr'><strong>potestatis</strong></span> <span class='ocrx_word' id='word_1_232' title='bbox 1957 2276 2103 2323; x_wconf 92' lang='lat' dir='ltr'><strong>quam</strong></span> <span class='ocrx_word' id='word_1_233' title='bbox 2128 2259 2230 2323; x_wconf 87' lang='lat' dir='ltr'><strong>ipse</strong></span> <span class='ocrx_word' id='word_1_234' title='bbox 2267 2297 2277 2307; x_wconf 91' lang='lat'><strong>.</strong></span> <span class='ocrx_word' id='word_1_235' title='bbox 2314 2297 2323 2306; x_wconf 91' lang='lat'><em>.</em></span> <span class='ocrx_word' id='word_1_236' title='bbox 2362 2296 2371 2306; x_wconf 91' lang='lat'>.</span> <span class='ocrx_word' id='word_1_237' title='bbox 2402 2254 2621 2306; x_wconf 60' lang='lat' dir='ltr'><strong>&#39;decimas</strong></span> 
     </span>
     <span class='ocr_line' id='line_1_19' title="bbox 569 2350 2623 2421; baseline -0.004 -16"><span class='ocrx_word' id='word_1_238' title='bbox 569 2357 792 2421; x_wconf 83' lang='lat' dir='ltr'><strong>garbales</strong></span> <span class='ocrx_word' id='word_1_239' title='bbox 828 2357 1026 2406; x_wconf 90' lang='lat' dir='ltr'><strong>ecclefie</strong></span> <span class='ocrx_word' id='word_1_240' title='bbox 1067 2396 1075 2404; x_wconf 91' lang='lat'>.</span> <span class='ocrx_word' id='word_1_241' title='bbox 1125 2394 1134 2404; x_wconf 90' lang='lat'>.</span> <span class='ocrx_word' id='word_1_242' title='bbox 1173 2396 1182 2405; x_wconf 92' lang='lat'>.</span> <span class='ocrx_word' id='word_1_243' title='bbox 1220 2356 1465 2404; x_wconf 66' lang='lat' dir='ltr'><strong>antedicte</strong></span> <span class='ocrx_word' id='word_1_244' title='bbox 1609 2392 1618 2401; x_wconf 92' lang='lat'>.</span> <span class='ocrx_word' id='word_1_245' title='bbox 1658 2369 1750 2417; x_wconf 85' lang='lat' dir='ltr'><strong>pro</strong></span> <span class='ocrx_word' id='word_1_246' title='bbox 1791 2351 2016 2400; x_wconf 87' lang='lat' dir='ltr'><strong>terminis</strong></span> <span class='ocrx_word' id='word_1_247' title='bbox 2057 2350 2342 2415; x_wconf 87' lang='lat' dir='ltr'><strong>quindecim</strong></span> <span class='ocrx_word' id='word_1_248' title='bbox 2379 2365 2623 2398; x_wconf 87' lang='lat' dir='ltr'><strong>annorum</strong></span> 
     </span>
     <span class='ocr_line' id='line_1_20' title="bbox 572 2441 2620 2508; baseline -0.002 -15"><span class='ocrx_word' id='word_1_249' title='bbox 572 2484 581 2493; x_wconf 93' lang='lat'>.</span> <span class='ocrx_word' id='word_1_250' title='bbox 629 2485 639 2495; x_wconf 89' lang='lat'><strong>.</strong></span> <span class='ocrx_word' id='word_1_251' title='bbox 679 2486 688 2496; x_wconf 90' lang='lat'><strong>.</strong></span> <span class='ocrx_word' id='word_1_252' title='bbox 722 2447 934 2496; x_wconf 87' lang='lat' dir='ltr'><strong>termino</strong></span> <span class='ocrx_word' id='word_1_253' title='bbox 959 2464 1077 2496; x_wconf 85' lang='lat' dir='ltr'><strong>vero</strong></span> <span class='ocrx_word' id='word_1_254' title='bbox 1101 2446 1332 2496; x_wconf 85' lang='lat' dir='ltr'><strong>introitus</strong></span> <span class='ocrx_word' id='word_1_255' title='bbox 1379 2485 1388 2494; x_wconf 93' lang='lat'>.</span> <span class='ocrx_word' id='word_1_256' title='bbox 1435 2484 1447 2495; x_wconf 89' lang='lat'><strong>.</strong></span> <span class='ocrx_word' id='word_1_257' title='bbox 1495 2484 1505 2494; x_wconf 88' lang='lat'><strong>.</strong></span> <span class='ocrx_word' id='word_1_258' title='bbox 1553 2443 1825 2508; x_wconf 87' lang='lat' dir='ltr'><strong>incipiente</strong></span> <span class='ocrx_word' id='word_1_259' title='bbox 1849 2443 1902 2492; x_wconf 89' lang='lat' dir='ltr'><strong>iu</strong></span> <span class='ocrx_word' id='word_1_260' title='bbox 1925 2443 2047 2492; x_wconf 84' lang='lat' dir='ltr'><strong>festo</strong></span> <span class='ocrx_word' id='word_1_261' title='bbox 2075 2441 2242 2492; x_wconf 60' lang='lat' dir='ltr'><strong>Sancti</strong></span> <span class='ocrx_word' id='word_1_262' title='bbox 2267 2441 2403 2490; x_wconf 90' lang='lat' dir='ltr'><strong>Petri</strong></span> <span class='ocrx_word' id='word_1_263' title='bbox 2429 2442 2493 2489; x_wconf 89' lang='lat' dir='ltr'><strong>ad</strong></span> <span class='ocrx_word' id='word_1_264' title='bbox 2517 2441 2620 2489; x_wconf 86' lang='lat' dir='ltr'><strong>vin-</strong></span> 
     </span>
     <span class='ocr_line' id='line_1_21' title="bbox 572 2533 2620 2602; baseline -0.003 -16"><span class='ocrx_word' id='word_1_265' title='bbox 572 2539 682 2586; x_wconf 88' lang='lat' dir='ltr'><strong>cula</strong></span> <span class='ocrx_word' id='word_1_266' title='bbox 717 2539 879 2587; x_wconf 86' lang='lat' dir='ltr'><strong>datam</strong></span> <span class='ocrx_word' id='word_1_267' title='bbox 916 2539 1221 2602; x_wconf 88' lang='lat' dir='ltr'><strong>presencium</strong></span> <span class='ocrx_word' id='word_1_268' title='bbox 1246 2538 1529 2587; x_wconf 89' lang='lat' dir='ltr'><strong>immediate</strong></span> <span class='ocrx_word' id='word_1_269' title='bbox 1565 2537 1798 2600; x_wconf 82' lang='lat' dir='ltr'><strong>sequente</strong></span> <span class='ocrx_word' id='word_1_270' title='bbox 1838 2563 1849 2573; x_wconf 90' lang='lat'><strong>·</strong></span> <span class='ocrx_word' id='word_1_271' title='bbox 1892 2533 2142 2584; x_wconf 89' lang='lat' dir='ltr'><strong>Soluendo</strong></span> <span class='ocrx_word' id='word_1_272' title='bbox 2190 2572 2200 2582; x_wconf 93' lang='lat'>.</span> <span class='ocrx_word' id='word_1_273' title='bbox 2248 2572 2257 2582; x_wconf 90' lang='lat'><strong>.</strong></span> <span class='ocrx_word' id='word_1_274' title='bbox 2307 2572 2315 2580; x_wconf 93' lang='lat'>.</span> <span class='ocrx_word' id='word_1_275' title='bbox 2363 2533 2620 2581; x_wconf 86' lang='lat' dir='ltr'><strong>cellerario</strong></span> 
     </span>
     <span class='ocr_line' id='line_1_22' title="bbox 571 2623 2619 2694; baseline -0.003 -18"><span class='ocrx_word' id='word_1_276' title='bbox 571 2629 736 2676; x_wconf 86' lang='lat' dir='ltr'><strong>nostro</strong></span> <span class='ocrx_word' id='word_1_277' title='bbox 772 2667 782 2677; x_wconf 90' lang='lat'><strong>.</strong></span> <span class='ocrx_word' id='word_1_278' title='bbox 820 2667 829 2676; x_wconf 89' lang='lat'><strong>.</strong></span> <span class='ocrx_word' id='word_1_279' title='bbox 878 2666 888 2676; x_wconf 90' lang='lat'><strong>.</strong></span> <span class='ocrx_word' id='word_1_280' title='bbox 931 2629 1259 2694; x_wconf 86' lang='lat' dir='ltr'><strong>quadraginta</strong></span> <span class='ocrx_word' id='word_1_281' title='bbox 1297 2629 1376 2677; x_wconf 83' lang='lat' dir='ltr'><strong>sex</strong></span> <span class='ocrx_word' id='word_1_282' title='bbox 1419 2629 1571 2678; x_wconf 85' lang='lat' dir='ltr'><strong>libras</strong></span> <span class='ocrx_word' id='word_1_283' title='bbox 1610 2667 1620 2676; x_wconf 90' lang='lat'><strong>.</strong></span> <span class='ocrx_word' id='word_1_284' title='bbox 1664 2667 1673 2677; x_wconf 95' lang='lat'><strong>.</strong></span> <span class='ocrx_word' id='word_1_285' title='bbox 1708 2665 1718 2676; x_wconf 89' lang='lat'><strong>.</strong></span> <span class='ocrx_word' id='word_1_286' title='bbox 1750 2633 1946 2675; x_wconf 90' lang='lat' dir='ltr'><strong>monete</strong></span> <span class='ocrx_word' id='word_1_287' title='bbox 1996 2662 2007 2672; x_wconf 92' lang='lat'><strong>.</strong></span> <span class='ocrx_word' id='word_1_288' title='bbox 2051 2663 2060 2673; x_wconf 92' lang='lat'>.</span> <span class='ocrx_word' id='word_1_289' title='bbox 2110 2663 2119 2672; x_wconf 90' lang='lat'>.</span> <span class='ocrx_word' id='word_1_290' title='bbox 2179 2623 2352 2674; x_wconf 87' lang='lat' dir='ltr'><strong>Scocie</strong></span> <span class='ocrx_word' id='word_1_291' title='bbox 2395 2623 2460 2672; x_wconf 86' lang='lat' dir='ltr'><strong>ad</strong></span> <span class='ocrx_word' id='word_1_292' title='bbox 2497 2663 2505 2671; x_wconf 88' lang='lat'><strong>.</strong></span> <span class='ocrx_word' id='word_1_293' title='bbox 2550 2660 2560 2671; x_wconf 92' lang='lat'><strong>.</strong></span> <span class='ocrx_word' id='word_1_294' title='bbox 2607 2660 2619 2685; x_wconf 12' lang='grc' dir='ltr'><strong>,ι</strong></span> 
     </span>
     <span class='ocr_line' id='line_1_23' title="bbox 571 2713 2620 2769; baseline -0.003 -1"><span class='ocrx_word' id='word_1_295' title='bbox 571 2721 693 2768; x_wconf 82' lang='lat' dir='ltr'><strong>festa</strong></span> <span class='ocrx_word' id='word_1_296' title='bbox 732 2757 743 2767; x_wconf 90' lang='lat'><strong>.</strong></span> <span class='ocrx_word' id='word_1_297' title='bbox 789 2755 800 2766; x_wconf 91' lang='lat'><strong>.</strong></span> <span class='ocrx_word' id='word_1_298' title='bbox 838 2758 847 2767; x_wconf 89' lang='lat'><strong>.</strong></span> <span class='ocrx_word' id='word_1_299' title='bbox 888 2719 1072 2768; x_wconf 87' lang='lat' dir='ltr'><strong>Pasche</strong></span> <span class='ocrx_word' id='word_1_300' title='bbox 1098 2728 1146 2768; x_wconf 92' lang='lat' dir='ltr'><strong>et</strong></span> <span class='ocrx_word' id='word_1_301' title='bbox 1173 2719 1337 2769; x_wconf 56' lang='lat' dir='ltr'><strong>Sancti</strong></span> <span class='ocrx_word' id='word_1_302' title='bbox 1350 2720 1486 2769; x_wconf 87' lang='lat' dir='ltr'><strong>Petri</strong></span> <span class='ocrx_word' id='word_1_303' title='bbox 1509 2718 1742 2769; x_wconf 62' lang='lat' dir='ltr'><strong>antedifi’ci</strong></span> <span class='ocrx_word' id='word_1_304' title='bbox 1765 2718 1899 2766; x_wconf 85' lang='lat' dir='ltr'><strong>infra</strong></span> <span class='ocrx_word' id='word_1_305' title='bbox 1914 2715 2264 2765; x_wconf 86' lang='lat' dir='ltr'><strong>monasterium</strong></span> <span class='ocrx_word' id='word_1_306' title='bbox 2301 2755 2311 2765; x_wconf 92' lang='lat'><strong>.</strong></span> <span class='ocrx_word' id='word_1_307' title='bbox 2339 2752 2350 2763; x_wconf 90' lang='lat'><strong>.</strong></span> <span class='ocrx_word' id='word_1_308' title='bbox 2377 2754 2386 2763; x_wconf 91' lang='lat'><strong>.</strong></span> <span class='ocrx_word' id='word_1_309' title='bbox 2426 2714 2492 2763; x_wconf 89' lang='lat' dir='ltr'><strong>Et</strong></span> <span class='ocrx_word' id='word_1_310' title='bbox 2514 2713 2548 2762; x_wconf 85' lang='lat' dir='ltr'><strong>fi</strong></span> <span class='ocrx_word' id='word_1_311' title='bbox 2566 2715 2620 2763; x_wconf 92' lang='lat' dir='ltr'><strong>in</strong></span> 
     </span>
     <span class='ocr_line' id='line_1_24' title="bbox 573 2807 2620 2875; baseline -0.002 -16"><span class='ocrx_word' id='word_1_312' title='bbox 573 2811 817 2859; x_wconf 82' lang='lat' dir='ltr'><strong>solucione</strong></span> <span class='ocrx_word' id='word_1_313' title='bbox 861 2846 872 2858; x_wconf 91' lang='lat'><strong>.</strong></span> <span class='ocrx_word' id='word_1_314' title='bbox 918 2847 929 2858; x_wconf 88' lang='lat'><strong>.</strong></span> <span class='ocrx_word' id='word_1_315' title='bbox 975 2847 986 2858; x_wconf 90' lang='lat'><strong>.</strong></span> <span class='ocrx_word' id='word_1_316' title='bbox 1030 2811 1093 2858; x_wconf 88' lang='lat' dir='ltr'><strong>ad</strong></span> <span class='ocrx_word' id='word_1_317' title='bbox 1130 2811 1366 2860; x_wconf 86' lang='lat' dir='ltr'><strong>terminos</strong></span> <span class='ocrx_word' id='word_1_318' title='bbox 1407 2848 1418 2859; x_wconf 93' lang='lat'><strong>.</strong></span> <span class='ocrx_word' id='word_1_319' title='bbox 1459 2848 1471 2859; x_wconf 87' lang='lat'><strong>.</strong></span> <span class='ocrx_word' id='word_1_320' title='bbox 1516 2849 1527 2859; x_wconf 91' lang='lat'><em>.</em></span> <span class='ocrx_word' id='word_1_321' title='bbox 1567 2811 1646 2860; x_wconf 88' lang='lat' dir='ltr'><strong>vel</strong></span> <span class='ocrx_word' id='word_1_322' title='bbox 1687 2811 1821 2859; x_wconf 86' lang='lat' dir='ltr'><strong>infra</strong></span> <span class='ocrx_word' id='word_1_323' title='bbox 1856 2810 2028 2859; x_wconf 90' lang='lat' dir='ltr'><strong>decem</strong></span> <span class='ocrx_word' id='word_1_324' title='bbox 2070 2808 2176 2857; x_wconf 88' lang='lat' dir='ltr'><strong>dies</strong></span> <span class='ocrx_word' id='word_1_325' title='bbox 2227 2845 2238 2855; x_wconf 88' lang='lat'><strong>.</strong></span> <span class='ocrx_word' id='word_1_326' title='bbox 2290 2845 2300 2855; x_wconf 92' lang='lat'><strong>.</strong></span> <span class='ocrx_word' id='word_1_327' title='bbox 2345 2844 2356 2855; x_wconf 89' lang='lat'><strong>.</strong></span> <span class='ocrx_word' id='word_1_328' title='bbox 2399 2815 2448 2856; x_wconf 88' lang='lat' dir='ltr'><strong>et</strong></span> <span class='ocrx_word' id='word_1_329' title='bbox 2488 2807 2620 2875; x_wconf 84' lang='lat' dir='ltr'><strong>infra</strong></span> 
     </span>
    </p>
   </div>
   <div class='ocr_carea' id='block_1_9' title="bbox 571 2899 2618 3149">
    <p class='ocr_par' dir='ltr' id='par_1_11' title="bbox 571 2899 2618 3149">
     <span class='ocr_line' id='line_1_25' title="bbox 571 2899 2617 2952; baseline -0.002 -1"><span class='ocrx_word' id='word_1_330' title='bbox 571 2903 733 2951; x_wconf 89' lang='lat' dir='ltr'><strong>locum</strong></span> <span class='ocrx_word' id='word_1_331' title='bbox 759 2939 770 2949; x_wconf 94' lang='lat'>.</span> <span class='ocrx_word' id='word_1_332' title='bbox 809 2938 820 2949; x_wconf 96' lang='lat'>.</span> <span class='ocrx_word' id='word_1_333' title='bbox 860 2939 871 2949; x_wconf 93' lang='lat'><strong>.</strong></span> <span class='ocrx_word' id='word_1_334' title='bbox 912 2901 1328 2950; x_wconf 87' lang='lat' dir='ltr'><strong>defeceritlicebit</strong></span> <span class='ocrx_word' id='word_1_335' title='bbox 1342 2902 1486 2950; x_wconf 85' lang='lat' dir='ltr'><strong>nobis</strong></span> <span class='ocrx_word' id='word_1_336' title='bbox 1518 2938 1529 2950; x_wconf 86' lang='lat'><strong>.</strong></span> <span class='ocrx_word' id='word_1_337' title='bbox 1568 2941 1581 2951; x_wconf 90' lang='lat'><em>.</em></span> <span class='ocrx_word' id='word_1_338' title='bbox 1620 2940 1631 2951; x_wconf 90' lang='lat'><strong>.</strong></span> <span class='ocrx_word' id='word_1_339' title='bbox 1669 2904 1731 2952; x_wconf 91' lang='lat' dir='ltr'><strong>de</strong></span> <span class='ocrx_word' id='word_1_340' title='bbox 1746 2902 1928 2951; x_wconf 89' lang='lat' dir='ltr'><strong>eisdem</strong></span> <span class='ocrx_word' id='word_1_341' title='bbox 1947 2901 2151 2950; x_wconf 87' lang='lat' dir='ltr'><strong>decimis</strong></span> <span class='ocrx_word' id='word_1_342' title='bbox 2189 2937 2200 2948; x_wconf 92' lang='lat'><strong>.</strong></span> <span class='ocrx_word' id='word_1_343' title='bbox 2240 2937 2251 2947; x_wconf 92' lang='lat'>.</span> <span class='ocrx_word' id='word_1_344' title='bbox 2291 2936 2304 2947; x_wconf 90' lang='lat'><em>.</em></span> <span class='ocrx_word' id='word_1_345' title='bbox 2338 2899 2617 2948; x_wconf 82' lang='lat' dir='ltr'><strong>adlibitum</strong></span> 
     </span>
     <span class='ocr_line' id='line_1_26' title="bbox 573 2990 2618 3059; baseline -0.001 -15"><span class='ocrx_word' id='word_1_346' title='bbox 573 3037 583 3045; x_wconf 90' lang='lat'><strong>.</strong></span> <span class='ocrx_word' id='word_1_347' title='bbox 621 3035 630 3044; x_wconf 88' lang='lat'><strong>.</strong></span> <span class='ocrx_word' id='word_1_348' title='bbox 668 3033 679 3043; x_wconf 83' lang='lat'><em>.</em></span> <span class='ocrx_word' id='word_1_349' title='bbox 715 2995 971 3057; x_wconf 86' lang='lat' dir='ltr'><strong>disponere</strong></span> <span class='ocrx_word' id='word_1_350' title='bbox 1008 3030 1019 3040; x_wconf 92' lang='lat'><strong><em>.</em></strong></span> <span class='ocrx_word' id='word_1_351' title='bbox 1056 3027 1067 3040; x_wconf 91' lang='lat'><strong>.</strong></span> <span class='ocrx_word' id='word_1_352' title='bbox 1107 3031 1117 3041; x_wconf 90' lang='lat'><strong>.</strong></span> <span class='ocrx_word' id='word_1_353' title='bbox 1153 2992 1304 3056; x_wconf 85' lang='lat' dir='ltr'><strong>Apud</strong></span> <span class='ocrx_word' id='word_1_354' title='bbox 1348 2993 1696 3043; x_wconf 86' lang='lat' dir='ltr'><strong>monasterium</strong></span> <span class='ocrx_word' id='word_1_355' title='bbox 1731 3031 1742 3043; x_wconf 92' lang='lat'><strong>.</strong></span> <span class='ocrx_word' id='word_1_356' title='bbox 1779 3032 1790 3043; x_wconf 94' lang='lat'><strong>.</strong></span> <span class='ocrx_word' id='word_1_357' title='bbox 1829 3034 1837 3043; x_wconf 94' lang='lat'>.</span> <span class='ocrx_word' id='word_1_358' title='bbox 1876 2991 2080 3059; x_wconf 83' lang='lat' dir='ltr'><strong>septimo</strong></span> <span class='ocrx_word' id='word_1_359' title='bbox 2128 2992 2208 3042; x_wconf 91' lang='lat' dir='ltr'><strong>die</strong></span> <span class='ocrx_word' id='word_1_360' title='bbox 2255 2990 2432 3041; x_wconf 79' lang='lat' dir='ltr'><strong>menfis</strong></span> <span class='ocrx_word' id='word_1_361' title='bbox 2476 2991 2512 3038; x_wconf 87' lang='lat' dir='ltr'>J</span> <span class='ocrx_word' id='word_1_362' title='bbox 2516 2990 2618 3042; x_wconf 83' lang='lat' dir='ltr'><strong>unii</strong></span> 
     </span>
     <span class='ocr_line' id='line_1_27' title="bbox 574 3083 1767 3149; baseline -0.004 -11"><span class='ocrx_word' id='word_1_363' title='bbox 574 3105 703 3138; x_wconf 87' lang='lat' dir='ltr'><strong>anno</strong></span> <span class='ocrx_word' id='word_1_364' title='bbox 729 3085 933 3136; x_wconf 91' lang='lat' dir='ltr'><strong>Domini</strong></span> <span class='ocrx_word' id='word_1_365' title='bbox 958 3090 1024 3133; x_wconf 83' lang='lat' dir='ltr'><strong>m⁰</strong></span> <span class='ocrx_word' id='word_1_366' title='bbox 1049 3090 1182 3133; x_wconf 82' lang='lat' dir='ltr'><strong>cccc·</strong></span> <span class='ocrx_word' id='word_1_367' title='bbox 1206 3083 1519 3148; x_wconf 81' lang='lat' dir='ltr'><strong>nonagesimo</strong></span> <span class='ocrx_word' id='word_1_368' title='bbox 1548 3085 1767 3149; x_wconf 89' lang='lat' dir='ltr'><strong>septimo.</strong></span> 
     </span>
    </p>
   </div>
  </div>
 </body>
</html>
