2586 3834
669 352 1098 403 REGISTRUM
1131 352 1229 402 DE
1265 350 1814 401 ABERBROTHOC.
2165 361 2262 403 423

75 583 171 627 543
226 558 558 630 Allexander
585 576 725 627 Crail
748 576 973 641 supprior
999 583 1047 623 et
1072 582 1346 623 conuentus
1372 575 1676 623 constituunt
1711 575 1962 623 dominum
1987 575 2020 623 J
2024 575 2266 623 ohannem

225 669 487 718 Dumbrek
529 698 539 707 ·
583 669 837 717 dominum
873 668 1132 716 Andream
1174 665 1291 715 Scot
1334 694 1344 703 ·
1388 665 1640 713 dominum
1678 665 2038 714 Allexandrum
2075 665 2215 713 Dure
2258 694 2265 702 ·

224 761 492 810 monachos
540 791 550 800 -
599 773 648 809 et
694 760 980 825 magistrum
1026 759 1281 806 Andream
1329 755 1581 822 Byrkmyr
1639 758 1881 807 decanum
1934 757 2267 807 cristianitatis

229 852 446 918 Angufie
474 883 484 892 ·
509 853 617 900 suos
641 860 990 916 procuratores
1015 851 1079 899 ad
1102 849 1430 900 intimandum
1455 848 1488 895 J
1493 849 1677 897 ohanni
1701 850 1926 913 episcopo
1951 849 2268 898 Brechinenfi

228 944 611 1009 appellationem
651 944 712 992 de
751 960 882 991 nouo
924 960 1014 1007 per
1055 943 1183 1007 ipsos
1226 942 1498 1006 impofitam
1545 943 1609 990 ad
1656 960 1835 1007 papam
1876 952 2048 992 contra
2088 944 2269 992 dietum

230 1036 509 1100 episcopum
547 1036 608 1083 ob
645 1035 940 1100 grauamina
973 1033 1087 1098 ipsis
1110 1034 1250 1082 illata
1285 1034 1537 1083 occasione
1572 1036 1848 1084 litterarum
1885 1037 2269 1084 monitorialium

234 1135 283 1176 et
301 1127 741 1191 sequestrationum
766 1127 909 1190 super
933 1126 1170 1174 fruffibus
1195 1125 1510 1174 ecclesiarum
1535 1127 1596 1174 de
1621 1126 1880 1192 Panbryd·
1900 1128 2241 1192 Kyncoldrum
2263 1154 2271 1162 -

235 1218 452 1267 Moneke
491 1248 500 1257 -
537 1226 586 1266 et
621 1216 926 1265 Dunneehin
963 1245 973 1255 ·
1011 1218 1075 1265 ad
1104 1218 1372 1281 petendum
1409 1218 1649 1281 apostolos
1686 1246 1694 1255 ·
1731 1228 1779 1269 et
1804 1221 1968 1269 omnia
1992 1220 2089 1268 alia
2110 1222 2269 1268 neces-

234 1310 361 1358 saria
394 1310 446 1356 in
482 1308 720 1373 premiffis
756 1308 1039 1356 faciendum
1082 1337 1091 1347 ·
1135 1309 1268 1356 Aeta
1301 1309 1353 1357 in
1388 1308 1498 1357 loco
1531 1310 1789 1373 capitulari
1825 1311 2024 1360 testibus
2055 1311 2271 1359 Niniano

235 1401 361 1466 Lyel
395 1428 405 1438 ·
444 1401 674 1450 Galfrido
700 1399 917 1448 Ferrour
952 1427 962 1437 ·
1000 1400 1218 1449 Uilelmo
1247 1398 1439 1449 Schedo
1475 1427 1484 1437 ·
1521 1409 1570 1448 et
1606 1400 1775 1449 Dauid
1813 1401 2013 1466 Coupar
2044 1431 2052 1440 ·
2085 1407 2143 1450 21
2174 1402 2273 1450 De-

236 1493 446 1540 cembris
474 1491 616 1544 1517.

89 1769 184 1812 544
237 1744 641 1831 Transumptum
702 1767 876 1815 cedule
936 1766 1318 1830 appellationem
1370 1768 1639 1831 predictam
1692 1769 1990 1817 continentis
2042 1769 2093 1815 in
2148 1769 2278 1815 hunc

240 1859 463 1907 effectum
509 1887 518 1896 ·
561 1858 669 1906 Nos
704 1858 930 1923 supprior
966 1865 1015 1906 et
1053 1866 1326 1906 conuentus
1363 1859 1598 1907 antedieffi
1634 1859 1895 1908 sentientes
1929 1877 2018 1907 nos
2047 1859 2169 1907 lesos
2193 1877 2279 1921 per

242 1968 328 1999 uos
352 1950 387 1999 J
390 1951 636 1999 ohannem
673 1951 952 2015 episcopum
990 1950 1371 1998 Brechinensem
1411 1977 1420 1986 ·
1460 1951 1619 2014 primo
1645 1951 1760 2014 quia
1783 1951 1900 1999 licet
1923 1967 2012 2014 per
2036 1951 2279 2014 quondam

242 2043 532 2092 Uillelmum
548 2043 840 2091 Lambirton
857 2043 1135 2107 episcopum
1157 2042 1506 2091 San&iandree
1526 2043 1868 2091 arbitratorem
1888 2043 2017 2090 inter
2037 2042 2280 2106 quondam

242 2135 277 2183 J
281 2135 525 2184 ohannem
551 2136 612 2183 de
637 2135 1010 2199 Kynnenmond
1035 2135 1159 2183 sedis
1179 2133 1523 2183 Brechinenfis
1548 2136 1828 2199 episcopum
1853 2136 1914 2182 ab
1939 2152 2037 2182 una
2061 2144 2110 2182 et
2131 2151 2280 2196 quon-

244 2227 355 2274 dam
397 2226 431 2275 J
436 2226 681 2274 ohannem
716 2225 869 2273 nostri
905 2226 1189 2274 monasterii
1223 2227 1449 2274 abbatem
1487 2227 1548 2274 ab
1584 2226 1740 2274 altera
1772 2242 1925 2288 penes
1960 2224 2185 2273 ecclefias
2221 2226 2281 2271 de

245 2318 481 2383 Panbryd
514 2346 523 2355 ·
559 2317 905 2382 Kyncoldrum
940 2346 950 2356 ·
982 2317 1268 2382 Dunechyn
1305 2346 1314 2355 ·
1350 2317 1567 2365 Moneke
1604 2345 1614 2355 ·
1652 2332 1709 2363 ac
1738 2316 1942 2364 aliarum
1969 2315 2279 2364 ecclesiarum

246 2410 499 2457 decretum
540 2408 700 2457 fuisset
742 2410 875 2472 quod
913 2409 1062 2457 abbas
1101 2417 1150 2458 et
1189 2417 1461 2457 conuentus
1496 2408 1735 2455 haberent
1770 2407 2000 2454 re&orias
2041 2406 2280 2454 dictarum

249 2510 460 2565 quatuor
486 2501 800 2550 ecclefiarum
825 2501 1005 2564 absque
1031 2501 1165 2548 omni
1189 2517 1338 2548 onere
1365 2499 1616 2547 ordinario
1639 2526 1649 2536 ·
1676 2499 2007 2561 quodquidem
2031 2498 2282 2545 decretum

249 2609 338 2655 per
362 2592 524 2640 sedem
549 2590 864 2655 apostolicam
891 2592 1057 2640 extitit
1081 2591 1422 2639 confirmatum
1451 2607 1581 2638 anno
1617 2590 1774 2654 gratie
1810 2589 2060 2637 millefimo
2095 2597 2283 2637 trecen-

251 2683 418 2731 tefimo
443 2693 621 2747 quarto
643 2682 819 2731 menfis
847 2683 1075 2732 Obtobris
1110 2685 1190 2732 die
1227 2681 1454 2731 uicefimo
1489 2681 1702 2729 secundo
1738 2708 1748 2717 ·
1788 2688 1892 2728 tum
1926 2681 2137 2728 secundo
2173 2681 2285 2743 quia

253 2792 547 2838 quamquam
572 2792 662 2822 nos
687 2775 1014 2824 decimatores
1038 2775 1190 2822 nostri
1217 2774 1378 2822 coloni
1414 2782 1463 2822 et
1498 2773 1744 2821 debitores
1769 2772 2019 2821 occafione
2044 2773 2283 2820 fru&uum

254 2867 522 2914 earundem
549 2865 863 2914 ecclesiarum
889 2866 949 2914 ab
975 2866 1108 2913 omni
1143 2865 1499 2929 inquietatione
1534 2880 1622 2927 per
1658 2863 1869 2911 uestram
1904 2863 2283 2911 dominationem

255 2957 335 3004 seu
360 2957 509 3005 alium
535 2956 805 3021 apostolica
839 2956 1128 3004 auctoritate
1165 2955 1378 3018 exempti
1414 2955 1592 3001 fuimus
1627 2953 1974 3001 nichilominus
2009 2970 2095 3001 uos
2130 2963 2285 3001 certas

255 3047 444 3096 litteras
469 3047 805 3095 monitoriales
832 3046 1268 3109 sequestrationum
1292 3046 1432 3108 super
1457 3045 1694 3092 fructibus
1715 3045 1952 3091 dictarum
1977 3044 2284 3091 ecclefiarum

257 3138 541 3186 decreuistis
566 3139 724 3185 donec
749 3137 889 3185 uobis
915 3136 1200 3184 satiffa&um
1230 3135 1379 3184 fuerit
1404 3136 1465 3183 de
1488 3135 1696 3182 subfidio
1722 3134 1980 3182 caritatiuo
2015 3133 2284 3180 huiufinodi
