<?xml version="1.0" encoding="UTF-8"?>
<!DOCTYPE html PUBLIC "-//W3C//DTD XHTML 1.0 Transitional//EN"
    "http://www.w3.org/TR/xhtml1/DTD/xhtml1-transitional.dtd">
<html xmlns="http://www.w3.org/1999/xhtml" xml:lang="en" lang="en">
 <head>
  <title>
</title>
<meta http-equiv="Content-Type" content="text/html;charset=utf-8" />
  <meta name='ocr-system' content='tesseract 3.04.00' />
  <meta name='ocr-capabilities' content='ocr_page ocr_carea ocr_par ocr_line ocrx_word'/>
</head>
<body>
  <div class='ocr_page' id='page_1' title='image "./libersthomedea8602arbruoft_0360.png"; bbox 0 0 2762 3834; ppageno 0'>
   <div class='ocr_carea' id='block_1_1' title="bbox 458 1973 554 2015">
    <p class='ocr_par' dir='ltr' id='par_1_1' title="bbox 458 1973 554 2015">
     <span class='ocr_line' id='line_1_1' title="bbox 458 1973 554 2015; baseline 0.01 -2"><span class='ocrx_word' id='word_1_1' title='bbox 458 1973 554 2015; x_wconf 77' lang='lat'>320</span> 
     </span>
    </p>
   </div>
   <div class='ocr_carea' id='block_1_2' title="bbox 470 3076 559 3121">
    <p class='ocr_par' dir='ltr' id='par_1_2' title="bbox 470 3076 559 3121">
     <span class='ocr_line' id='line_1_2' title="bbox 470 3076 559 3121; baseline 0.022 -2"><span class='ocrx_word' id='word_1_2' title='bbox 470 3076 559 3121; x_wconf 81' lang='lat'>321</span> 
     </span>
    </p>
   </div>
   <div class='ocr_carea' id='block_1_3' title="bbox 600 377 2189 439">
    <p class='ocr_par' dir='ltr' id='par_1_3' title="bbox 600 377 2189 439">
     <span class='ocr_line' id='line_1_3' title="bbox 600 377 2189 439; baseline -0.008 0"><span class='ocrx_word' id='word_1_3' title='bbox 600 390 698 439; x_wconf 83' lang='lat'>260</span> <span class='ocrx_word' id='word_1_4' title='bbox 1047 383 1469 438; x_wconf 84' lang='lat' dir='ltr'>REGISTRUM</span> <span class='ocrx_word' id='word_1_5' title='bbox 1502 381 1600 431; x_wconf 90' lang='lat' dir='ltr'>DE</span> <span class='ocrx_word' id='word_1_6' title='bbox 1635 377 2189 429; x_wconf 87' lang='lat' dir='ltr'>ABERBROTHOC.</span> 
     </span>
    </p>
   </div>
   <div class='ocr_carea' id='block_1_4' title="bbox 602 509 2646 1584">
    <p class='ocr_par' dir='ltr' id='par_1_4' title="bbox 602 509 2636 671">
     <span class='ocr_line' id='line_1_4' title="bbox 602 509 2634 587; baseline -0.007 -16"><span class='ocrx_word' id='word_1_7' title='bbox 602 532 820 587; x_wconf 88' lang='lat' dir='ltr'>tempore</span> <span class='ocrx_word' id='word_1_8' title='bbox 846 521 945 570; x_wconf 88' lang='lat' dir='ltr'>vite</span> <span class='ocrx_word' id='word_1_9' title='bbox 969 519 1175 569; x_wconf 84' lang='lat' dir='ltr'>alicuius</span> <span class='ocrx_word' id='word_1_10' title='bbox 1210 557 1220 566; x_wconf 93' lang='lat'>.</span> <span class='ocrx_word' id='word_1_11' title='bbox 1255 555 1264 565; x_wconf 91' lang='lat'><em>.</em></span> <span class='ocrx_word' id='word_1_12' title='bbox 1298 554 1308 565; x_wconf 90' lang='lat'><strong><em>.</em></strong></span> <span class='ocrx_word' id='word_1_13' title='bbox 1345 514 1556 564; x_wconf 89' lang='lat' dir='ltr'>termino</span> <span class='ocrx_word' id='word_1_14' title='bbox 1588 529 1707 561; x_wconf 92' lang='lat' dir='ltr'>uero</span> <span class='ocrx_word' id='word_1_15' title='bbox 1743 511 1975 560; x_wconf 84' lang='lat' dir='ltr'><strong>introitus</strong></span> <span class='ocrx_word' id='word_1_16' title='bbox 2012 550 2021 559; x_wconf 91' lang='lat'><strong><em>.</em></strong></span> <span class='ocrx_word' id='word_1_17' title='bbox 2055 550 2064 559; x_wconf 92' lang='lat'>.</span> <span class='ocrx_word' id='word_1_18' title='bbox 2098 550 2107 559; x_wconf 92' lang='lat'><strong><em>.</em></strong></span> <span class='ocrx_word' id='word_1_19' title='bbox 2143 510 2412 575; x_wconf 83' lang='lat' dir='ltr'>incipiente</span> <span class='ocrx_word' id='word_1_20' title='bbox 2435 509 2488 557; x_wconf 91' lang='lat' dir='ltr'>in</span> <span class='ocrx_word' id='word_1_21' title='bbox 2513 509 2634 557; x_wconf 83' lang='lat' dir='ltr'>festo</span> 
     </span>
     <span class='ocr_line' id='line_1_5' title="bbox 606 598 2636 671; baseline -0.008 -8"><span class='ocrx_word' id='word_1_22' title='bbox 606 613 768 663; x_wconf 62' lang='lat' dir='ltr'>San&amp;</span> <span class='ocrx_word' id='word_1_23' title='bbox 805 611 1010 661; x_wconf 87' lang='lat' dir='ltr'>Martini</span> <span class='ocrx_word' id='word_1_24' title='bbox 1047 610 1210 657; x_wconf 89' lang='lat' dir='ltr'>datam</span> <span class='ocrx_word' id='word_1_25' title='bbox 1246 605 1550 671; x_wconf 92' lang='lat' dir='ltr'>presencium</span> <span class='ocrx_word' id='word_1_26' title='bbox 1585 601 1868 651; x_wconf 85' lang='lat' dir='ltr'><strong>immediate</strong></span> <span class='ocrx_word' id='word_1_27' title='bbox 1903 602 2200 666; x_wconf 83' lang='lat' dir='ltr'>precedente</span> <span class='ocrx_word' id='word_1_28' title='bbox 2239 638 2249 649; x_wconf 94' lang='lat'><strong>.</strong></span> <span class='ocrx_word' id='word_1_29' title='bbox 2289 637 2300 648; x_wconf 91' lang='lat'><strong>.</strong></span> <span class='ocrx_word' id='word_1_30' title='bbox 2337 637 2348 648; x_wconf 93' lang='lat'><strong>.</strong></span> <span class='ocrx_word' id='word_1_31' title='bbox 2387 598 2636 649; x_wconf 91' lang='lat' dir='ltr'>Soluendo</span> 
     </span>
    </p>

    <p class='ocr_par' dir='ltr' id='par_1_5' title="bbox 602 690 2644 1399">
     <span class='ocr_line' id='line_1_6' title="bbox 720 690 2639 767; baseline -0.006 -16"><span class='ocrx_word' id='word_1_32' title='bbox 720 738 733 751; x_wconf 86' lang='lat'><strong>.</strong></span> <span class='ocrx_word' id='word_1_33' title='bbox 782 710 993 767; x_wconf 90' lang='lat' dir='ltr'>quatuor</span> <span class='ocrx_word' id='word_1_34' title='bbox 1016 700 1166 748; x_wconf 85' lang='lat' dir='ltr'>libras</span> <span class='ocrx_word' id='word_1_35' title='bbox 1190 700 1297 746; x_wconf 74' lang='grc' dir='ltr'>οᾶο</span> <span class='ocrx_word' id='word_1_36' title='bbox 1331 695 1506 743; x_wconf 83' lang='lat' dir='ltr'>solidos</span> <span class='ocrx_word' id='word_1_37' title='bbox 1531 702 1580 742; x_wconf 90' lang='lat' dir='ltr'>et</span> <span class='ocrx_word' id='word_1_38' title='bbox 1605 692 1833 742; x_wconf 90' lang='lat' dir='ltr'>vndecim</span> <span class='ocrx_word' id='word_1_39' title='bbox 1869 692 2100 741; x_wconf 81' lang='lat' dir='ltr'>denarios</span> <span class='ocrx_word' id='word_1_40' title='bbox 2134 699 2330 740; x_wconf 89' lang='lat' dir='ltr'>monete</span> <span class='ocrx_word' id='word_1_41' title='bbox 2368 690 2539 740; x_wconf 89' lang='lat' dir='ltr'>Scocie</span> <span class='ocrx_word' id='word_1_42' title='bbox 2575 691 2639 739; x_wconf 91' lang='lat' dir='ltr'>ad</span> 
     </span>
     <span class='ocr_line' id='line_1_7' title="bbox 603 783 2638 848; baseline -0.006 -6"><span class='ocrx_word' id='word_1_43' title='bbox 603 796 723 842; x_wconf 83' lang='lat' dir='ltr'>duos</span> <span class='ocrx_word' id='word_1_44' title='bbox 747 792 862 841; x_wconf 89' lang='lat' dir='ltr'>anni</span> <span class='ocrx_word' id='word_1_45' title='bbox 888 790 1122 841; x_wconf 85' lang='lat' dir='ltr'>terminos</span> <span class='ocrx_word' id='word_1_46' title='bbox 1147 787 1333 837; x_wconf 87' lang='lat' dir='ltr'>vsuales</span> <span class='ocrx_word' id='word_1_47' title='bbox 1370 824 1382 835; x_wconf 89' lang='lat'><strong>.</strong></span> <span class='ocrx_word' id='word_1_48' title='bbox 1421 823 1432 834; x_wconf 93' lang='lat'><strong>.</strong></span> <span class='ocrx_word' id='word_1_49' title='bbox 1473 823 1485 833; x_wconf 89' lang='lat'><strong>.</strong></span> <span class='ocrx_word' id='word_1_50' title='bbox 1523 802 1621 834; x_wconf 89' lang='lat' dir='ltr'>vna</span> <span class='ocrx_word' id='word_1_51' title='bbox 1644 800 1753 833; x_wconf 92' lang='lat' dir='ltr'>cum</span> <span class='ocrx_word' id='word_1_52' title='bbox 1775 790 1986 848; x_wconf 91' lang='lat' dir='ltr'>quatuor</span> <span class='ocrx_word' id='word_1_53' title='bbox 2010 783 2188 832; x_wconf 86' lang='lat' dir='ltr'>celdris</span> <span class='ocrx_word' id='word_1_54' title='bbox 2213 799 2479 831; x_wconf 89' lang='lat' dir='ltr'>auenarum</span> <span class='ocrx_word' id='word_1_55' title='bbox 2505 798 2638 830; x_wconf 92' lang='lat' dir='ltr'>men-</span> 
     </span>
     <span class='ocr_line' id='line_1_8' title="bbox 604 874 2636 932; baseline -0.004 -2"><span class='ocrx_word' id='word_1_56' title='bbox 604 885 708 932; x_wconf 85' lang='lat' dir='ltr'>sure</span> <span class='ocrx_word' id='word_1_57' title='bbox 733 882 826 931; x_wconf 83' lang='lat' dir='ltr'>sori</span> <span class='ocrx_word' id='word_1_58' title='bbox 851 880 1092 930; x_wconf 89' lang='lat' dir='ltr'>currentis</span> <span class='ocrx_word' id='word_1_59' title='bbox 1117 880 1181 928; x_wconf 91' lang='lat' dir='ltr'>ad</span> <span class='ocrx_word' id='word_1_60' title='bbox 1204 877 1439 929; x_wconf 87' lang='lat' dir='ltr'>terminos</span> <span class='ocrx_word' id='word_1_61' title='bbox 1462 875 1741 925; x_wconf 88' lang='lat' dir='ltr'>huiusmodi</span> <span class='ocrx_word' id='word_1_62' title='bbox 1764 892 1947 924; x_wconf 84' lang='lat' dir='ltr'>auenas</span> <span class='ocrx_word' id='word_1_63' title='bbox 1982 874 2202 924; x_wconf 89' lang='lat' dir='ltr'>soluendi</span> <span class='ocrx_word' id='word_1_64' title='bbox 2238 874 2492 924; x_wconf 85' lang='lat' dir='ltr'>consuetos</span> <span class='ocrx_word' id='word_1_65' title='bbox 2528 889 2636 922; x_wconf 92' lang='lat' dir='ltr'>cum</span> 
     </span>
     <span class='ocr_line' id='line_1_9' title="bbox 602 965 2642 1037; baseline -0.004 -15"><span class='ocrx_word' id='word_1_66' title='bbox 602 978 707 1022; x_wconf 65' lang='lat' dir='ltr'>octo</span> <span class='ocrx_word' id='word_1_67' title='bbox 746 972 1014 1037; x_wconf 85' lang='lat' dir='ltr'>caponibus</span> <span class='ocrx_word' id='word_1_68' title='bbox 1052 979 1101 1019; x_wconf 91' lang='lat' dir='ltr'>et</span> <span class='ocrx_word' id='word_1_69' title='bbox 1139 969 1247 1018; x_wconf 83' lang='lat' dir='ltr'>aliis</span> <span class='ocrx_word' id='word_1_70' title='bbox 1284 970 1392 1017; x_wconf 74' lang='lat' dir='ltr'>o&amp;o</span> <span class='ocrx_word' id='word_1_71' title='bbox 1428 967 1575 1033; x_wconf 82' lang='lat' dir='ltr'>pullis</span> <span class='ocrx_word' id='word_1_72' title='bbox 1610 966 1791 1016; x_wconf 87' lang='lat' dir='ltr'>adultis</span> <span class='ocrx_word' id='word_1_73' title='bbox 1820 974 2078 1033; x_wconf 85' lang='lat' dir='ltr'>rynemart</span> <span class='ocrx_word' id='word_1_74' title='bbox 2101 968 2269 1032; x_wconf 89' lang='lat' dir='ltr'>wedyr</span> <span class='ocrx_word' id='word_1_75' title='bbox 2306 975 2355 1016; x_wconf 94' lang='lat' dir='ltr'>et</span> <span class='ocrx_word' id='word_1_76' title='bbox 2390 965 2499 1015; x_wconf 81' lang='lat' dir='ltr'>aliis</span> <span class='ocrx_word' id='word_1_77' title='bbox 2533 965 2642 1013; x_wconf 85' lang='lat' dir='ltr'>hus·</span> 
     </span>
     <span class='ocr_line' id='line_1_10' title="bbox 603 1057 2642 1124; baseline -0.003 -12"><span class='ocrx_word' id='word_1_78' title='bbox 603 1064 873 1112; x_wconf 85' lang='lat' dir='ltr'>bandorum</span> <span class='ocrx_word' id='word_1_79' title='bbox 911 1062 1141 1110; x_wconf 86' lang='lat' dir='ltr'>oneribus</span> <span class='ocrx_word' id='word_1_80' title='bbox 1178 1100 1187 1110; x_wconf 91' lang='lat'>.</span> <span class='ocrx_word' id='word_1_81' title='bbox 1225 1098 1235 1109; x_wconf 91' lang='lat'><strong>.</strong></span> <span class='ocrx_word' id='word_1_82' title='bbox 1272 1099 1281 1109; x_wconf 94' lang='lat'><strong><em>.</em></strong></span> <span class='ocrx_word' id='word_1_83' title='bbox 1319 1060 1430 1109; x_wconf 92' lang='lat' dir='ltr'>Nec</span> <span class='ocrx_word' id='word_1_84' title='bbox 1476 1059 1646 1108; x_wconf 87' lang='lat' dir='ltr'>licebit</span> <span class='ocrx_word' id='word_1_85' title='bbox 1691 1059 1927 1124; x_wconf 68' lang='lat' dir='ltr'>prediffls</span> <span class='ocrx_word' id='word_1_86' title='bbox 1963 1098 1973 1108; x_wconf 95' lang='lat'><strong>.</strong></span> <span class='ocrx_word' id='word_1_87' title='bbox 2009 1099 2019 1108; x_wconf 92' lang='lat'>.</span> <span class='ocrx_word' id='word_1_88' title='bbox 2056 1098 2066 1108; x_wconf 90' lang='lat'>.</span> <span class='ocrx_word' id='word_1_89' title='bbox 2104 1059 2256 1108; x_wconf 59' lang='lat' dir='ltr'>dictas</span> <span class='ocrx_word' id='word_1_90' title='bbox 2297 1059 2418 1107; x_wconf 85' lang='lat' dir='ltr'>duas</span> <span class='ocrx_word' id='word_1_91' title='bbox 2464 1057 2642 1106; x_wconf 81' lang='lat' dir='ltr'>tercias</span> 
     </span>
     <span class='ocr_line' id='line_1_11' title="bbox 602 1150 2643 1220; baseline -0.003 -16"><span class='ocrx_word' id='word_1_92' title='bbox 602 1164 765 1220; x_wconf 88' lang='lat' dir='ltr'>partes</span> <span class='ocrx_word' id='word_1_93' title='bbox 808 1153 956 1202; x_wconf 88' lang='lat' dir='ltr'>alicui</span> <span class='ocrx_word' id='word_1_94' title='bbox 991 1191 1001 1202; x_wconf 89' lang='lat'>.</span> <span class='ocrx_word' id='word_1_95' title='bbox 1040 1191 1050 1201; x_wconf 90' lang='lat'>.</span> <span class='ocrx_word' id='word_1_96' title='bbox 1089 1192 1098 1200; x_wconf 95' lang='lat'><strong>.</strong></span> <span class='ocrx_word' id='word_1_97' title='bbox 1135 1151 1351 1202; x_wconf 80' lang='lat' dir='ltr'>affedare</span> <span class='ocrx_word' id='word_1_98' title='bbox 1400 1150 1499 1200; x_wconf 90' lang='lat' dir='ltr'>fiue</span> <span class='ocrx_word' id='word_1_99' title='bbox 1545 1151 1713 1200; x_wconf 87' lang='lat' dir='ltr'>nostra</span> <span class='ocrx_word' id='word_1_100' title='bbox 1757 1151 1970 1200; x_wconf 83' lang='lat' dir='ltr'>licencia</span> <span class='ocrx_word' id='word_1_101' title='bbox 2006 1189 2017 1200; x_wconf 94' lang='lat'><strong>.</strong></span> <span class='ocrx_word' id='word_1_102' title='bbox 2057 1189 2068 1199; x_wconf 90' lang='lat'><strong>.</strong></span> <span class='ocrx_word' id='word_1_103' title='bbox 2107 1188 2119 1199; x_wconf 90' lang='lat'><strong>.</strong></span> <span class='ocrx_word' id='word_1_104' title='bbox 2163 1150 2361 1200; x_wconf 82' lang='lat' dir='ltr'>cotariis</span> <span class='ocrx_word' id='word_1_105' title='bbox 2405 1150 2643 1199; x_wconf 82' lang='lat' dir='ltr'>duntaxat</span> 
     </span>
     <span class='ocr_line' id='line_1_12' title="bbox 602 1241 2644 1311; baseline -0.003 -16"><span class='ocrx_word' id='word_1_106' title='bbox 602 1245 818 1311; x_wconf 85' lang='lat' dir='ltr'>exceptis</span> <span class='ocrx_word' id='word_1_107' title='bbox 864 1276 875 1286; x_wconf 88' lang='lat'><strong>·</strong></span> <span class='ocrx_word' id='word_1_108' title='bbox 923 1244 1159 1293; x_wconf 90' lang='lat' dir='ltr'>Preterea</span> <span class='ocrx_word' id='word_1_109' title='bbox 1181 1242 1217 1291; x_wconf 89' lang='lat' dir='ltr'><strong>fi</strong></span> <span class='ocrx_word' id='word_1_110' title='bbox 1261 1281 1272 1291; x_wconf 91' lang='lat'>.</span> <span class='ocrx_word' id='word_1_111' title='bbox 1313 1281 1323 1291; x_wconf 94' lang='lat'><strong>.</strong></span> <span class='ocrx_word' id='word_1_112' title='bbox 1364 1280 1375 1291; x_wconf 90' lang='lat'><strong>.</strong></span> <span class='ocrx_word' id='word_1_113' title='bbox 1417 1242 1546 1309; x_wconf 83' lang='lat' dir='ltr'>male</span> <span class='ocrx_word' id='word_1_114' title='bbox 1592 1242 1927 1307; x_wconf 81' lang='lat' dir='ltr'>persoluentes</span> <span class='ocrx_word' id='word_1_115' title='bbox 1955 1242 2049 1301; x_wconf 40' lang='lat' dir='ltr'>,uel</span> <span class='ocrx_word' id='word_1_116' title='bbox 2090 1242 2232 1291; x_wconf 82' lang='lat' dir='ltr'>nobis</span> <span class='ocrx_word' id='word_1_117' title='bbox 2272 1279 2284 1291; x_wconf 91' lang='lat'><strong>.</strong></span> <span class='ocrx_word' id='word_1_118' title='bbox 2324 1281 2334 1291; x_wconf 90' lang='lat'><strong>.</strong></span> <span class='ocrx_word' id='word_1_119' title='bbox 2376 1279 2388 1291; x_wconf 91' lang='lat'><strong>.</strong></span> <span class='ocrx_word' id='word_1_120' title='bbox 2425 1241 2644 1290; x_wconf 74' lang='lat' dir='ltr'>iniuriosi</span> 
     </span>
     <span class='ocr_line' id='line_1_13' title="bbox 602 1334 2644 1399; baseline -0.002 -13"><span class='ocrx_word' id='word_1_121' title='bbox 602 1337 865 1388; x_wconf 85' lang='lat' dir='ltr'>exteterint</span> <span class='ocrx_word' id='word_1_122' title='bbox 889 1336 1058 1385; x_wconf 91' lang='lat' dir='ltr'>licebit</span> <span class='ocrx_word' id='word_1_123' title='bbox 1081 1335 1223 1384; x_wconf 87' lang='lat' dir='ltr'>nobis</span> <span class='ocrx_word' id='word_1_124' title='bbox 1262 1373 1274 1384; x_wconf 92' lang='lat'><strong>.</strong></span> <span class='ocrx_word' id='word_1_125' title='bbox 1312 1373 1323 1383; x_wconf 94' lang='lat'>.</span> <span class='ocrx_word' id='word_1_126' title='bbox 1359 1372 1371 1384; x_wconf 87' lang='lat'><strong>.</strong></span> <span class='ocrx_word' id='word_1_127' title='bbox 1408 1337 1468 1384; x_wconf 90' lang='lat' dir='ltr'>de</span> <span class='ocrx_word' id='word_1_128' title='bbox 1498 1374 1509 1385; x_wconf 87' lang='lat'><strong>.</strong></span> <span class='ocrx_word' id='word_1_129' title='bbox 1542 1375 1552 1385; x_wconf 92' lang='lat'>.</span> <span class='ocrx_word' id='word_1_130' title='bbox 1585 1375 1595 1384; x_wconf 89' lang='lat'><strong>.</strong></span> <span class='ocrx_word' id='word_1_131' title='bbox 1628 1335 1774 1384; x_wconf 88' lang='lat' dir='ltr'>terris</span> <span class='ocrx_word' id='word_1_132' title='bbox 1799 1336 1864 1384; x_wconf 85' lang='lat' dir='ltr'>ad</span> <span class='ocrx_word' id='word_1_133' title='bbox 1897 1372 1909 1383; x_wconf 92' lang='lat'><strong>.</strong></span> <span class='ocrx_word' id='word_1_134' title='bbox 1945 1373 1957 1384; x_wconf 92' lang='lat'><strong><em>.</em></strong></span> <span class='ocrx_word' id='word_1_135' title='bbox 1994 1373 2005 1383; x_wconf 94' lang='lat'><strong>.</strong></span> <span class='ocrx_word' id='word_1_136' title='bbox 2038 1335 2233 1384; x_wconf 91' lang='lat' dir='ltr'>libitum</span> <span class='ocrx_word' id='word_1_137' title='bbox 2265 1374 2274 1383; x_wconf 95' lang='lat'>.</span> <span class='ocrx_word' id='word_1_138' title='bbox 2305 1374 2315 1383; x_wconf 95' lang='lat'>.</span> <span class='ocrx_word' id='word_1_139' title='bbox 2345 1374 2353 1383; x_wconf 93' lang='lat'><strong><em>.</em></strong></span> <span class='ocrx_word' id='word_1_140' title='bbox 2389 1334 2644 1399; x_wconf 88' lang='lat' dir='ltr'>disponere</span> 
     </span>
    </p>

    <p class='ocr_par' dir='ltr' id='par_1_6' title="bbox 602 1426 2646 1584">
     <span class='ocr_line' id='line_1_14' title="bbox 720 1426 2646 1494; baseline -0.002 -16"><span class='ocrx_word' id='word_1_141' title='bbox 720 1469 729 1478; x_wconf 87' lang='lat'><strong>.</strong></span> <span class='ocrx_word' id='word_1_142' title='bbox 780 1429 929 1494; x_wconf 93' lang='lat' dir='ltr'>Apud</span> <span class='ocrx_word' id='word_1_143' title='bbox 968 1427 1338 1477; x_wconf 90' lang='lat' dir='ltr'>Abbirbrothoc</span> <span class='ocrx_word' id='word_1_144' title='bbox 1385 1426 1612 1477; x_wconf 79' lang='lat' dir='ltr'>vicesimo</span> <span class='ocrx_word' id='word_1_145' title='bbox 1659 1436 1837 1493; x_wconf 91' lang='lat' dir='ltr'>quarto</span> <span class='ocrx_word' id='word_1_146' title='bbox 1875 1428 1955 1478; x_wconf 91' lang='lat' dir='ltr'>die</span> <span class='ocrx_word' id='word_1_147' title='bbox 1997 1427 2172 1477; x_wconf 85' lang='lat' dir='ltr'>menfis</span> <span class='ocrx_word' id='word_1_148' title='bbox 2213 1426 2474 1476; x_wconf 83' lang='lat' dir='ltr'>Februarii</span> <span class='ocrx_word' id='word_1_149' title='bbox 2515 1443 2646 1476; x_wconf 88' lang='lat' dir='ltr'>anno</span> 
     </span>
     <span class='ocr_line' id='line_1_15' title="bbox 602 1518 1647 1584; baseline -0.002 -14"><span class='ocrx_word' id='word_1_150' title='bbox 602 1521 805 1571; x_wconf 90' lang='lat' dir='ltr'>Domini</span> <span class='ocrx_word' id='word_1_151' title='bbox 830 1527 897 1569; x_wconf 80' lang='lat' dir='ltr'>m⁶</span> <span class='ocrx_word' id='word_1_152' title='bbox 921 1526 1084 1570; x_wconf 85' lang='lat' dir='ltr'>cccc¹¹¹⁰</span> <span class='ocrx_word' id='word_1_153' title='bbox 1108 1518 1430 1584; x_wconf 60' lang='lat' dir='ltr'>octuagesimo</span> <span class='ocrx_word' id='word_1_154' title='bbox 1455 1521 1647 1568; x_wconf 68' lang='lat' dir='ltr'>oaauo.</span> 
     </span>
    </p>
   </div>
   <div class='ocr_carea' id='block_1_5' title="bbox 603 1773 1440 1857">
    <p class='ocr_par' dir='ltr' id='par_1_7' title="bbox 603 1773 1440 1857">
     <span class='ocr_line' id='line_1_16' title="bbox 603 1773 1440 1857; baseline -0.004 -15"><span class='ocrx_word' id='word_1_155' title='bbox 603 1773 943 1843; x_wconf 82' lang='lat' dir='ltr'>Presentacio</span> <span class='ocrx_word' id='word_1_156' title='bbox 970 1790 1169 1841; x_wconf 67' lang='lat' dir='ltr'>ecclesie</span> <span class='ocrx_word' id='word_1_157' title='bbox 1195 1791 1255 1840; x_wconf 93' lang='lat' dir='ltr'>de</span> <span class='ocrx_word' id='word_1_158' title='bbox 1280 1790 1440 1857; x_wconf 87' lang='lat' dir='ltr'>Fyvy.</span> 
     </span>
    </p>
   </div>
   <div class='ocr_carea' id='block_1_6' title="bbox 607 1955 2651 2683">
    <p class='ocr_par' dir='ltr' id='par_1_8' title="bbox 607 1955 2651 2683">
     <span class='ocr_line' id='line_1_17' title="bbox 607 1955 2650 2040; baseline -0 -14"><span class='ocrx_word' id='word_1_159' title='bbox 607 1955 927 2026; x_wconf 80' lang='lat' dir='ltr'>Reuerendo</span> <span class='ocrx_word' id='word_1_160' title='bbox 973 2015 983 2024; x_wconf 93' lang='lat'><em>.</em></span> <span class='ocrx_word' id='word_1_161' title='bbox 1030 2015 1039 2025; x_wconf 89' lang='lat'>.</span> <span class='ocrx_word' id='word_1_162' title='bbox 1087 2015 1097 2024; x_wconf 93' lang='lat'>.</span> <span class='ocrx_word' id='word_1_163' title='bbox 1144 1975 1341 2024; x_wconf 87' lang='lat' dir='ltr'>domino</span> <span class='ocrx_word' id='word_1_164' title='bbox 1366 1974 1621 2024; x_wconf 93' lang='lat' dir='ltr'>Willelmo</span> <span class='ocrx_word' id='word_1_165' title='bbox 1671 2014 1680 2024; x_wconf 93' lang='lat'>.</span> <span class='ocrx_word' id='word_1_166' title='bbox 1728 2014 1737 2024; x_wconf 92' lang='lat'><strong>.</strong></span> <span class='ocrx_word' id='word_1_167' title='bbox 1793 2015 1802 2024; x_wconf 92' lang='lat'>.</span> <span class='ocrx_word' id='word_1_168' title='bbox 1854 1975 2082 2040; x_wconf 89' lang='lat' dir='ltr'>episcopo</span> <span class='ocrx_word' id='word_1_169' title='bbox 2106 1974 2449 2025; x_wconf 85' lang='lat' dir='ltr'>Aberdonenfi</span> <span class='ocrx_word' id='word_1_170' title='bbox 2480 1975 2650 2025; x_wconf 91' lang='lat' dir='ltr'>Dauid</span> 
     </span>
     <span class='ocr_line' id='line_1_18' title="bbox 607 2067 2650 2119; baseline 0.002 -5"><span class='ocrx_word' id='word_1_171' title='bbox 607 2067 755 2116; x_wconf 89' lang='lat' dir='ltr'>abbas</span> <span class='ocrx_word' id='word_1_172' title='bbox 793 2106 802 2116; x_wconf 88' lang='lat'><strong>.</strong></span> <span class='ocrx_word' id='word_1_173' title='bbox 842 2106 851 2116; x_wconf 96' lang='lat'>.</span> <span class='ocrx_word' id='word_1_174' title='bbox 892 2107 902 2117; x_wconf 87' lang='lat'><strong>.</strong></span> <span class='ocrx_word' id='word_1_175' title='bbox 941 2068 1002 2116; x_wconf 93' lang='lat' dir='ltr'>de</span> <span class='ocrx_word' id='word_1_176' title='bbox 1028 2067 1337 2116; x_wconf 91' lang='lat' dir='ltr'>Abbirbroth</span> <span class='ocrx_word' id='word_1_177' title='bbox 1368 2107 1378 2117; x_wconf 91' lang='lat'><strong>.</strong></span> <span class='ocrx_word' id='word_1_178' title='bbox 1413 2107 1422 2117; x_wconf 94' lang='lat'><strong>.</strong></span> <span class='ocrx_word' id='word_1_179' title='bbox 1456 2107 1466 2117; x_wconf 89' lang='lat'><strong>.</strong></span> <span class='ocrx_word' id='word_1_180' title='bbox 1502 2068 1817 2118; x_wconf 87' lang='lat' dir='ltr'>reuerencias</span> <span class='ocrx_word' id='word_1_181' title='bbox 1842 2069 2148 2119; x_wconf 84' lang='lat' dir='ltr'>omnimodas</span> <span class='ocrx_word' id='word_1_182' title='bbox 2180 2109 2190 2119; x_wconf 90' lang='lat'><strong>.</strong></span> <span class='ocrx_word' id='word_1_183' title='bbox 2223 2109 2234 2119; x_wconf 89' lang='lat'><strong>.</strong></span> <span class='ocrx_word' id='word_1_184' title='bbox 2269 2110 2278 2119; x_wconf 86' lang='lat'><strong>.</strong></span> <span class='ocrx_word' id='word_1_185' title='bbox 2309 2071 2392 2119; x_wconf 94' lang='lat' dir='ltr'>Ad</span> <span class='ocrx_word' id='word_1_186' title='bbox 2417 2070 2650 2119; x_wconf 83' lang='lat' dir='ltr'>vicariam</span> 
     </span>
     <span class='ocr_line' id='line_1_19' title="bbox 608 2158 2650 2226; baseline 0.002 -19"><span class='ocrx_word' id='word_1_187' title='bbox 608 2159 965 2223; x_wconf 83' lang='lat' dir='ltr'>penfionariam</span> <span class='ocrx_word' id='word_1_188' title='bbox 1000 2158 1199 2208; x_wconf 82' lang='lat' dir='ltr'>ecclesie</span> <span class='ocrx_word' id='word_1_189' title='bbox 1233 2160 1531 2225; x_wconf 87' lang='lat' dir='ltr'>parochialis</span> <span class='ocrx_word' id='word_1_190' title='bbox 1566 2161 1628 2209; x_wconf 91' lang='lat' dir='ltr'>de</span> <span class='ocrx_word' id='word_1_191' title='bbox 1662 2159 1806 2226; x_wconf 85' lang='lat' dir='ltr'>Fyvy</span> <span class='ocrx_word' id='word_1_192' title='bbox 1842 2161 2101 2210; x_wconf 90' lang='lat' dir='ltr'>duodecim</span> <span class='ocrx_word' id='word_1_193' title='bbox 2141 2178 2418 2210; x_wconf 89' lang='lat' dir='ltr'>marcarum</span> <span class='ocrx_word' id='word_1_194' title='bbox 2455 2170 2650 2211; x_wconf 85' lang='lat' dir='ltr'>monete</span> 
     </span>
     <span class='ocr_line' id='line_1_20' title="bbox 611 2250 2651 2318; baseline 0.001 -19"><span class='ocrx_word' id='word_1_195' title='bbox 611 2250 782 2300; x_wconf 91' lang='lat' dir='ltr'>Scocie</span> <span class='ocrx_word' id='word_1_196' title='bbox 821 2291 830 2301; x_wconf 92' lang='lat'><strong>.</strong></span> <span class='ocrx_word' id='word_1_197' title='bbox 867 2291 877 2301; x_wconf 92' lang='lat'><strong>.</strong></span> <span class='ocrx_word' id='word_1_198' title='bbox 915 2291 925 2301; x_wconf 93' lang='lat'><strong>.</strong></span> <span class='ocrx_word' id='word_1_199' title='bbox 963 2260 1218 2301; x_wconf 85' lang='lat' dir='ltr'>vacantem</span> <span class='ocrx_word' id='word_1_200' title='bbox 1245 2269 1334 2318; x_wconf 90' lang='lat' dir='ltr'>per</span> <span class='ocrx_word' id='word_1_201' title='bbox 1357 2261 1568 2302; x_wconf 88' lang='lat' dir='ltr'>mortem</span> <span class='ocrx_word' id='word_1_202' title='bbox 1593 2252 1841 2317; x_wconf 89' lang='lat' dir='ltr'>quondam</span> <span class='ocrx_word' id='word_1_203' title='bbox 1867 2252 2055 2301; x_wconf 89' lang='lat' dir='ltr'>domini</span> <span class='ocrx_word' id='word_1_204' title='bbox 2082 2251 2275 2302; x_wconf 89' lang='lat' dir='ltr'>Thome</span> <span class='ocrx_word' id='word_1_205' title='bbox 2302 2252 2505 2303; x_wconf 86' lang='lat' dir='ltr'>Cranno</span> <span class='ocrx_word' id='word_1_206' title='bbox 2530 2253 2651 2302; x_wconf 83' lang='lat' dir='ltr'>alias</span> 
     </span>
     <span class='ocr_line' id='line_1_21' title="bbox 609 2342 2651 2410; baseline 0.001 -20"><span class='ocrx_word' id='word_1_207' title='bbox 609 2342 831 2392; x_wconf 90' lang='lat' dir='ltr'>Vatsoun</span> <span class='ocrx_word' id='word_1_208' title='bbox 861 2383 871 2393; x_wconf 90' lang='lat'><strong>.</strong></span> <span class='ocrx_word' id='word_1_209' title='bbox 909 2382 918 2392; x_wconf 90' lang='lat'><strong>.</strong></span> <span class='ocrx_word' id='word_1_210' title='bbox 958 2381 969 2392; x_wconf 90' lang='lat'><strong>.</strong></span> <span class='ocrx_word' id='word_1_211' title='bbox 1007 2343 1259 2392; x_wconf 92' lang='lat' dir='ltr'>dominum</span> <span class='ocrx_word' id='word_1_212' title='bbox 1278 2344 1622 2393; x_wconf 86' lang='lat' dir='ltr'>Alexandrum</span> <span class='ocrx_word' id='word_1_213' title='bbox 1640 2343 1904 2410; x_wconf 88' lang='lat' dir='ltr'>Lychtoun</span> <span class='ocrx_word' id='word_1_214' title='bbox 1922 2343 2246 2408; x_wconf 84' lang='lat' dir='ltr'>presbiterum</span> <span class='ocrx_word' id='word_1_215' title='bbox 2266 2344 2425 2393; x_wconf 88' lang='lat' dir='ltr'>vestre</span> <span class='ocrx_word' id='word_1_216' title='bbox 2450 2344 2651 2393; x_wconf 83' lang='lat' dir='ltr'>diocefis</span> 
     </span>
     <span class='ocr_line' id='line_1_22' title="bbox 610 2434 2651 2501; baseline 0.001 -19"><span class='ocrx_word' id='word_1_217' title='bbox 610 2434 894 2498; x_wconf 83' lang='lat' dir='ltr'>paternitati</span> <span class='ocrx_word' id='word_1_218' title='bbox 918 2435 1076 2483; x_wconf 89' lang='lat' dir='ltr'>vestre</span> <span class='ocrx_word' id='word_1_219' title='bbox 1101 2475 1111 2484; x_wconf 90' lang='lat'>.</span> <span class='ocrx_word' id='word_1_220' title='bbox 1137 2474 1147 2484; x_wconf 88' lang='lat'><strong>.</strong></span> <span class='ocrx_word' id='word_1_221' title='bbox 1174 2475 1183 2483; x_wconf 93' lang='lat'><strong><em>.</em></strong></span> <span class='ocrx_word' id='word_1_222' title='bbox 1208 2436 1545 2501; x_wconf 87' lang='lat' dir='ltr'>presentamus</span> <span class='ocrx_word' id='word_1_223' title='bbox 1576 2477 1586 2486; x_wconf 90' lang='lat'><strong>.</strong></span> <span class='ocrx_word' id='word_1_224' title='bbox 1621 2476 1630 2486; x_wconf 89' lang='lat'><strong>.</strong></span> <span class='ocrx_word' id='word_1_225' title='bbox 1664 2476 1674 2486; x_wconf 89' lang='lat'><strong>.</strong></span> <span class='ocrx_word' id='word_1_226' title='bbox 1707 2442 1968 2485; x_wconf 85' lang='lat' dir='ltr'>exorantes</span> <span class='ocrx_word' id='word_1_227' title='bbox 1992 2437 2224 2500; x_wconf 86' lang='lat' dir='ltr'>quatinus</span> <span class='ocrx_word' id='word_1_228' title='bbox 2254 2475 2265 2487; x_wconf 89' lang='lat'><strong>.</strong></span> <span class='ocrx_word' id='word_1_229' title='bbox 2298 2476 2308 2487; x_wconf 90' lang='lat'>.</span> <span class='ocrx_word' id='word_1_230' title='bbox 2341 2476 2351 2486; x_wconf 93' lang='lat'><strong>.</strong></span> <span class='ocrx_word' id='word_1_231' title='bbox 2384 2437 2449 2485; x_wconf 88' lang='lat' dir='ltr'>ad</span> <span class='ocrx_word' id='word_1_232' title='bbox 2473 2437 2651 2486; x_wconf 72' lang='lat' dir='ltr'>dictam</span> 
     </span>
     <span class='ocr_line' id='line_1_23' title="bbox 612 2525 2651 2595; baseline 0.003 -23"><span class='ocrx_word' id='word_1_233' title='bbox 612 2525 844 2573; x_wconf 87' lang='lat' dir='ltr'>vicariam</span> <span class='ocrx_word' id='word_1_234' title='bbox 861 2525 1218 2590; x_wconf 84' lang='lat' dir='ltr'>penfionariam</span> <span class='ocrx_word' id='word_1_235' title='bbox 1234 2545 1332 2576; x_wconf 88' lang='lat' dir='ltr'>vna</span> <span class='ocrx_word' id='word_1_236' title='bbox 1348 2545 1458 2576; x_wconf 91' lang='lat' dir='ltr'>cum</span> <span class='ocrx_word' id='word_1_237' title='bbox 1474 2529 1599 2578; x_wconf 87' lang='lat' dir='ltr'>tofto</span> <span class='ocrx_word' id='word_1_238' title='bbox 1615 2537 1664 2578; x_wconf 95' lang='lat' dir='ltr'>et</span> <span class='ocrx_word' id='word_1_239' title='bbox 1682 2529 1841 2579; x_wconf 86' lang='lat' dir='ltr'>crofto</span> <span class='ocrx_word' id='word_1_240' title='bbox 1858 2528 2100 2579; x_wconf 87' lang='lat' dir='ltr'>consuetis</span> <span class='ocrx_word' id='word_1_241' title='bbox 2116 2530 2379 2579; x_wconf 90' lang='lat' dir='ltr'>admittere</span> <span class='ocrx_word' id='word_1_242' title='bbox 2398 2569 2407 2579; x_wconf 88' lang='lat'><em>.</em></span> <span class='ocrx_word' id='word_1_243' title='bbox 2426 2569 2435 2579; x_wconf 93' lang='lat'>.</span> <span class='ocrx_word' id='word_1_244' title='bbox 2453 2570 2462 2579; x_wconf 94' lang='lat'>.</span> <span class='ocrx_word' id='word_1_245' title='bbox 2484 2530 2651 2595; x_wconf 86' lang='lat' dir='ltr'>digne-</span> 
     </span>
     <span class='ocr_line' id='line_1_24' title="bbox 612 2615 2649 2683; baseline 0.003 -21"><span class='ocrx_word' id='word_1_246' title='bbox 612 2615 733 2663; x_wconf 89' lang='lat' dir='ltr'>mini</span> <span class='ocrx_word' id='word_1_247' title='bbox 768 2655 777 2664; x_wconf 92' lang='lat'><strong>.</strong></span> <span class='ocrx_word' id='word_1_248' title='bbox 814 2656 824 2665; x_wconf 90' lang='lat'><strong>.</strong></span> <span class='ocrx_word' id='word_1_249' title='bbox 861 2656 870 2665; x_wconf 91' lang='lat'><strong>.</strong></span> <span class='ocrx_word' id='word_1_250' title='bbox 907 2618 1057 2682; x_wconf 92' lang='lat' dir='ltr'>Apud</span> <span class='ocrx_word' id='word_1_251' title='bbox 1089 2658 1098 2667; x_wconf 94' lang='lat'><strong>.</strong></span> <span class='ocrx_word' id='word_1_252' title='bbox 1134 2658 1143 2668; x_wconf 94' lang='lat'><strong>.</strong></span> <span class='ocrx_word' id='word_1_253' title='bbox 1180 2658 1189 2667; x_wconf 91' lang='lat'><strong>.</strong></span> <span class='ocrx_word' id='word_1_254' title='bbox 1227 2620 1495 2683; x_wconf 88' lang='lat' dir='ltr'>capitulum</span> <span class='ocrx_word' id='word_1_255' title='bbox 1521 2622 1677 2670; x_wconf 89' lang='lat' dir='ltr'>tercio</span> <span class='ocrx_word' id='word_1_256' title='bbox 1702 2621 1782 2670; x_wconf 91' lang='lat' dir='ltr'>die</span> <span class='ocrx_word' id='word_1_257' title='bbox 1807 2619 1982 2671; x_wconf 87' lang='lat' dir='ltr'>menfis</span> <span class='ocrx_word' id='word_1_258' title='bbox 2007 2620 2113 2670; x_wconf 80' lang='lat' dir='ltr'>Mai</span> <span class='ocrx_word' id='word_1_259' title='bbox 2132 2638 2263 2669; x_wconf 87' lang='lat' dir='ltr'>anno</span> <span class='ocrx_word' id='word_1_260' title='bbox 2281 2620 2488 2669; x_wconf 92' lang='lat' dir='ltr'>Domini</span> <span class='ocrx_word' id='word_1_261' title='bbox 2506 2625 2649 2676; x_wconf 87' lang='lat'>1489.</span> 
     </span>
    </p>
   </div>
   <div class='ocr_carea' id='block_1_7' title="bbox 618 2866 1537 2953">
    <p class='ocr_par' dir='ltr' id='par_1_9' title="bbox 618 2866 1537 2953">
     <span class='ocr_line' id='line_1_25' title="bbox 618 2866 1537 2953; baseline -0.001 -16"><span class='ocrx_word' id='word_1_262' title='bbox 618 2866 899 2937; x_wconf 83' lang='lat' dir='ltr'>Affedacio</span> <span class='ocrx_word' id='word_1_263' title='bbox 925 2886 1124 2936; x_wconf 86' lang='lat' dir='ltr'>ecclefie</span> <span class='ocrx_word' id='word_1_264' title='bbox 1149 2888 1211 2935; x_wconf 94' lang='lat' dir='ltr'>de</span> <span class='ocrx_word' id='word_1_265' title='bbox 1236 2886 1537 2953; x_wconf 88' lang='lat' dir='ltr'>Kyrymore.</span> 
     </span>
    </p>
   </div>
   <div class='ocr_carea' id='block_1_8' title="bbox 619 3058 2651 3242">
    <p class='ocr_par' dir='ltr' id='par_1_10' title="bbox 619 3058 2651 3242">
     <span class='ocr_line' id='line_1_26' title="bbox 619 3058 2651 3143; baseline 0.005 -16"><span class='ocrx_word' id='word_1_266' title='bbox 619 3058 893 3132; x_wconf 84' lang='lat' dir='ltr'>Uniuerfis</span> <span class='ocrx_word' id='word_1_267' title='bbox 917 3086 1084 3143; x_wconf 90' lang='lat' dir='ltr'>pateat</span> <span class='ocrx_word' id='word_1_268' title='bbox 1124 3119 1133 3129; x_wconf 91' lang='lat'><strong>.</strong></span> <span class='ocrx_word' id='word_1_269' title='bbox 1176 3118 1187 3129; x_wconf 88' lang='lat'><strong>.</strong></span> <span class='ocrx_word' id='word_1_270' title='bbox 1231 3116 1243 3128; x_wconf 92' lang='lat'><strong>.</strong></span> <span class='ocrx_word' id='word_1_271' title='bbox 1284 3097 1375 3129; x_wconf 84' lang='lat' dir='ltr'>nos</span> <span class='ocrx_word' id='word_1_272' title='bbox 1412 3080 1583 3130; x_wconf 89' lang='lat' dir='ltr'>Dauid</span> <span class='ocrx_word' id='word_1_273' title='bbox 1623 3121 1633 3131; x_wconf 94' lang='lat'><strong>.</strong></span> <span class='ocrx_word' id='word_1_274' title='bbox 1676 3122 1685 3132; x_wconf 96' lang='lat'><strong><em>.</em></strong></span> <span class='ocrx_word' id='word_1_275' title='bbox 1728 3122 1739 3133; x_wconf 88' lang='lat'><strong>.</strong></span> <span class='ocrx_word' id='word_1_276' title='bbox 1782 3085 2010 3134; x_wconf 89' lang='lat' dir='ltr'>abbatem</span> <span class='ocrx_word' id='word_1_277' title='bbox 2054 3123 2065 3134; x_wconf 93' lang='lat'><strong>.</strong></span> <span class='ocrx_word' id='word_1_278' title='bbox 2110 3123 2122 3135; x_wconf 88' lang='lat'>.</span> <span class='ocrx_word' id='word_1_279' title='bbox 2167 3125 2177 3136; x_wconf 95' lang='lat'><strong>.</strong></span> <span class='ocrx_word' id='word_1_280' title='bbox 2221 3088 2283 3136; x_wconf 92' lang='lat' dir='ltr'>de</span> <span class='ocrx_word' id='word_1_281' title='bbox 2318 3087 2651 3137; x_wconf 87' lang='lat' dir='ltr'>Abirbrothoc</span> 
     </span>
     <span class='ocr_line' id='line_1_27' title="bbox 672 3169 2651 3242; baseline 0.004 -22"><span class='ocrx_word' id='word_1_282' title='bbox 672 3209 684 3220; x_wconf 92' lang='lat'><strong>.</strong></span> <span class='ocrx_word' id='word_1_283' title='bbox 724 3209 736 3219; x_wconf 86' lang='lat'><strong>.</strong></span> <span class='ocrx_word' id='word_1_284' title='bbox 773 3169 994 3220; x_wconf 82' lang='lat' dir='ltr'>ass&#39;edafl&#39;e</span> <span class='ocrx_word' id='word_1_285' title='bbox 1039 3208 1051 3219; x_wconf 92' lang='lat'><strong>.</strong></span> <span class='ocrx_word' id='word_1_286' title='bbox 1096 3208 1107 3220; x_wconf 87' lang='lat'><strong>.</strong></span> <span class='ocrx_word' id='word_1_287' title='bbox 1152 3209 1163 3219; x_wconf 92' lang='lat'><strong>.</strong></span> <span class='ocrx_word' id='word_1_288' title='bbox 1206 3171 1406 3220; x_wconf 91' lang='lat' dir='ltr'>domino</span> <span class='ocrx_word' id='word_1_289' title='bbox 1453 3172 1672 3223; x_wconf 88' lang='lat' dir='ltr'>Roberto</span> <span class='ocrx_word' id='word_1_290' title='bbox 1721 3174 1862 3242; x_wconf 84' lang='lat' dir='ltr'>Gray</span> <span class='ocrx_word' id='word_1_291' title='bbox 1909 3194 2227 3227; x_wconf 91' lang='lat' dir='ltr'>commonaco</span> <span class='ocrx_word' id='word_1_292' title='bbox 2270 3216 2282 3228; x_wconf 91' lang='lat'><strong>.</strong></span> <span class='ocrx_word' id='word_1_293' title='bbox 2327 3217 2339 3228; x_wconf 91' lang='lat'><strong><em>.</em></strong></span> <span class='ocrx_word' id='word_1_294' title='bbox 2384 3219 2394 3229; x_wconf 90' lang='lat'><em>.</em></span> <span class='ocrx_word' id='word_1_295' title='bbox 2439 3179 2651 3229; x_wconf 73' lang='lat' dir='ltr'>decimas</span> 
     </span>
    </p>
   </div>
  </div>
 </body>
</html>
