2762 3834
457 1700 553 1751 270

597 393 694 438 228
1040 377 1460 433 REGISTRUM
1496 374 1591 424 DE
1626 369 2182 422 ABERBROTHOC.

602 518 815 568 decimas
849 515 1073 582 garbales
1114 510 1314 561 ecclesie
1355 506 1518 556 nostre
1559 506 1620 553 de
1662 502 1901 551 Rothwen
1945 518 2056 551 cum
2093 501 2239 567 gleba
2275 509 2324 550 et
2361 500 2468 549 aliis
2510 538 2519 548 .
2564 538 2573 547 .
2618 539 2626 546 .

600 607 917 675 pertinenciis
957 645 967 655 .
1009 644 1019 654 .
1060 642 1071 653 .
1111 619 1201 667 pro
1237 598 1459 650 terminis
1500 597 1670 644 decem
1709 602 1759 642 et
1797 593 1946 641 trium
1980 601 2221 642 annorum
2264 630 2274 641 .
2317 631 2327 640 .
2369 628 2379 639 .
2419 591 2629 640 termino

602 700 831 750 introitus
864 734 876 745 .
905 734 917 746 .
952 734 961 744 .
992 693 1260 758 incipiente
1284 691 1336 738 in
1361 688 1482 737 festo
1505 684 1671 736 Sancti
1689 684 1826 733 Petri
1852 683 2118 732 aduincula
2140 684 2304 732 datam
2324 682 2628 746 presencium

605 788 882 839 immediate
918 786 1146 848 sequente
1177 821 1187 830 .
1220 819 1230 829 .
1264 820 1273 829 .
1310 778 1557 829 Soluendo
1595 816 1604 825 .
1643 814 1652 823 .
1690 814 1700 824 .
1738 774 1970 822 summam
1993 790 2173 823 nouem
2196 773 2434 822 librarum
2456 772 2631 820 vsualis

602 887 795 930 monete
822 876 992 927 Scocie
1017 875 1081 923 ad
1123 911 1131 921 .
1174 910 1184 920 .
1228 910 1238 920 .
1280 870 1401 918 festa
1441 908 1450 917 .
1491 908 1500 918 .
1542 908 1552 917 .
1594 864 1780 916 Pasche
1805 873 1855 914 et
1881 864 2050 915 Sancti
2073 864 2209 914 Petri
2234 864 2499 913 aduincula
2534 903 2543 912 .
2577 903 2586 911 .
2619 901 2629 911 .

603 987 711 1019 cum
750 1006 760 1016 .
798 1006 807 1016 .
843 1005 854 1016 .
893 966 1001 1033 aliis
1034 1003 1044 1013 .
1082 1003 1090 1012 .
1129 1002 1137 1011 .
1174 962 1403 1010 oneribus
1436 1000 1445 1009 .
1481 997 1491 1007 .
1525 998 1534 1007 .
1568 958 1634 1007 Et
1665 997 1674 1006 .
1708 995 1719 1006 .
1752 995 1763 1007 .
1797 956 1832 1004 fi
1868 956 1985 1005 dieti
2019 996 2027 1005 .
2065 995 2076 1006 .
2113 994 2125 1006 .
2160 956 2213 1004 in
2243 956 2489 1005 solucione
2525 994 2534 1003 .
2574 992 2583 1002 .
2621 994 2631 1003 .

608 1062 670 1110 ad
695 1058 926 1108 terminos
966 1095 975 1104 .
1020 1094 1029 1103 .
1072 1093 1082 1103 .
1125 1053 1380 1102 deficerint
1420 1091 1429 1101 .
1472 1090 1481 1099 .
1524 1088 1533 1099 .
1577 1048 1655 1098 vel
1679 1047 1809 1096 infra
1840 1047 2124 1111 quindecim
2159 1047 2264 1095 dies
2308 1085 2317 1095 .
2360 1086 2370 1095 .
2413 1085 2423 1096 .
2464 1045 2633 1095 licebit

606 1150 744 1199 nobis
786 1186 795 1196 .
834 1186 843 1195 .
884 1186 892 1195 .
933 1146 994 1193 de
1032 1183 1041 1192 .
1082 1182 1092 1192 .
1132 1183 1141 1192 .
1181 1142 1384 1191 ecclefia
1407 1148 1456 1190 et
1480 1140 1684 1189 decimis
1723 1179 1732 1188 .
1772 1178 1782 1190 .
1823 1179 1832 1188 .
1873 1139 2131 1204 disponere
2173 1178 2182 1187 .
2221 1178 2230 1187 .
2270 1177 2279 1187 .
2324 1138 2475 1202 Apud
2517 1177 2526 1186 .
2568 1175 2577 1186 .
2621 1176 2631 1185 .

961 1236 1050 1260 .....

606 1240 869 1305 capitulum
893 1254 1033 1285 xxnn
1071 1237 1151 1284 die
1174 1233 1349 1283 mensis
1377 1231 1677 1297 Septembris
1698 1248 1828 1280 anno
1853 1230 2059 1280 Domini
2086 1234 2227 1279 1485.

603 1489 884 1560 Affedacio
910 1515 1153 1554 terrarum
1179 1503 1293 1552 ville
1318 1476 1379 1551 de
1404 1502 1550 1550 Both.

605 1667 877 1739 Uniuerfis
917 1691 1083 1749 pateat
1125 1719 1135 1731 .
1173 1719 1185 1731 .
1226 1719 1237 1730 .
1279 1698 1368 1729 nos
1405 1680 1573 1729 Dauid
1613 1716 1625 1727 .
1664 1717 1675 1727 .
1715 1716 1726 1727 .
1764 1680 1990 1728 abbatem
2035 1715 2045 1726 .
2091 1715 2102 1726 .
2149 1716 2159 1726 .
2203 1680 2264 1727 de
2300 1678 2634 1727 Abirbrothoc

661 1815 672 1825 .
713 1815 724 1826 .
764 1776 985 1826 affedaffe
1023 1812 1034 1823 .
1074 1812 1085 1823 .
1125 1812 1136 1822 .
1173 1772 1425 1822 Willelmo
1453 1771 1662 1837 Gardyn
1689 1778 1738 1820 et
1761 1771 1797 1819 J
1800 1778 1944 1819 onete
1970 1770 2138 1835 sponse
2160 1772 2241 1820 sue
2267 1772 2501 1819 moderne
2529 1808 2540 1818 .
2577 1808 2588 1818 .
2624 1809 2634 1819 .

607 1878 655 1918 et
678 1869 712 1917 J
715 1868 896 1917 ohanni
924 1867 1131 1931 Gardyn
1154 1865 1256 1913 filio
1280 1863 1364 1912 suo
1393 1863 1575 1912 seniori
1611 1869 1661 1911 et
1694 1862 1796 1926 ipso
1828 1861 2060 1910 Johanne
2099 1862 2161 1911 de
2196 1862 2359 1911 medio
2394 1862 2635 1910 subtracto

608 1969 720 2009 ante
744 1960 996 2008 introitum
1030 1957 1165 2005 suum
1201 1955 1489 2004 Alexandro
1523 1954 1734 2020 Gardyn
1766 1954 1909 2003 fratri
1942 1954 2024 2003 suo
2054 1954 2243 2018 suisque
2272 1954 2637 2003 coadiutoribus

611 2090 620 2099 .
661 2090 670 2099 .
710 2087 722 2099 .
762 2059 916 2099 terras
955 2048 1069 2097 ville
1104 2047 1268 2095 nostre
1304 2047 1364 2094 de
1400 2045 1530 2095 Both
1562 2062 1670 2094 cum
1709 2046 1911 2095 decimis
1942 2046 2223 2112 garbalibus
2262 2084 2272 2093 .
2311 2082 2322 2094 .
2361 2083 2372 2093 .
2408 2062 2499 2109 pro
2535 2053 2638 2094 toto

611 2152 828 2206 tempore
852 2142 949 2189 vite
987 2177 998 2188 .
1037 2176 1048 2188 .
1088 2176 1099 2187 .
1136 2138 1347 2188 termino
1372 2137 1602 2186 introitus
1645 2175 1656 2186 .
1696 2175 1707 2186 .
1747 2174 1760 2186 .
1798 2130 2069 2203 incipiente
2094 2137 2172 2186 die
2197 2138 2309 2186 date
2333 2135 2638 2201 presencium

609 2236 679 2283 ita
703 2234 834 2298 quod
858 2250 952 2280 vno
977 2232 1183 2280 fratrum
1208 2230 1490 2279 introeunte
1515 2229 1566 2277 in
1592 2228 1734 2277 dfflzis
1758 2229 1903 2278 terris
1927 2228 2035 2294 post
2059 2227 2300 2277 decessum
2325 2227 2566 2276 Willelmi
2590 2236 2639 2275 et

609 2326 644 2374 J
648 2332 790 2373 onete
816 2324 939 2372 alter
963 2322 1153 2371 nullum
1175 2322 1229 2371 in
1254 2321 1394 2377 diffis
1412 2321 1558 2370 terris
1576 2320 1753 2369 nostris
1779 2336 1891 2369 cum
1914 2319 2117 2368 decimis
2140 2317 2364 2368 interesse
2388 2318 2610 2382 requirat
2628 2346 2639 2356 ·

616 2416 861 2465 Soluendo
896 2451 907 2463 .
946 2452 956 2462 .
991 2451 1002 2462 .
1038 2431 1128 2477 pro
1152 2414 1294 2461 firma
1317 2421 1366 2461 et
1390 2413 1583 2461 decima
1620 2450 1630 2460 .
1671 2449 1682 2460 .
1723 2449 1733 2460 .
1771 2418 1982 2476 quatuor
2017 2411 2208 2460 celdras
2233 2410 2361 2458 ordii
2386 2417 2436 2458 et
2458 2409 2640 2457 farrine

612 2508 833 2556 mensure
857 2506 951 2553 fori
976 2505 1220 2554 currentis
1243 2505 1305 2553 ad
1330 2505 1565 2554 terminos
1592 2503 1823 2552 victualia
1845 2502 2065 2551 soluendi
2101 2502 2356 2550 consuetos
2386 2527 2397 2538 ·
2428 2499 2494 2548 Et
2527 2499 2642 2563 quia

618 2635 629 2645 .
666 2634 678 2646 .
714 2633 725 2644 .
758 2595 1059 2643 lVillelmum
1090 2594 1126 2643 J
1129 2594 1370 2642 ohannem
1395 2602 1445 2643 et
1469 2594 1810 2643 Alexandrum
1854 2631 1865 2642 .
1910 2631 1922 2642 .
1968 2631 1979 2643 .
2022 2594 2075 2642 in
2101 2593 2239 2641 curia
2262 2592 2430 2641 nostra
2453 2599 2502 2640 et
2525 2590 2642 2639 alibi

618 2704 823 2736 onerare
863 2686 1162 2733 intendimus
1200 2721 1211 2732 .
1252 2722 1262 2732 .
1298 2721 1309 2732 .
1345 2684 1612 2749 sumptibus
1650 2685 1827 2734 nostris
1871 2722 1881 2733 .
1928 2722 1939 2733 .
1983 2723 1995 2734 .
2033 2684 2160 2749 ipsos
2204 2721 2215 2732 .
2261 2721 2271 2731 .
2316 2721 2327 2731 .
2371 2700 2480 2731 cum
2516 2683 2643 2730 die-,a
2714 2718 2723 2729 .

616 2778 650 2826 J
654 2785 799 2825 oneta
817 2777 877 2824 ab
896 2775 1124 2823 oneribus
1142 2774 1503 2823 husbandorum
1523 2776 1798 2825 relaxamus
1822 2803 1833 2814 ·
1859 2776 1990 2825 saluo
2010 2783 2175 2826 tamen
2195 2775 2327 2839 quod
2350 2774 2402 2822 in
2427 2774 2577 2822 curiis
2595 2782 2643 2821 et

618 2869 669 2916 in
695 2866 888 2932 placitis
911 2865 1088 2913 nostris
1113 2881 1419 2912 communem
1442 2866 1615 2914 sefitam
1639 2867 1823 2916 facient
1866 2905 1877 2916 .
1919 2905 1930 2916 .
1963 2905 1974 2916 .
2017 2874 2245 2932 preterea
2281 2866 2411 2929 quod
2442 2864 2475 2912 si
2519 2901 2531 2912 .
2575 2901 2586 2912 .
2630 2901 2641 2911 .

619 2958 745 3006 male
767 2956 1098 3020 persoluentes
1117 2962 1201 3002 aut
1218 2954 1358 3001 nobis
1395 2991 1406 3002 .
1445 2991 1457 3004 .
1495 2991 1506 3003 .
1543 2956 1762 3005 iniuriofi
1800 2996 1811 3007 .
1850 2995 1862 3007 .
1901 2996 1912 3008 .
1950 2958 2136 3007 fuerint
2152 2957 2321 3006 licebit
2339 2956 2482 3004 nobis
2520 2992 2532 3003 .
2575 2992 2585 3002 .
2629 2991 2639 3001 .

618 3050 680 3097 de
727 3047 944 3112 preditam.
989 3045 1106 3094 villa
1152 3045 1382 3093 ordinare
1429 3082 1441 3094 .
1485 3080 1497 3091 .
1537 3082 1548 3093 .
1595 3046 1746 3111 Apud
1786 3086 1796 3097 .
1835 3087 1847 3099 .
1886 3088 1896 3098 .
1936 3050 2202 3116 capitulum
2246 3047 2518 3113 penultimo
2564 3045 2643 3094 die

616 3137 792 3188 mensis
817 3136 1117 3202 Septembris
1141 3152 1270 3184 anno
1295 3135 1500 3184 Domini
1527 3140 1671 3185 1485.
