2742 3848
961 361 1203 413 INDEX
1237 361 1617 414 LOCORUM.
2234 370 2329 420 611

282 503 375 553 480,
407 504 501 554 481,
532 504 626 554 484,
657 504 751 555 485,
782 504 875 554 487,
907 505 1001 556 488,
1031 506 1126 556 491,
1151 506 1245 556 498,
1318 505 1584 554 Abbmbroth,
1604 510 1707 546 terre
1729 506 1866 547 Sancti
1886 508 2071 549 Nicholai
2089 510 2144 559 in,
2166 512 2257 551 507.

282 576 374 626 500,
398 577 490 626 501,
514 577 709 627 510-512,
730 577 821 627 520,
845 578 938 616 521.
1445 583 1547 618 terre
1569 579 1706 619 Sancti
1727 579 1951 621 sebastiani
1970 582 2024 631 in,
2046 584 2139 622 434.

226 647 489 699 Abberbroth,
511 662 637 688 novus
655 649 768 689 vicus
787 649 883 688 Fori
901 649 956 700 in,
979 651 1072 701 358,
1095 651 1188 690 359.
1315 674 1426 681 ——
1444 656 1546 691 terre
1564 653 1637 692 sub
1657 653 1795 693 Rubeo
1814 654 1930 694 Muro
1949 654 2009 706 (18,
2030 657 2124 703 243,
2145 658 2239 696 428.

224 741 322 749 —
341 724 450 759 ortus
471 720 609 760 subtus
628 720 812 759 Rubeum
831 720 989 760 Murum
1011 721 1072 772 (18,
1094 722 1188 760 446.
1444 727 1546 763 terre
1566 729 1705 764 vocate
1725 724 1768 777 ly
1788 725 2061 778 Cunnyngayr
2080 727 2141 775 de,
2164 728 2256 768 505.

225 813 321 819 ———-
342 791 426 831 Our
445 792 559 844 Lady
579 793 689 832 Lone
708 793 762 844 in,
782 794 875 832 508.
1442 795 1592 848 viaque
1606 802 1771 836 vocatur
1783 797 2050 850 Brothacsyde
2063 800 2116 848 in,
2132 801 2224 850 378,
2241 801 2331 841 386.

224 885 322 892 —
340 864 527 915 parochia
545 865 606 916 de,
628 867 723 904 474.
1442 867 1553 907 vicus
1572 867 1721 920 capelle
1739 868 1876 909 Sancti
1895 869 2102 910 Michaelis
2121 871 2175 916 in,
2197 872 2262 912 56.

223 955 321 963 —-
339 939 474 986 portus
494 935 553 986 de,
579 938 644 986 24,
667 938 732 987 25,
755 938 895 987 40-42,
916 938 1010 988 195,
1033 938 1127 988 383,
1148 938 1242 988 496,
1443 939 1555 978 vicus
1575 939 1623 978 (18
1642 939 1680 979 18
1699 939 1866 992 Almory
1885 940 1945 990 (18,
1975 941 2044 980 via
2070 941 2330 982 elimosinarie

279 1007 374 1056 497,
398 1008 491 1057 533,
514 1008 607 1058 538,
630 1009 827 1048 542-544.
1238 1043 1240 1045 .
1369 1010 1428 1061 de,
1454 1013 1544 1062 121,
1565 1012 1657 1052 503.

223 1098 321 1106 —-
349 1078 537 1129 regalitas
565 1079 626 1130 de,
649 1081 715 1130 24,
737 1081 802 1130 25,
825 1082 891 1131 27,
913 1083 978 1131 47,
1001 1083 1067 1131 48,
1090 1083 1154 1133 72,
1178 1082 1242 1130 75,
1442 1082 1555 1122 vicus
1574 1083 1702 1123 dictus
1721 1083 1758 1123 le
1773 1084 1961 1137 Apilgate
1979 1085 2020 1124 in
2038 1085 2164 1138 burgo
2183 1086 2243 1137 de,
2263 1089 2327 1135 77,

282 1150 474 1200 100-102,
512 1151 603 1202 114,
640 1152 733 1202 308,
768 1153 860 1202 310,
898 1154 991 1203 327,
1024 1155 1117 1203 354,
1150 1155 1242 1205 393,
1370 1154 1436 1202 99,
1461 1155 1552 1203 196,
1574 1156 1667 1194 359.

278 1222 371 1271 398,
404 1222 497 1273 401,
529 1223 622 1274 403,
653 1224 747 1273 404,
778 1224 872 1274 406,
904 1224 997 1275 407,
1028 1226 1122 1275 427,
1148 1227 1242 1275 445,
1444 1225 1556 1265 vicus
1575 1226 1704 1267 dictus
1723 1226 1761 1267 18
1782 1227 1960 1279 Cobgate
1977 1228 2101 1268 seule
2118 1228 2273 1281 Copgat
2286 1230 2327 1268 in

278 1295 371 1343 448,
403 1296 496 1345 451,
528 1297 622 1346 453,
653 1296 747 1346 454,
778 1297 872 1347 456,
904 1297 997 1347 457,
1028 1298 1122 1348 460,
1148 1299 1241 1349 461,
1368 1298 1494 1349 burgo
1514 1298 1575 1347 de,
1606 1300 1671 1345 79,
1693 1300 1758 1348 80,
1783 1301 1872 1351 181,
1897 1302 1988 1350 195,
2011 1302 2206 1349 357-359,
2233 1302 2325 1351 367,

278 1367 371 1416 463,
403 1369 497 1418 464,
530 1370 623 1418 467,
655 1370 749 1419 469,
780 1370 875 1419 470,
906 1372 999 1420 472,
1025 1372 1120 1421 474,
1147 1372 1241 1421 476,
1369 1371 1463 1419 434,
1485 1371 1579 1417 440,
1600 1371 1693 1420 507,
1716 1372 1808 1410 508.

277 1440 371 1489 478,
403 1440 496 1490 480,
528 1441 725 1491 482-486,
770 1442 966 1491 489-491,
1012 1443 1106 1492 493,
1148 1443 1241 1493 494,
1442 1441 1554 1481 vicus
1591 1441 1721 1482 dictus
1758 1443 1951 1492 Lorburn,
1995 1443 2216 1492 Lordburn,
2259 1457 2326 1483 seu

277 1511 371 1560 496,
403 1512 497 1562 500,
529 1513 621 1562 501,
655 1513 748 1562 505,
786 1514 879 1563 510,
917 1515 1009 1564 512,
1045 1515 1240 1565 514-516,
1368 1513 1676 1565 Lortburngate,
1695 1513 1738 1553 in
1765 1514 1892 1566 burgo
1921 1514 1981 1563 de,
2013 1516 2079 1564 95,
2109 1516 2202 1564 357,
2234 1516 2326 1563 358,

277 1584 473 1634 522-525,
497 1585 590 1635 527,
613 1585 705 1635 530,
728 1587 924 1625 542-544.
1368 1586 1461 1634 360,
1483 1587 1577 1635 441,
1598 1587 1691 1626 507.

220 1677 317 1685 —
336 1655 498 1695 Rubeus
518 1656 658 1696 Murus
677 1656 737 1707 de,
760 1659 854 1706 243,
876 1658 970 1707 428,
992 1659 1087 1707 446,
1109 1659 1203 1698 521.
1440 1657 1551 1697 vicus
1571 1657 1667 1697 Fori
1694 1671 1764 1698 seu
1793 1658 2033 1711 Marcatgait
2050 1659 2092 1698 in
2110 1660 2237 1711 burgo
2265 1659 2325 1708 de,

219 1749 318 1757 -—
346 1727 446 1767 ruda
474 1728 659 1769 australis
684 1729 724 1767 in
754 1733 859 1768 terra
886 1728 1158 1769 elemosinario
1178 1729 1239 1781 de,
1368 1732 1433 1779 73,
1456 1733 1549 1779 358,
1571 1733 1666 1778 440,
1689 1732 1782 1771 508.

277 1800 372 1838 432.
1440 1802 1552 1842 vicus
1574 1803 1697 1842 Maris
1716 1803 1769 1854 in,
1791 1803 1903 1843 vicus
1921 1803 1990 1855 qui
2006 1809 2170 1844 vocatur
2190 1804 2325 1856 Segait

220 1893 316 1902 --
344 1871 443 1910 ruda
462 1876 606 1911 vocata
635 1871 931 1923 Haghousched
959 1872 1001 1911 in
1031 1877 1135 1912 terra
1161 1872 1238 1913 ele·
1366 1874 1419 1922 in,
1444 1876 1536 1923 116,
1561 1876 1652 1923 195,
1674 1876 1767 1923 359,
1790 1875 1883 1914 508.

274 1942 482 1982 mosinarie
503 1942 562 1993 (18,
585 1944 678 1994 432,
702 1945 794 1993 502,
817 1944 911 1983 520.
1439 1946 1551 1986 vicus
1570 1946 1639 1998 qui
1657 1950 1822 1986 vocatur
1842 1946 2020 1998 Mylgate
2049 1947 2091 1986 in
2119 1947 2245 1999 burgo
2263 1947 2323 1994 de,

218 2037 316 2044 —
334 2014 464 2054 schira
482 2015 542 2066 de,
566 2017 631 2066 31,
654 2017 747 2067 533,
772 2017 864 2066 534,
888 2016 1085 2055 538-540.
1371 2018 1461 2066 195,
1484 2019 1579 2057 440.

217 2109 315 2117 —
333 2092 602 2126 tenementum
623 2087 664 2126 in
684 2087 783 2127 Vico
803 2087 926 2127 Maris
945 2087 1005 2138 de,
1030 2089 1121 2128 116.
1310 2111 1420 2117 —
1436 2088 1535 2128 villa
1554 2088 1668 2129 Nove
1690 2088 1866 2142 Grangie
1886 2090 1924 2129 in
1947 2090 2120 2131 dominio
2139 2091 2199 2140 de,
2230 2093 2321 2139 225,

217 2179 314 2188 ·—·
333 2162 602 2198 tenementum
635 2172 703 2198 seu
738 2164 843 2199 terra
874 2159 1021 2200 fabrice
1051 2159 1111 2210 de,
1142 2160 1235 2211 329,
1366 2162 1459 2208 226,
1482 2162 1576 2200 391.

274 2232 367 2280 330,
390 2233 485 2281 422,
507 2232 602 2271 473.
1438 2232 1588 2271 Warda
1607 2245 1676 2272 seu
1694 2232 1732 2272 18
1751 2232 1898 2272 Warde
1918 2233 1979 2280 de,
2001 2235 2093 2282 329,
2116 2236 2209 2282 332,
2227 2236 2318 2285 374,

216 2325 314 2332 —
335 2307 601 2342 tenementum
621 2307 806 2342 vocatum
826 2302 997 2342 Bawtak
1016 2303 1070 2353 in,
1092 2304 1186 2343 508.
1363 2304 1457 2351 458,
1480 2305 1574 2352 473,
1596 2305 1689 2343 505.
2052 2317 2054 2319 ’

216 2396 314 2403 —
332 2379 438 2413 terra
456 2373 504 2413 de
524 2372 849 2424 Varddykyshyll
868 2373 922 2423 in,
944 2375 1039 2413 458.
1307 2374 1523 2423 Abbirden,
1559 2374 1800 2423 Abbirdene,
1835 2375 2087 2427 Abbyrdene,
2122 2377 2318 2427 Aberden,

215 2467 314 2475 —
332 2451 438 2484 terra
465 2443 610 2484 Nostre
639 2444 809 2483 Domine
838 2457 907 2483 seu
938 2443 1083 2484 Sancte
1108 2444 1234 2484 Marie
1361 2445 1586 2497 Aberdeyn,
1631 2446 1830 2495 Aberdon,
1874 2447 2063 2498 Abirden,
2107 2448 2317 2497 Abirdene,

271 2518 313 2556 in
332 2517 459 2568 burgo
478 2516 539 2567 de,
560 2517 626 2567 94,
652 2518 741 2567 195,
767 2517 857 2566 196,
880 2518 973 2566 243,
994 2518 1088 2567 428,
1110 2517 1204 2556 440.
1303 2548 1305 2551 .
1360 2516 1577 2568 Abirdeyn,
1599 2516 1800 2568 Abyrden,
1822 2517 2044 2569 Abyrdene,
2066 2519 2316 2572 Abyrdeyne,

215 2612 313 2620 ——·
332 2594 437 2629 terra
449 2589 588 2629 subtus
604 2588 784 2627 Lamlaw
796 2588 911 2640 apud,
927 2589 1020 2638 329,
1035 2589 1127 2639 330,
1137 2589 1231 2628 473.
1360 2588 1562 2640 Abyrdon,
1584 2588 1746 2640 burgus,
1774 2589 1927 2640 civitas,
1954 2603 2023 2629 seu
2041 2590 2140 2630 villa
2159 2590 2218 2640 de,
2249 2594 2315 2640 40,

215 2685 312 2693 —
329 2668 430 2701 terre
450 2661 498 2701 de
519 2659 782 2712 Damysdayll
801 2660 861 2711 de,
885 2661 978 2699 505.
1346 2658 1426 2709 ’48,
1447 2662 1513 2708 62,
1535 2663 1600 2709 64,
1623 2663 1688 2709 84,
1711 2663 1777 2708 91,
1799 2662 1865 2708 93,
1890 2663 1981 2712 117,
2007 2664 2096 2711 131,
2122 2665 2314 2711 135-138,

216 2756 311 2764 ——
330 2739 432 2774 terre
452 2733 499 2773 de
521 2733 740 2773 Dischland
760 2732 875 2784 apud,
897 2733 990 2783 236,
1011 2732 1104 2783 428,
1125 2733 1219 2772 446.
1363 2734 1452 2782 148,
1487 2734 1593 2782 151,
1612 2735 1703 2782 159,
1737 2735 1827 2782 160,
1861 2735 1952 2783 162,
1985 2735 2075 2781 163,
2108 2737 2200 2782 172,
2225 2738 2314 2783 173,

214 2828 308 2838 —-·
329 2811 431 2846 terre
451 2805 499 2845 de
521 2803 807 2856 Guthreyshall
826 2803 886 2854 de,
909 2804 1002 2843 505.
1359 2806 1452 2853 273,
1483 2806 1578 2853 276,
1608 2806 1701 2854 292,
1733 2807 1827 2855 330,
1858 2807 1951 2855 336,
1982 2807 2075 2857 405,
2101 2808 2198 2857 ’456,
2221 2808 2312 2856 501,

214 2899 312 2908 —--
329 2883 432 2918 terre
451 2877 499 2917 (18
518 2877 555 2917 18
576 2875 823 2917 Sclaterland.
841 2875 901 2926 de,
925 2876 1017 2925 243,
1039 2876 1132 2914 428.
1358 2877 1450 2927 504,
1473 2877 1566 2916 505.
2288 2888 2290 2891 ’

1429 2948 1596 2988 canonia
1614 2948 1674 2997 de,
1696 2950 1734 2988 9.

1430 3019 1596 3059 ecclesia
1611 3019 1726 3059 Beati
1746 3020 1942 3072 Nycholai
1960 3020 2019 3071 de,
2045 3023 2107 3070 15,
2127 3023 2190 3060 16.

214 2955 431 2990 —terre
460 2950 508 2989 de
537 2949 574 2989 le
606 2948 835 3002 Spetalfield
873 2947 989 3000 apud,
1038 2949 1228 2998 141-143,

271 3023 365 3070 236,
387 3023 480 3070 428,
503 3023 597 3060 448.

214 3116 312 3123 —-
329 3098 431 3132 terre
450 3093 498 3132 de
520 3093 669 3132 Setoun
694 3090 755 3142 de,
787 3091 881 3137 243,
911 3091 1003 3138 271,
1034 3090 1228 3137 316-318‚

271 3166 364 3213 355,
386 3166 479 3213 428,
499 3165 593 3204 445.

214 3259 312 3267 —-
329 3242 431 3276 terre
452 3235 499 3276 de
522 3232 822 3276 Sklaterisbank
841 3232 896 3281 in,
918 3233 1011 3272 446.

1430 3092 1651 3132 officiliatus
1670 3093 1731 3142 de,
1752 3095 1843 3133 159.

1429 3163 1496 3202 the
1513 3163 1741 3216 Merkatgat
1759 3165 1813 3212 in,
1838 3166 1943 3205 162..
1986 3179 1990 3183 ’

1429 3233 1727 3275 vicecomitatus
1764 3235 1824 3284 de,
1863 3237 1925 3286 19,
1957 3236 2022 3285 50,
2053 3237 2117 3284 64,
2149 3238 2213 3287 72,
2245 3238 2309 3287 86,
