2762 3834
658 390 1085 445 REGISTRUM
1119 393 1215 446 DE
1252 394 1804 455 ABERBROTHOC.
2150 414 2241 467 337

211 531 425 578 actorum
454 535 502 576 et
527 528 589 576 ad
614 528 896 576 faciendum
933 530 1097 579 omnia
1133 531 1228 580 alia
1266 569 1277 581 .
1317 571 1327 582 .
1365 571 1375 582 .
1414 552 1508 599 que
1531 553 1620 600 per
1643 537 1917 588 huiusmodi
1941 542 2243 593 actornatum

213 658 224 669 .
256 659 267 669 .
304 658 315 669 .
349 628 584 686 poterunt
602 621 826 686 expediri
865 659 876 670 .
915 659 926 670 .
963 660 973 672 .
1011 623 1316 687 presentibus
1335 627 1399 675 ad
1418 627 1719 678 voluntatem
1739 629 1952 679 nostram
1971 633 2216 684 duraturis
2235 664 2245 674 ·

24 692 29 727 ¹
210 713 572 777 Quamquidem
599 712 824 761 cedulam
860 749 871 759 .
907 751 918 761 .
956 749 967 759 .
1002 715 1150 764 abbas
1176 724 1224 765 et
1249 727 1520 768 conuentus
1555 755 1566 767 .
1598 758 1608 770 .
1650 759 1660 769 .
1693 723 1950 786 pecierunt
1974 742 2001 773 a
2025 742 2102 773 me
2138 766 2147 775 .
2186 766 2194 775 .

207 806 293 855 sub
322 805 637 854 instrumenti
675 842 685 853 .
726 842 736 852 .
776 842 787 853 .
824 804 985 854 forma
1021 844 1031 854 .
1072 844 1082 854 .
1123 845 1133 855 .
1170 809 1412 872 publicari
1453 839 1464 849 ·
1505 813 1631 862 Aeta
1665 823 1806 864 erant
1840 816 1931 865 hec
1954 818 2006 865 in
2031 818 2243 882 capitulo

26 931 32 959 ἢ
263 937 274 945 ,
316 936 326 944 .
369 896 653 946 monasterii
692 897 819 945 hora
858 898 1120 947 vndecima
1160 908 1274 949 ante
1313 904 1580 952 merediem
1623 906 1701 953 vel
1742 907 1935 957 eocirca
1976 948 1985 958 .
2029 948 2038 958 .
2083 950 2092 959 .
2135 928 2244 975 pre-

28 962 33 1072 Ι
207 989 419 1038 sentibus
471 989 657 1038 ibidem
712 988 1006 1039 Alexandro
1050 990 1274 1058 Baldovy
1321 994 1382 1042 de
1436 996 1608 1045 eodem
1655 1025 1666 1035 ·
1713 998 1902 1047 Jacobo
1951 1001 2144 1050 Guthre
2189 1003 2242 1052 in

208 1081 429 1147 Seytoun
454 1107 464 1118 ·
487 1081 715 1130 Waltero
740 1080 989 1130 Lichtoun
1011 1082 1063 1130 in
1088 1083 1227 1150 Athy
1254 1111 1263 1122 ·
1289 1102 1397 1134 cum
1423 1087 1624 1137 diuerfis
1649 1089 1756 1138 aliis
1792 1130 1800 1138 .
1841 1130 1850 1138 .
1888 1129 1898 1139 .

274 1216 282 1223 .
321 1215 329 1222 .
367 1214 379 1226 .
407 1174 665 1223 Johannes
692 1173 861 1223 Brovn
892 1213 901 1223 .
937 1215 946 1223 .
981 1215 989 1223 .
1025 1176 1245 1225 notarius
1284 1217 1293 1225 .
1332 1218 1340 1226 .
1378 1218 1386 1226 .

201 1421 481 1511 Glammys
504 1445 816 1511 presentatur
844 1447 1099 1514 [magister
1122 1449 1158 1497 J
1161 1448 1378 1499 ohannes
1402 1448 1636 1516 Listone.]

52 1633 143 1678 420
201 1605 470 1694 Magister
493 1628 529 1678 J
531 1629 753 1678 ohannes
777 1630 978 1679 Listone
1014 1631 1149 1679 sacre
1173 1630 1420 1695 theologie
1443 1630 1676 1696 professor
1701 1648 1758 1680 ac
1785 1631 1948 1681 Sancti
1975 1632 2242 1682 Saluatoris

156 1755 161 1756 ν
199 1719 395 1786 collegii
430 1721 702 1786 prepofitus
737 1721 1048 1787 presentatur
1083 1723 1147 1771 ad
1185 1722 1441 1789 Glammys
1472 1722 1735 1772 secundum
1769 1724 1973 1773 formam
1997 1725 2241 1789 presenta-

198 1812 353 1860 cionis
393 1811 614 1877 magistri
654 1813 901 1863 Johannis
943 1813 1206 1863 Anderson
1247 1815 1308 1864 de
1347 1814 1587 1879 Dunbolg
1625 1814 1745 1880 [No.
1787 1814 1907 1880 405]
1953 1815 2122 1864 vltimo
2161 1815 2240 1864 die

196 1905 370 1952 menfis
399 1903 702 1970 Septembris
728 1923 859 1954 anno
884 1905 1093 1954 Domini
1117 1907 1370 1955 millefimo
1395 1907 1780 1972 quingentefimo
1804 1907 1978 1971 primo.

264 1995 469 2046 Remifit
493 1998 556 2046 ad
582 1997 854 2062 capitulum
882 1998 1012 2047 suam
1037 1998 1478 2063 presentacionem.
1982 1975 1994 1989 Χ

131 2265 134 2267 v
195 2247 475 2335 Glammys
498 2270 811 2334 presentatur
834 2269 1068 2335 magister
1093 2268 1372 2318 Willelmus
1397 2265 1644 2315 Prestone.

47 2390 135 2543 iffi]
199 2490 207 2498 .
258 2491 268 2500 .
318 2491 327 2500 .
375 2448 569 2503 Jacobo
615 2489 627 2503 -.
677 2491 687 2501 .
737 2492 747 2501 .
795 2454 1167 2519 archiepiscopo
1232 2451 1582 2501 Sanfflandree
1634 2487 1644 2496 .
1698 2487 1707 2496 .
1761 2487 1770 2496 .
1824 2449 1995 2497 Scocie
2040 2448 2236 2513 primati

196 2543 412 2609 sedisque
434 2545 889 2611 apostolice'legato
913 2554 1031 2595 nato
1053 2562 1115 2594 ac
1140 2544 1254 2593 duci
1274 2541 1434 2591 Roffie
1453 2549 1546 2590 etc.
1588 2578 1598 2589 .
1634 2578 1644 2588 .
1679 2577 1689 2588 .
1727 2540 1898 2589 Dauid
1934 2577 1944 2587 .
1986 2577 1997 2588 .
2037 2576 2047 2587 .
2087 2539 2234 2588 abbas

248 2675 258 2685 .
303 2675 314 2685 .
363 2637 425 2686 de
469 2637 808 2687 Abirbrothoc
851 2675 862 2686 .
909 2675 920 2686 .
965 2678 973 2686 .
1015 2634 1330 2686 reuerencias
1372 2669 1384 2682 .
1429 2670 1439 2680 .
1484 2670 1495 2680 .
1539 2631 1624 2680 Ad
1670 2631 1902 2680 vicariam
1949 2636 2234 2695 perpetuam

194 2728 395 2778 ecclesie
442 2729 768 2794 parrochialis
813 2730 878 2779 de
925 2729 1184 2794 Glammys
1233 2765 1244 2776 .
1290 2764 1301 2775 .
1345 2762 1356 2774 .
1409 2731 1667 2774 vacantem
1712 2740 1802 2787 per
1847 2729 2054 2771 mortem
2101 2757 2112 2769 .
2161 2761 2170 2769 .
2222 2759 2231 2768 .

194 2820 415 2885 magistri
439 2820 648 2870 Roberti
673 2820 836 2887 Barry
880 2858 891 2869 .
931 2857 943 2869 .
981 2858 993 2869 .
1035 2819 1321 2885 magistrum
1350 2816 1650 2865 Willelmum
1675 2813 1908 2873 Prestone
1932 2812 2086 2862 vestre
2122 2851 2131 2860 .
2170 2849 2180 2860 .
2221 2850 2231 2859 .

193 2911 480 2974 paternitati
517 2949 528 2961 .
565 2949 576 2961 .
613 2948 625 2960 .
658 2914 995 2977 presentamus
1033 2950 1042 2960 .
1086 2947 1097 2957 .
1139 2948 1151 2959 .
1192 2909 1346 2975 Apud
1385 2945 1396 2957 .
1434 2946 1444 2957 .
1483 2946 1493 2957 .
1530 2906 1798 2972 capitulum
1820 2905 1901 2954 die
1925 2921 2041 2954 vero
2066 2904 2231 2953 vltimo

198 3000 498 3067 Septembris
523 3021 654 3053 anno
676 3004 883 3053 Domini
906 3002 1161 3052 millesimo
1182 3002 1575 3069 quingentesimo
1598 3000 1769 3065 primo.

1182 3263 1269 3306 211
