<?xml version="1.0" encoding="UTF-8"?>
<!DOCTYPE html PUBLIC "-//W3C//DTD XHTML 1.0 Transitional//EN"
    "http://www.w3.org/TR/xhtml1/DTD/xhtml1-transitional.dtd">
<html xmlns="http://www.w3.org/1999/xhtml" xml:lang="en" lang="en">
 <head>
  <title>
</title>
<meta http-equiv="Content-Type" content="text/html;charset=utf-8" />
  <meta name='ocr-system' content='tesseract 3.04.00' />
  <meta name='ocr-capabilities' content='ocr_page ocr_carea ocr_par ocr_line ocrx_word'/>
</head>
<body>
  <div class='ocr_page' id='page_1' title='image "./libersthomedea8602arbruoft_0292.png"; bbox 0 0 2762 3834; ppageno 0'>
   <div class='ocr_carea' id='block_1_1' title="bbox 435 767 532 811">
    <p class='ocr_par' dir='ltr' id='par_1_1' title="bbox 435 767 532 811">
     <span class='ocr_line' id='line_1_1' title="bbox 435 767 532 811; baseline -0.01 0"><span class='ocrx_word' id='word_1_1' title='bbox 435 767 532 811; x_wconf 81' lang='lat'>218</span> 
     </span>
    </p>
   </div>
   <div class='ocr_carea' id='block_1_2' title="bbox 441 2122 536 2171">
    <p class='ocr_par' dir='ltr' id='par_1_2' title="bbox 441 2122 536 2171">
     <span class='ocr_line' id='line_1_2' title="bbox 441 2122 536 2171; baseline 0 -7"><span class='ocrx_word' id='word_1_2' title='bbox 441 2122 536 2171; x_wconf 82' lang='lat'>219</span> 
     </span>
    </p>
   </div>
   <div class='ocr_carea' id='block_1_3' title="bbox 582 341 2161 413">
    <p class='ocr_par' dir='ltr' id='par_1_3' title="bbox 582 341 2161 413">
     <span class='ocr_line' id='line_1_3' title="bbox 582 341 2161 413; baseline -0.011 -7"><span class='ocrx_word' id='word_1_3' title='bbox 582 362 673 413; x_wconf 71' lang='lat'>19⁶2</span> <span class='ocrx_word' id='word_1_4' title='bbox 1017 348 1436 404; x_wconf 85' lang='lat' dir='ltr'><strong>REGISTRUM</strong></span> <span class='ocrx_word' id='word_1_5' title='bbox 1471 346 1567 395; x_wconf 93' lang='lat' dir='ltr'>DE</span> <span class='ocrx_word' id='word_1_6' title='bbox 1603 341 2161 393; x_wconf 87' lang='lat' dir='ltr'><strong>ABERBROTHOC.</strong></span> 
     </span>
    </p>
   </div>
   <div class='ocr_carea' id='block_1_4' title="bbox 581 560 1618 633">
    <p class='ocr_par' dir='ltr' id='par_1_4' title="bbox 581 560 1618 633">
     <span class='ocr_line' id='line_1_4' title="bbox 581 560 1618 633; baseline -0.015 -3"><span class='ocrx_word' id='word_1_7' title='bbox 581 560 863 631; x_wconf 77' lang='lat' dir='ltr'>Afl&#39;edacio</span> <span class='ocrx_word' id='word_1_8' title='bbox 887 574 1085 624; x_wconf 78' lang='lat' dir='ltr'>ecclesie</span> <span class='ocrx_word' id='word_1_9' title='bbox 1110 574 1170 620; x_wconf 90' lang='lat' dir='ltr'>de</span> <span class='ocrx_word' id='word_1_10' title='bbox 1196 570 1618 633; x_wconf 88' lang='lat' dir='ltr'>Banchoryterny.</span> 
     </span>
    </p>
   </div>
   <div class='ocr_carea' id='block_1_5' title="bbox 580 735 2619 1731">
    <p class='ocr_par' dir='ltr' id='par_1_5' title="bbox 580 735 2619 1731">
     <span class='ocr_line' id='line_1_5' title="bbox 584 735 2610 818; baseline -0.004 -11"><span class='ocrx_word' id='word_1_11' title='bbox 584 735 855 807; x_wconf 84' lang='lat' dir='ltr'>Uniuerfis</span> <span class='ocrx_word' id='word_1_12' title='bbox 878 760 1044 818; x_wconf 89' lang='lat' dir='ltr'>pateat</span> <span class='ocrx_word' id='word_1_13' title='bbox 1069 790 1078 799; x_wconf 93' lang='lat'>.</span> <span class='ocrx_word' id='word_1_14' title='bbox 1105 787 1116 797; x_wconf 92' lang='lat'>.</span> <span class='ocrx_word' id='word_1_15' title='bbox 1143 789 1152 798; x_wconf 93' lang='lat'><em>.</em></span> <span class='ocrx_word' id='word_1_16' title='bbox 1179 766 1267 797; x_wconf 89' lang='lat' dir='ltr'>nos</span> <span class='ocrx_word' id='word_1_17' title='bbox 1286 747 1590 796; x_wconf 89' lang='lat' dir='ltr'>Willelmum</span> <span class='ocrx_word' id='word_1_18' title='bbox 1618 786 1627 795; x_wconf 91' lang='lat'><strong>.</strong></span> <span class='ocrx_word' id='word_1_19' title='bbox 1655 786 1664 796; x_wconf 93' lang='lat'><strong>.</strong></span> <span class='ocrx_word' id='word_1_20' title='bbox 1691 786 1700 795; x_wconf 90' lang='lat'><strong>.</strong></span> <span class='ocrx_word' id='word_1_21' title='bbox 1726 748 1952 796; x_wconf 83' lang='lat' dir='ltr'><strong>abbatem</strong></span> <span class='ocrx_word' id='word_1_22' title='bbox 1979 785 1989 795; x_wconf 86' lang='lat'><strong>.</strong></span> <span class='ocrx_word' id='word_1_23' title='bbox 2016 785 2025 795; x_wconf 89' lang='lat'><strong>.</strong></span> <span class='ocrx_word' id='word_1_24' title='bbox 2051 784 2061 795; x_wconf 91' lang='lat'><strong>.</strong></span> <span class='ocrx_word' id='word_1_25' title='bbox 2087 747 2149 795; x_wconf 92' lang='lat' dir='ltr'>de</span> <span class='ocrx_word' id='word_1_26' title='bbox 2169 747 2505 797; x_wconf 91' lang='lat' dir='ltr'>Abirbrothoc</span> <span class='ocrx_word' id='word_1_27' title='bbox 2531 789 2539 797; x_wconf 92' lang='lat'><strong><em>.</em></strong></span> <span class='ocrx_word' id='word_1_28' title='bbox 2566 789 2575 798; x_wconf 89' lang='lat'><strong>.</strong></span> <span class='ocrx_word' id='word_1_29' title='bbox 2602 789 2610 798; x_wconf 95' lang='lat'><em>.</em></span> 
     </span>
     <span class='ocr_line' id='line_1_6' title="bbox 582 838 2613 905; baseline -0.003 -10"><span class='ocrx_word' id='word_1_30' title='bbox 582 845 803 895; x_wconf 71' lang='lat' dir='ltr'>atsedafl&#39;e</span> <span class='ocrx_word' id='word_1_31' title='bbox 838 883 848 893; x_wconf 89' lang='lat'><strong>.</strong></span> <span class='ocrx_word' id='word_1_32' title='bbox 885 882 895 892; x_wconf 89' lang='lat'><strong><em>.</em></strong></span> <span class='ocrx_word' id='word_1_33' title='bbox 929 882 940 892; x_wconf 92' lang='lat'>.</span> <span class='ocrx_word' id='word_1_34' title='bbox 977 842 1263 891; x_wconf 82' lang='lat' dir='ltr'>Alexandro</span> <span class='ocrx_word' id='word_1_35' title='bbox 1289 840 1480 889; x_wconf 87' lang='lat' dir='ltr'>Burnat</span> <span class='ocrx_word' id='word_1_36' title='bbox 1504 840 1565 887; x_wconf 90' lang='lat' dir='ltr'>de</span> <span class='ocrx_word' id='word_1_37' title='bbox 1592 839 1744 905; x_wconf 78' lang='lat' dir='ltr'>Leyis</span> <span class='ocrx_word' id='word_1_38' title='bbox 1781 875 1791 887; x_wconf 93' lang='lat'><strong>.</strong></span> <span class='ocrx_word' id='word_1_39' title='bbox 1829 878 1838 887; x_wconf 95' lang='lat'>.</span> <span class='ocrx_word' id='word_1_40' title='bbox 1879 878 1888 887; x_wconf 94' lang='lat'><strong><em>.</em></strong></span> <span class='ocrx_word' id='word_1_41' title='bbox 1924 839 2103 904; x_wconf 79' lang='lat' dir='ltr'>garbas</span> <span class='ocrx_word' id='word_1_42' title='bbox 2128 838 2391 888; x_wconf 83' lang='lat' dir='ltr'>decimales</span> <span class='ocrx_word' id='word_1_43' title='bbox 2415 840 2613 889; x_wconf 71' lang='lat' dir='ltr'>ecclesie</span> 
     </span>
     <span class='ocr_line' id='line_1_7' title="bbox 582 930 2615 998; baseline -0.003 -12"><span class='ocrx_word' id='word_1_44' title='bbox 582 938 740 987; x_wconf 84' lang='lat' dir='ltr'>nostre</span> <span class='ocrx_word' id='word_1_45' title='bbox 772 937 832 985; x_wconf 90' lang='lat' dir='ltr'>de</span> <span class='ocrx_word' id='word_1_46' title='bbox 862 935 1224 998; x_wconf 88' lang='lat' dir='ltr'>Banchriterny</span> <span class='ocrx_word' id='word_1_47' title='bbox 1266 970 1276 980; x_wconf 89' lang='lat'><strong>.</strong></span> <span class='ocrx_word' id='word_1_48' title='bbox 1316 969 1327 980; x_wconf 90' lang='lat'><strong>.</strong></span> <span class='ocrx_word' id='word_1_49' title='bbox 1365 970 1375 979; x_wconf 92' lang='lat'><strong>.</strong></span> <span class='ocrx_word' id='word_1_50' title='bbox 1410 947 1501 995; x_wconf 84' lang='lat' dir='ltr'>pro</span> <span class='ocrx_word' id='word_1_51' title='bbox 1533 930 1745 979; x_wconf 91' lang='lat' dir='ltr'>termino</span> <span class='ocrx_word' id='word_1_52' title='bbox 1769 946 1948 978; x_wconf 92' lang='lat' dir='ltr'>nouem</span> <span class='ocrx_word' id='word_1_53' title='bbox 1974 947 2216 979; x_wconf 90' lang='lat' dir='ltr'>annorum</span> <span class='ocrx_word' id='word_1_54' title='bbox 2255 970 2264 978; x_wconf 93' lang='lat'>.</span> <span class='ocrx_word' id='word_1_55' title='bbox 2301 969 2311 979; x_wconf 91' lang='lat'><strong>.</strong></span> <span class='ocrx_word' id='word_1_56' title='bbox 2352 969 2361 979; x_wconf 90' lang='lat'>.</span> <span class='ocrx_word' id='word_1_57' title='bbox 2405 931 2615 980; x_wconf 85' lang='lat' dir='ltr'>termino</span> 
     </span>
     <span class='ocr_line' id='line_1_8' title="bbox 583 1021 2617 1088; baseline -0.002 -11"><span class='ocrx_word' id='word_1_58' title='bbox 583 1046 697 1078; x_wconf 85' lang='lat' dir='ltr'>vero</span> <span class='ocrx_word' id='word_1_59' title='bbox 722 1027 950 1076; x_wconf 85' lang='lat' dir='ltr'><strong>introitus</strong></span> <span class='ocrx_word' id='word_1_60' title='bbox 984 1065 992 1074; x_wconf 92' lang='lat'><strong><em>.</em></strong></span> <span class='ocrx_word' id='word_1_61' title='bbox 1027 1065 1035 1073; x_wconf 95' lang='lat'><strong><em>.</em></strong></span> <span class='ocrx_word' id='word_1_62' title='bbox 1072 1065 1080 1073; x_wconf 90' lang='lat'><strong>.</strong></span> <span class='ocrx_word' id='word_1_63' title='bbox 1115 1024 1383 1088; x_wconf 87' lang='lat' dir='ltr'>incipiente</span> <span class='ocrx_word' id='word_1_64' title='bbox 1408 1023 1460 1070; x_wconf 93' lang='lat' dir='ltr'>in</span> <span class='ocrx_word' id='word_1_65' title='bbox 1484 1021 1605 1070; x_wconf 88' lang='lat' dir='ltr'>festo</span> <span class='ocrx_word' id='word_1_66' title='bbox 1634 1021 1803 1072; x_wconf 64' lang='lat' dir='ltr'>Sancti</span> <span class='ocrx_word' id='word_1_67' title='bbox 1827 1021 1965 1071; x_wconf 83' lang='lat' dir='ltr'>Petri</span> <span class='ocrx_word' id='word_1_68' title='bbox 1989 1022 2122 1085; x_wconf 92' lang='lat' dir='ltr'>quod</span> <span class='ocrx_word' id='word_1_69' title='bbox 2146 1022 2329 1071; x_wconf 87' lang='lat' dir='ltr'>dicitur</span> <span class='ocrx_word' id='word_1_70' title='bbox 2353 1022 2617 1072; x_wconf 91' lang='lat' dir='ltr'>aduincula</span> 
     </span>
     <span class='ocr_line' id='line_1_9' title="bbox 581 1105 2616 1182; baseline -0.003 -14"><span class='ocrx_word' id='word_1_71' title='bbox 581 1122 740 1168; x_wconf 85' lang='lat' dir='ltr'>datam</span> <span class='ocrx_word' id='word_1_72' title='bbox 766 1105 1069 1182; x_wconf 73' lang='lat' dir='ltr'>presencium</span> <span class='ocrx_word' id='word_1_73' title='bbox 1106 1154 1115 1163; x_wconf 92' lang='lat'>.</span> <span class='ocrx_word' id='word_1_74' title='bbox 1154 1154 1163 1163; x_wconf 93' lang='lat'><strong><em>.</em></strong></span> <span class='ocrx_word' id='word_1_75' title='bbox 1203 1153 1212 1163; x_wconf 90' lang='lat'><strong>.</strong></span> <span class='ocrx_word' id='word_1_76' title='bbox 1249 1114 1533 1162; x_wconf 88' lang='lat' dir='ltr'>immediate</span> <span class='ocrx_word' id='word_1_77' title='bbox 1558 1114 1790 1177; x_wconf 87' lang='lat' dir='ltr'>sequente</span> <span class='ocrx_word' id='word_1_78' title='bbox 1825 1150 1836 1161; x_wconf 88' lang='lat'><strong><em>.</em></strong></span> <span class='ocrx_word' id='word_1_79' title='bbox 1872 1152 1881 1162; x_wconf 90' lang='lat'><strong>.</strong></span> <span class='ocrx_word' id='word_1_80' title='bbox 1917 1150 1928 1160; x_wconf 93' lang='lat'>.</span> <span class='ocrx_word' id='word_1_81' title='bbox 1964 1111 2211 1161; x_wconf 89' lang='lat' dir='ltr'>Soluendo</span> <span class='ocrx_word' id='word_1_82' title='bbox 2243 1151 2254 1161; x_wconf 91' lang='lat'>.</span> <span class='ocrx_word' id='word_1_83' title='bbox 2288 1151 2298 1162; x_wconf 90' lang='lat'><strong>.</strong></span> <span class='ocrx_word' id='word_1_84' title='bbox 2331 1151 2341 1162; x_wconf 90' lang='lat'><em>.</em></span> <span class='ocrx_word' id='word_1_85' title='bbox 2379 1113 2616 1178; x_wconf 90' lang='lat' dir='ltr'>quinqua-</span> 
     </span>
     <span class='ocr_line' id='line_1_10' title="bbox 580 1204 2619 1275; baseline -0.002 -17"><span class='ocrx_word' id='word_1_86' title='bbox 580 1212 716 1275; x_wconf 82' lang='lat' dir='ltr'>ginta</span> <span class='ocrx_word' id='word_1_87' title='bbox 760 1211 908 1258; x_wconf 87' lang='lat' dir='ltr'>libras</span> <span class='ocrx_word' id='word_1_88' title='bbox 954 1208 1128 1257; x_wconf 88' lang='lat' dir='ltr'>vsualis</span> <span class='ocrx_word' id='word_1_89' title='bbox 1172 1214 1368 1255; x_wconf 89' lang='lat' dir='ltr'>monete</span> <span class='ocrx_word' id='word_1_90' title='bbox 1412 1206 1555 1271; x_wconf 91' lang='lat' dir='ltr'>regni</span> <span class='ocrx_word' id='word_1_91' title='bbox 1595 1204 1768 1253; x_wconf 89' lang='lat' dir='ltr'>Scocie</span> <span class='ocrx_word' id='word_1_92' title='bbox 1806 1205 1870 1252; x_wconf 91' lang='lat' dir='ltr'>ad</span> <span class='ocrx_word' id='word_1_93' title='bbox 1907 1204 2029 1252; x_wconf 88' lang='lat' dir='ltr'>duos</span> <span class='ocrx_word' id='word_1_94' title='bbox 2070 1204 2188 1252; x_wconf 91' lang='lat' dir='ltr'>anni</span> <span class='ocrx_word' id='word_1_95' title='bbox 2226 1204 2462 1253; x_wconf 89' lang='lat' dir='ltr'>terminos</span> <span class='ocrx_word' id='word_1_96' title='bbox 2498 1204 2619 1254; x_wconf 86' lang='lat' dir='ltr'>festa</span> 
     </span>
     <span class='ocr_line' id='line_1_11' title="bbox 583 1294 2618 1359; baseline -0.003 -9"><span class='ocrx_word' id='word_1_97' title='bbox 583 1302 809 1350; x_wconf 87' lang='lat' dir='ltr'>videlicet</span> <span class='ocrx_word' id='word_1_98' title='bbox 836 1300 1000 1350; x_wconf 65' lang='lat' dir='ltr'>Sancti</span> <span class='ocrx_word' id='word_1_99' title='bbox 1026 1298 1237 1347; x_wconf 86' lang='lat' dir='ltr'>Palladii</span> <span class='ocrx_word' id='word_1_100' title='bbox 1261 1304 1310 1345; x_wconf 85' lang='lat' dir='ltr'>et</span> <span class='ocrx_word' id='word_1_101' title='bbox 1337 1295 1503 1346; x_wconf 72' lang='lat' dir='ltr'>Sanffl</span> <span class='ocrx_word' id='word_1_102' title='bbox 1528 1295 1790 1344; x_wconf 84' lang='lat' dir='ltr'>Michaelis</span> <span class='ocrx_word' id='word_1_103' title='bbox 1829 1335 1839 1345; x_wconf 94' lang='lat'><strong>.</strong></span> <span class='ocrx_word' id='word_1_104' title='bbox 1885 1332 1896 1343; x_wconf 89' lang='lat'><strong>.</strong></span> <span class='ocrx_word' id='word_1_105' title='bbox 1942 1332 1952 1341; x_wconf 89' lang='lat'>.</span> <span class='ocrx_word' id='word_1_106' title='bbox 1995 1294 2201 1359; x_wconf 88' lang='lat' dir='ltr'>Insuper</span> <span class='ocrx_word' id='word_1_107' title='bbox 2224 1295 2259 1342; x_wconf 86' lang='lat' dir='ltr'>fi</span> <span class='ocrx_word' id='word_1_108' title='bbox 2298 1332 2309 1343; x_wconf 89' lang='lat'><strong>.</strong></span> <span class='ocrx_word' id='word_1_109' title='bbox 2349 1331 2360 1343; x_wconf 93' lang='lat'><strong>.</strong></span> <span class='ocrx_word' id='word_1_110' title='bbox 2401 1332 2412 1342; x_wconf 92' lang='lat'><strong>.</strong></span> <span class='ocrx_word' id='word_1_111' title='bbox 2450 1296 2618 1344; x_wconf 89' lang='lat' dir='ltr'>tardus</span> 
     </span>
     <span class='ocr_line' id='line_1_12' title="bbox 584 1385 2619 1456; baseline -0.003 -15"><span class='ocrx_word' id='word_1_112' title='bbox 584 1394 729 1441; x_wconf 85' lang='lat' dir='ltr'>fuerit</span> <span class='ocrx_word' id='word_1_113' title='bbox 766 1400 850 1441; x_wconf 87' lang='lat' dir='ltr'>aut</span> <span class='ocrx_word' id='word_1_114' title='bbox 878 1392 1134 1456; x_wconf 86' lang='lat' dir='ltr'>negligens</span> <span class='ocrx_word' id='word_1_115' title='bbox 1167 1390 1219 1438; x_wconf 91' lang='lat' dir='ltr'>in</span> <span class='ocrx_word' id='word_1_116' title='bbox 1258 1388 1506 1437; x_wconf 89' lang='lat' dir='ltr'>solucione</span> <span class='ocrx_word' id='word_1_117' title='bbox 1544 1426 1554 1435; x_wconf 91' lang='lat'>.</span> <span class='ocrx_word' id='word_1_118' title='bbox 1597 1426 1606 1435; x_wconf 94' lang='lat'>.</span> <span class='ocrx_word' id='word_1_119' title='bbox 1645 1425 1655 1435; x_wconf 89' lang='lat'><strong>.</strong></span> <span class='ocrx_word' id='word_1_120' title='bbox 1693 1388 1826 1435; x_wconf 85' lang='lat' dir='ltr'>infra</span> <span class='ocrx_word' id='word_1_121' title='bbox 1859 1386 2158 1451; x_wconf 90' lang='lat' dir='ltr'>quindenam</span> <span class='ocrx_word' id='word_1_122' title='bbox 2194 1393 2465 1434; x_wconf 89' lang='lat' dir='ltr'>memorata</span> <span class='ocrx_word' id='word_1_123' title='bbox 2498 1385 2619 1435; x_wconf 84' lang='lat' dir='ltr'>festa</span> 
     </span>
     <span class='ocr_line' id='line_1_13' title="bbox 583 1478 2617 1549; baseline -0.004 -16"><span class='ocrx_word' id='word_1_124' title='bbox 583 1487 860 1549; x_wconf 86' lang='lat' dir='ltr'>sequentem</span> <span class='ocrx_word' id='word_1_125' title='bbox 885 1484 1075 1533; x_wconf 91' lang='lat' dir='ltr'>licitum</span> <span class='ocrx_word' id='word_1_126' title='bbox 1101 1482 1195 1531; x_wconf 91' lang='lat' dir='ltr'>erit</span> <span class='ocrx_word' id='word_1_127' title='bbox 1218 1482 1360 1530; x_wconf 89' lang='lat' dir='ltr'>nobis</span> <span class='ocrx_word' id='word_1_128' title='bbox 1403 1521 1411 1529; x_wconf 90' lang='lat'><strong><em>.</em></strong></span> <span class='ocrx_word' id='word_1_129' title='bbox 1457 1519 1465 1528; x_wconf 90' lang='lat'><strong>.</strong></span> <span class='ocrx_word' id='word_1_130' title='bbox 1513 1518 1523 1527; x_wconf 91' lang='lat'><strong>.</strong></span> <span class='ocrx_word' id='word_1_131' title='bbox 1567 1481 1627 1528; x_wconf 92' lang='lat' dir='ltr'>de</span> <span class='ocrx_word' id='word_1_132' title='bbox 1654 1479 1794 1528; x_wconf 65' lang='lat' dir='ltr'>dietis</span> <span class='ocrx_word' id='word_1_133' title='bbox 1836 1520 1845 1528; x_wconf 90' lang='lat'>.</span> <span class='ocrx_word' id='word_1_134' title='bbox 1892 1517 1903 1527; x_wconf 83' lang='lat'><strong>.</strong></span> <span class='ocrx_word' id='word_1_135' title='bbox 1949 1516 1959 1527; x_wconf 90' lang='lat'><strong>.</strong></span> <span class='ocrx_word' id='word_1_136' title='bbox 2002 1495 2094 1544; x_wconf 91' lang='lat' dir='ltr'>pro</span> <span class='ocrx_word' id='word_1_137' title='bbox 2137 1518 2145 1526; x_wconf 97' lang='lat'>.</span> <span class='ocrx_word' id='word_1_138' title='bbox 2190 1518 2199 1527; x_wconf 95' lang='lat'>.</span> <span class='ocrx_word' id='word_1_139' title='bbox 2245 1515 2255 1525; x_wconf 86' lang='grc'><strong>.</strong></span> <span class='ocrx_word' id='word_1_140' title='bbox 2296 1478 2438 1526; x_wconf 90' lang='lat' dir='ltr'>libito</span> <span class='ocrx_word' id='word_1_141' title='bbox 2488 1517 2497 1526; x_wconf 91' lang='lat'><strong>.</strong></span> <span class='ocrx_word' id='word_1_142' title='bbox 2546 1517 2556 1527; x_wconf 92' lang='lat'>.</span> <span class='ocrx_word' id='word_1_143' title='bbox 2607 1515 2617 1525; x_wconf 91' lang='lat'><strong>.</strong></span> 
     </span>
     <span class='ocr_line' id='line_1_14' title="bbox 585 1569 2619 1639; baseline -0.003 -16"><span class='ocrx_word' id='word_1_144' title='bbox 585 1577 839 1639; x_wconf 88' lang='lat' dir='ltr'>disponere</span> <span class='ocrx_word' id='word_1_145' title='bbox 877 1613 887 1622; x_wconf 91' lang='lat'><strong>.</strong></span> <span class='ocrx_word' id='word_1_146' title='bbox 926 1614 935 1622; x_wconf 93' lang='lat'><strong><em>.</em></strong></span> <span class='ocrx_word' id='word_1_147' title='bbox 974 1613 985 1622; x_wconf 92' lang='lat'>.</span> <span class='ocrx_word' id='word_1_148' title='bbox 1024 1574 1175 1639; x_wconf 91' lang='lat' dir='ltr'>Apud</span> <span class='ocrx_word' id='word_1_149' title='bbox 1199 1572 1546 1621; x_wconf 85' lang='lat' dir='ltr'>monasterium</span> <span class='ocrx_word' id='word_1_150' title='bbox 1569 1572 1814 1637; x_wconf 86' lang='lat' dir='ltr'>prefatum</span> <span class='ocrx_word' id='word_1_151' title='bbox 1841 1577 1922 1619; x_wconf 83' lang='lat' dir='ltr'>xx⁰</span> <span class='ocrx_word' id='word_1_152' title='bbox 1944 1570 2117 1635; x_wconf 88' lang='lat' dir='ltr'>quinto</span> <span class='ocrx_word' id='word_1_153' title='bbox 2137 1570 2217 1619; x_wconf 90' lang='lat' dir='ltr'>die</span> <span class='ocrx_word' id='word_1_154' title='bbox 2235 1569 2411 1618; x_wconf 76' lang='lat' dir='ltr'>mensis</span> <span class='ocrx_word' id='word_1_155' title='bbox 2431 1570 2619 1634; x_wconf 83' lang='lat' dir='ltr'>Aprilis</span> 
     </span>
     <span class='ocr_line' id='line_1_15' title="bbox 586 1663 1584 1731; baseline -0.003 -16"><span class='ocrx_word' id='word_1_156' title='bbox 586 1685 714 1715; x_wconf 84' lang='lat' dir='ltr'>anno</span> <span class='ocrx_word' id='word_1_157' title='bbox 739 1667 941 1715; x_wconf 90' lang='lat' dir='ltr'>Domini</span> <span class='ocrx_word' id='word_1_158' title='bbox 966 1674 1031 1714; x_wconf 92' lang='lat' dir='ltr'>m⁰</span> <span class='ocrx_word' id='word_1_159' title='bbox 1056 1672 1190 1716; x_wconf 84' lang='lat' dir='ltr'>cccc⁰</span> <span class='ocrx_word' id='word_1_160' title='bbox 1216 1666 1349 1714; x_wconf 85' lang='lat' dir='ltr'>lxxx⁰</span> <span class='ocrx_word' id='word_1_161' title='bbox 1372 1665 1426 1713; x_wconf 83' lang='lat' dir='ltr'>ii⁰</span> <span class='ocrx_word' id='word_1_162' title='bbox 1451 1663 1584 1731; x_wconf 85' lang='lat' dir='ltr'>[iii⁰].</span> 
     </span>
    </p>
   </div>
   <div class='ocr_carea' id='block_1_6' title="bbox 589 1914 1456 1983">
    <p class='ocr_par' dir='ltr' id='par_1_6' title="bbox 589 1914 1456 1983">
     <span class='ocr_line' id='line_1_16' title="bbox 589 1914 1456 1983; baseline -0.005 0"><span class='ocrx_word' id='word_1_163' title='bbox 589 1914 870 1983; x_wconf 78' lang='lat' dir='ltr'>Assedacio</span> <span class='ocrx_word' id='word_1_164' title='bbox 896 1941 1025 1980; x_wconf 87' lang='lat' dir='ltr'>terre</span> <span class='ocrx_word' id='word_1_165' title='bbox 1050 1933 1111 1980; x_wconf 90' lang='lat' dir='ltr'>de</span> <span class='ocrx_word' id='word_1_166' title='bbox 1137 1932 1456 1981; x_wconf 89' lang='lat' dir='ltr'>Dunberoch.</span> 
     </span>
    </p>
   </div>
   <div class='ocr_carea' id='block_1_7' title="bbox 591 2095 2621 3093">
    <p class='ocr_par' dir='ltr' id='par_1_7' title="bbox 591 2095 2621 3093">
     <span class='ocr_line' id='line_1_17' title="bbox 591 2095 2620 2179; baseline -0.002 -15"><span class='ocrx_word' id='word_1_167' title='bbox 591 2095 864 2166; x_wconf 83' lang='lat' dir='ltr'>Uniuerfis</span> <span class='ocrx_word' id='word_1_168' title='bbox 888 2123 1053 2179; x_wconf 90' lang='lat' dir='ltr'>pateat</span> <span class='ocrx_word' id='word_1_169' title='bbox 1094 2153 1104 2163; x_wconf 93' lang='lat'>.</span> <span class='ocrx_word' id='word_1_170' title='bbox 1147 2153 1157 2163; x_wconf 89' lang='lat'>.</span> <span class='ocrx_word' id='word_1_171' title='bbox 1200 2154 1210 2163; x_wconf 93' lang='lat'><em>.</em></span> <span class='ocrx_word' id='word_1_172' title='bbox 1250 2133 1339 2163; x_wconf 89' lang='lat' dir='ltr'>nos</span> <span class='ocrx_word' id='word_1_173' title='bbox 1364 2115 1670 2164; x_wconf 91' lang='lat' dir='ltr'>Willelmum</span> <span class='ocrx_word' id='word_1_174' title='bbox 1708 2151 1719 2163; x_wconf 91' lang='lat'><strong>.</strong></span> <span class='ocrx_word' id='word_1_175' title='bbox 1766 2150 1776 2161; x_wconf 91' lang='lat'><strong>.</strong></span> <span class='ocrx_word' id='word_1_176' title='bbox 1822 2151 1832 2162; x_wconf 91' lang='lat'>.</span> <span class='ocrx_word' id='word_1_177' title='bbox 1870 2113 2095 2162; x_wconf 86' lang='lat' dir='ltr'>abbatem</span> <span class='ocrx_word' id='word_1_178' title='bbox 2140 2150 2150 2160; x_wconf 94' lang='lat'><em>.</em></span> <span class='ocrx_word' id='word_1_179' title='bbox 2194 2150 2204 2160; x_wconf 92' lang='lat'><strong>.</strong></span> <span class='ocrx_word' id='word_1_180' title='bbox 2248 2150 2257 2160; x_wconf 92' lang='lat'><strong>.</strong></span> <span class='ocrx_word' id='word_1_181' title='bbox 2298 2113 2358 2161; x_wconf 91' lang='lat' dir='ltr'>de</span> <span class='ocrx_word' id='word_1_182' title='bbox 2384 2113 2620 2162; x_wconf 90' lang='lat' dir='ltr'>Abirbro-</span> 
     </span>
     <span class='ocr_line' id='line_1_18' title="bbox 591 2204 2620 2271; baseline -0.001 -16"><span class='ocrx_word' id='word_1_183' title='bbox 591 2209 702 2255; x_wconf 91' lang='lat' dir='ltr'>thoc</span> <span class='ocrx_word' id='word_1_184' title='bbox 742 2246 752 2255; x_wconf 92' lang='lat'>.</span> <span class='ocrx_word' id='word_1_185' title='bbox 795 2245 806 2255; x_wconf 93' lang='lat'><strong>.</strong></span> <span class='ocrx_word' id='word_1_186' title='bbox 847 2245 855 2255; x_wconf 94' lang='lat'>.</span> <span class='ocrx_word' id='word_1_187' title='bbox 894 2207 1115 2256; x_wconf 75' lang='lat' dir='ltr'>afl&#39;edaffe</span> <span class='ocrx_word' id='word_1_188' title='bbox 1146 2247 1155 2255; x_wconf 91' lang='lat'><strong><em>.</em></strong></span> <span class='ocrx_word' id='word_1_189' title='bbox 1194 2247 1203 2255; x_wconf 93' lang='lat'>.</span> <span class='ocrx_word' id='word_1_190' title='bbox 1241 2247 1250 2256; x_wconf 95' lang='lat'><strong>.</strong></span> <span class='ocrx_word' id='word_1_191' title='bbox 1283 2208 1570 2256; x_wconf 84' lang='lat' dir='ltr'>Alexandro</span> <span class='ocrx_word' id='word_1_192' title='bbox 1598 2206 1809 2271; x_wconf 90' lang='lat' dir='ltr'>Gardyn</span> <span class='ocrx_word' id='word_1_193' title='bbox 1835 2213 1884 2254; x_wconf 92' lang='lat' dir='ltr'>et</span> <span class='ocrx_word' id='word_1_194' title='bbox 1907 2205 2004 2253; x_wconf 87' lang='lat' dir='ltr'>suis</span> <span class='ocrx_word' id='word_1_195' title='bbox 2028 2204 2275 2270; x_wconf 88' lang='lat' dir='ltr'>affignatis</span> <span class='ocrx_word' id='word_1_196' title='bbox 2316 2242 2326 2253; x_wconf 89' lang='lat'><strong>.</strong></span> <span class='ocrx_word' id='word_1_197' title='bbox 2366 2244 2374 2252; x_wconf 95' lang='lat'>.</span> <span class='ocrx_word' id='word_1_198' title='bbox 2413 2243 2422 2252; x_wconf 95' lang='lat'>.</span> <span class='ocrx_word' id='word_1_199' title='bbox 2465 2213 2620 2253; x_wconf 82' lang='lat' dir='ltr'>terras</span> 
     </span>
     <span class='ocr_line' id='line_1_19' title="bbox 591 2296 2620 2362; baseline -0 -17"><span class='ocrx_word' id='word_1_200' title='bbox 591 2300 776 2346; x_wconf 87' lang='lat' dir='ltr'>nostras</span> <span class='ocrx_word' id='word_1_201' title='bbox 801 2299 861 2346; x_wconf 92' lang='lat' dir='ltr'>de</span> <span class='ocrx_word' id='word_1_202' title='bbox 886 2298 1190 2347; x_wconf 87' lang='lat' dir='ltr'>Dunberoch</span> <span class='ocrx_word' id='word_1_203' title='bbox 1215 2316 1325 2347; x_wconf 92' lang='lat' dir='ltr'>cum</span> <span class='ocrx_word' id='word_1_204' title='bbox 1350 2299 1634 2348; x_wconf 92' lang='lat' dir='ltr'>molendino</span> <span class='ocrx_word' id='word_1_205' title='bbox 1659 2298 1871 2347; x_wconf 89' lang='lat' dir='ltr'>eiusdem</span> <span class='ocrx_word' id='word_1_206' title='bbox 1898 2304 1948 2346; x_wconf 93' lang='lat' dir='ltr'>et</span> <span class='ocrx_word' id='word_1_207' title='bbox 1971 2297 2175 2346; x_wconf 86' lang='lat' dir='ltr'>decimis</span> <span class='ocrx_word' id='word_1_208' title='bbox 2198 2296 2481 2362; x_wconf 89' lang='lat' dir='ltr'>garbalibus</span> <span class='ocrx_word' id='word_1_209' title='bbox 2516 2334 2526 2345; x_wconf 91' lang='lat'>.</span> <span class='ocrx_word' id='word_1_210' title='bbox 2563 2335 2573 2345; x_wconf 90' lang='lat'><strong>.</strong></span> <span class='ocrx_word' id='word_1_211' title='bbox 2611 2334 2620 2345; x_wconf 94' lang='lat'><strong><em>.</em></strong></span> 
     </span>
     <span class='ocr_line' id='line_1_20' title="bbox 591 2387 2620 2453; baseline 0 -18"><span class='ocrx_word' id='word_1_212' title='bbox 591 2389 805 2436; x_wconf 88' lang='lat' dir='ltr'>iacentes</span> <span class='ocrx_word' id='word_1_213' title='bbox 847 2389 900 2435; x_wconf 91' lang='lat' dir='ltr'>in</span> <span class='ocrx_word' id='word_1_214' title='bbox 943 2388 1201 2453; x_wconf 86' lang='lat' dir='ltr'>regalitate</span> <span class='ocrx_word' id='word_1_215' title='bbox 1244 2390 1410 2437; x_wconf 91' lang='lat' dir='ltr'>nostra</span> <span class='ocrx_word' id='word_1_216' title='bbox 1456 2391 1516 2438; x_wconf 92' lang='lat' dir='ltr'>de</span> <span class='ocrx_word' id='word_1_217' title='bbox 1556 2388 1896 2439; x_wconf 89' lang='lat' dir='ltr'>Abirbrothoc</span> <span class='ocrx_word' id='word_1_218' title='bbox 1941 2388 2073 2437; x_wconf 90' lang='lat' dir='ltr'>infra</span> <span class='ocrx_word' id='word_1_219' title='bbox 2119 2387 2513 2436; x_wconf 88' lang='lat' dir='ltr'>vicecomitatum</span> <span class='ocrx_word' id='word_1_220' title='bbox 2560 2388 2620 2435; x_wconf 92' lang='lat' dir='ltr'>de</span> 
     </span>
     <span class='ocr_line' id='line_1_21' title="bbox 594 2477 2619 2545; baseline 0.001 -20"><span class='ocrx_word' id='word_1_221' title='bbox 594 2477 766 2526; x_wconf 84' lang='lat' dir='ltr'>Forfar</span> <span class='ocrx_word' id='word_1_222' title='bbox 806 2495 895 2542; x_wconf 92' lang='lat' dir='ltr'>pro</span> <span class='ocrx_word' id='word_1_223' title='bbox 936 2479 1147 2526; x_wconf 90' lang='lat' dir='ltr'>termino</span> <span class='ocrx_word' id='word_1_224' title='bbox 1183 2481 1508 2529; x_wconf 88' lang='lat' dir='ltr'>nouendecim</span> <span class='ocrx_word' id='word_1_225' title='bbox 1550 2498 1792 2529; x_wconf 87' lang='lat' dir='ltr'>annorum</span> <span class='ocrx_word' id='word_1_226' title='bbox 1826 2481 1935 2545; x_wconf 89' lang='lat' dir='ltr'>post</span> <span class='ocrx_word' id='word_1_227' title='bbox 1972 2482 2136 2529; x_wconf 88' lang='lat' dir='ltr'>datam</span> <span class='ocrx_word' id='word_1_228' title='bbox 2173 2480 2479 2544; x_wconf 90' lang='lat' dir='ltr'>presencium</span> <span class='ocrx_word' id='word_1_229' title='bbox 2515 2518 2523 2527; x_wconf 98' lang='lat'><strong><em>.</em></strong></span> <span class='ocrx_word' id='word_1_230' title='bbox 2564 2518 2573 2527; x_wconf 92' lang='lat'><strong>.</strong></span> <span class='ocrx_word' id='word_1_231' title='bbox 2609 2517 2619 2527; x_wconf 93' lang='lat'><strong>.</strong></span> 
     </span>
     <span class='ocr_line' id='line_1_22' title="bbox 595 2568 2621 2636; baseline 0.001 -21"><span class='ocrx_word' id='word_1_232' title='bbox 595 2586 683 2631; x_wconf 91' lang='lat' dir='ltr'>pro</span> <span class='ocrx_word' id='word_1_233' title='bbox 707 2570 800 2616; x_wconf 83' lang='lat' dir='ltr'>suis</span> <span class='ocrx_word' id='word_1_234' title='bbox 824 2570 1039 2617; x_wconf 88' lang='lat' dir='ltr'>seruiciis</span> <span class='ocrx_word' id='word_1_235' title='bbox 1063 2578 1111 2618; x_wconf 89' lang='lat' dir='ltr'>et</span> <span class='ocrx_word' id='word_1_236' title='bbox 1133 2571 1517 2635; x_wconf 86' lang='lat' dir='ltr'>gratitudinibus</span> <span class='ocrx_word' id='word_1_237' title='bbox 1537 2572 1877 2636; x_wconf 91' lang='lat' dir='ltr'>multipliciter</span> <span class='ocrx_word' id='word_1_238' title='bbox 1894 2570 2123 2635; x_wconf 87' lang='lat' dir='ltr'>impenfis</span> <span class='ocrx_word' id='word_1_239' title='bbox 2148 2610 2157 2619; x_wconf 90' lang='lat'>.</span> <span class='ocrx_word' id='word_1_240' title='bbox 2185 2610 2194 2619; x_wconf 89' lang='lat'><strong>.</strong></span> <span class='ocrx_word' id='word_1_241' title='bbox 2221 2610 2230 2619; x_wconf 89' lang='lat'><strong>.</strong></span> <span class='ocrx_word' id='word_1_242' title='bbox 2256 2580 2305 2620; x_wconf 91' lang='lat' dir='ltr'>et</span> <span class='ocrx_word' id='word_1_243' title='bbox 2329 2568 2621 2635; x_wconf 85' lang='lat' dir='ltr'>affignanter</span> 
     </span>
     <span class='ocr_line' id='line_1_23' title="bbox 598 2661 2620 2726; baseline 0 -19"><span class='ocrx_word' id='word_1_244' title='bbox 598 2698 606 2707; x_wconf 95' lang='lat'>.</span> <span class='ocrx_word' id='word_1_245' title='bbox 635 2697 644 2706; x_wconf 93' lang='lat'>.</span> <span class='ocrx_word' id='word_1_246' title='bbox 671 2699 680 2707; x_wconf 91' lang='lat'><strong>.</strong></span> <span class='ocrx_word' id='word_1_247' title='bbox 702 2677 790 2723; x_wconf 82' lang='lat' dir='ltr'>pro</span> <span class='ocrx_word' id='word_1_248' title='bbox 816 2669 951 2709; x_wconf 85' lang='lat' dir='ltr'>certa</span> <span class='ocrx_word' id='word_1_249' title='bbox 972 2661 1156 2709; x_wconf 90' lang='lat' dir='ltr'>summa</span> <span class='ocrx_word' id='word_1_250' title='bbox 1178 2663 1386 2725; x_wconf 88' lang='lat' dir='ltr'>pecunie</span> <span class='ocrx_word' id='word_1_251' title='bbox 1409 2664 1549 2712; x_wconf 88' lang='lat' dir='ltr'>nobis</span> <span class='ocrx_word' id='word_1_252' title='bbox 1573 2664 1635 2712; x_wconf 92' lang='lat' dir='ltr'>ad</span> <span class='ocrx_word' id='word_1_253' title='bbox 1658 2662 2057 2726; x_wconf 90' lang='lat' dir='ltr'>redempcionem</span> <span class='ocrx_word' id='word_1_254' title='bbox 2081 2661 2325 2710; x_wconf 87' lang='lat' dir='ltr'>bullarum</span> <span class='ocrx_word' id='word_1_255' title='bbox 2347 2661 2620 2709; x_wconf 87' lang='lat' dir='ltr'>nostrarum</span> 
     </span>
     <span class='ocr_line' id='line_1_24' title="bbox 597 2751 2619 2819; baseline 0.002 -22"><span class='ocrx_word' id='word_1_256' title='bbox 597 2760 814 2814; x_wconf 86' lang='lat' dir='ltr'>tempore</span> <span class='ocrx_word' id='word_1_257' title='bbox 840 2751 1153 2799; x_wconf 53' lang='lat' dir='ltr'>confectionis</span> <span class='ocrx_word' id='word_1_258' title='bbox 1176 2753 1479 2815; x_wconf 84' lang='lat' dir='ltr'>presencium</span> <span class='ocrx_word' id='word_1_259' title='bbox 1518 2793 1527 2802; x_wconf 90' lang='lat'><strong>.</strong></span> <span class='ocrx_word' id='word_1_260' title='bbox 1566 2793 1575 2802; x_wconf 89' lang='lat'><strong>.</strong></span> <span class='ocrx_word' id='word_1_261' title='bbox 1615 2755 1920 2819; x_wconf 70' lang='lat' dir='ltr'>,persolutis</span> <span class='ocrx_word' id='word_1_262' title='bbox 1957 2786 1967 2795; x_wconf 88' lang='lat'><strong>·</strong></span> <span class='ocrx_word' id='word_1_263' title='bbox 2003 2755 2214 2803; x_wconf 90' lang='lat' dir='ltr'>termino</span> <span class='ocrx_word' id='word_1_264' title='bbox 2240 2754 2469 2803; x_wconf 89' lang='lat' dir='ltr'>introitus</span> <span class='ocrx_word' id='word_1_265' title='bbox 2504 2791 2514 2802; x_wconf 91' lang='lat'><strong>.</strong></span> <span class='ocrx_word' id='word_1_266' title='bbox 2556 2791 2567 2802; x_wconf 91' lang='lat'><strong>.</strong></span> <span class='ocrx_word' id='word_1_267' title='bbox 2609 2791 2619 2800; x_wconf 91' lang='lat'><strong>.</strong></span> 
     </span>
     <span class='ocr_line' id='line_1_25' title="bbox 597 2839 2619 2910; baseline 0.002 -22"><span class='ocrx_word' id='word_1_268' title='bbox 597 2841 864 2904; x_wconf 88' lang='lat' dir='ltr'>incipiente</span> <span class='ocrx_word' id='word_1_269' title='bbox 888 2841 937 2887; x_wconf 92' lang='lat' dir='ltr'>in</span> <span class='ocrx_word' id='word_1_270' title='bbox 962 2839 1082 2888; x_wconf 90' lang='lat' dir='ltr'>festo</span> <span class='ocrx_word' id='word_1_271' title='bbox 1106 2841 1417 2891; x_wconf 85' lang='lat' dir='ltr'>Pentecostes</span> <span class='ocrx_word' id='word_1_272' title='bbox 1441 2844 1604 2893; x_wconf 86' lang='lat' dir='ltr'>datam</span> <span class='ocrx_word' id='word_1_273' title='bbox 1628 2847 1932 2909; x_wconf 88' lang='lat' dir='ltr'>presencium</span> <span class='ocrx_word' id='word_1_274' title='bbox 1957 2847 2240 2896; x_wconf 89' lang='lat' dir='ltr'>immediate</span> <span class='ocrx_word' id='word_1_275' title='bbox 2263 2847 2494 2910; x_wconf 89' lang='lat' dir='ltr'>sequente</span> <span class='ocrx_word' id='word_1_276' title='bbox 2524 2884 2533 2894; x_wconf 87' lang='lat'><strong>.</strong></span> <span class='ocrx_word' id='word_1_277' title='bbox 2567 2884 2576 2893; x_wconf 92' lang='lat'><strong>.</strong></span> <span class='ocrx_word' id='word_1_278' title='bbox 2609 2883 2619 2893; x_wconf 87' lang='lat'><strong>.</strong></span> 
     </span>
     <span class='ocr_line' id='line_1_26' title="bbox 600 2931 2620 2994; baseline 0.003 -16"><span class='ocrx_word' id='word_1_279' title='bbox 600 2931 870 2979; x_wconf 86' lang='lat' dir='ltr'>Reddendo</span> <span class='ocrx_word' id='word_1_280' title='bbox 912 2970 920 2979; x_wconf 93' lang='lat'><strong>.</strong></span> <span class='ocrx_word' id='word_1_281' title='bbox 960 2968 970 2978; x_wconf 88' lang='lat'><strong>.</strong></span> <span class='ocrx_word' id='word_1_282' title='bbox 1011 2970 1019 2978; x_wconf 93' lang='lat'><strong>.</strong></span> <span class='ocrx_word' id='word_1_283' title='bbox 1062 2948 1151 2994; x_wconf 89' lang='lat' dir='ltr'>pro</span> <span class='ocrx_word' id='word_1_284' title='bbox 1191 2932 1333 2980; x_wconf 89' lang='lat' dir='ltr'>firma</span> <span class='ocrx_word' id='word_1_285' title='bbox 1373 2972 1381 2981; x_wconf 88' lang='lat'><strong>.</strong></span> <span class='ocrx_word' id='word_1_286' title='bbox 1421 2973 1429 2981; x_wconf 92' lang='lat'>.</span> <span class='ocrx_word' id='word_1_287' title='bbox 1467 2973 1476 2981; x_wconf 90' lang='lat'><strong>.</strong></span> <span class='ocrx_word' id='word_1_288' title='bbox 1519 2943 1758 2984; x_wconf 88' lang='lat' dir='ltr'>terrarum</span> <span class='ocrx_word' id='word_1_289' title='bbox 1807 2976 1815 2985; x_wconf 95' lang='lat'><strong>.</strong></span> <span class='ocrx_word' id='word_1_290' title='bbox 1861 2976 1870 2985; x_wconf 88' lang='lat'><strong>.</strong></span> <span class='ocrx_word' id='word_1_291' title='bbox 1911 2976 1920 2985; x_wconf 94' lang='lat'><strong>.</strong></span> <span class='ocrx_word' id='word_1_292' title='bbox 1963 2938 2084 2986; x_wconf 88' lang='lat' dir='ltr'>duas</span> <span class='ocrx_word' id='word_1_293' title='bbox 2126 2938 2316 2986; x_wconf 88' lang='lat' dir='ltr'>celdras</span> <span class='ocrx_word' id='word_1_294' title='bbox 2358 2937 2485 2985; x_wconf 90' lang='lat' dir='ltr'>ordii</span> <span class='ocrx_word' id='word_1_295' title='bbox 2524 2944 2620 2985; x_wconf 84' lang='lat' dir='ltr'>tres</span> 
     </span>
     <span class='ocr_line' id='line_1_27' title="bbox 599 3021 2620 3093; baseline 0.002 -23"><span class='ocrx_word' id='word_1_296' title='bbox 599 3022 789 3070; x_wconf 84' lang='lat' dir='ltr'>celdras</span> <span class='ocrx_word' id='word_1_297' title='bbox 819 3021 1002 3069; x_wconf 78' lang='lat' dir='ltr'>fari-ine</span> <span class='ocrx_word' id='word_1_298' title='bbox 1038 3022 1293 3070; x_wconf 87' lang='lat' dir='ltr'>auenatice</span> <span class='ocrx_word' id='word_1_299' title='bbox 1325 3024 1386 3071; x_wconf 92' lang='lat' dir='ltr'>de</span> <span class='ocrx_word' id='word_1_300' title='bbox 1416 3025 1641 3073; x_wconf 85' lang='lat' dir='ltr'>mensura</span> <span class='ocrx_word' id='word_1_301' title='bbox 1669 3027 1761 3074; x_wconf 90' lang='lat' dir='ltr'>fori</span> <span class='ocrx_word' id='word_1_302' title='bbox 1795 3029 2042 3077; x_wconf 85' lang='lat' dir='ltr'>currentis</span> <span class='ocrx_word' id='word_1_303' title='bbox 2062 3029 2114 3076; x_wconf 94' lang='lat' dir='ltr'>in</span> <span class='ocrx_word' id='word_1_304' title='bbox 2138 3028 2370 3093; x_wconf 91' lang='lat' dir='ltr'>granario</span> <span class='ocrx_word' id='word_1_305' title='bbox 2395 3029 2455 3076; x_wconf 85' lang='lat' dir='ltr'>de</span> <span class='ocrx_word' id='word_1_306' title='bbox 2478 3027 2620 3076; x_wconf 81' lang='lat' dir='ltr'>Abir-</span> 
     </span>
    </p>
   </div>
   <div class='ocr_carea' id='block_1_8' title="bbox 599 3111 2619 3169">
    <p class='ocr_par' dir='ltr' id='par_1_8' title="bbox 599 3111 2619 3169">
     <span class='ocr_line' id='line_1_28' title="bbox 599 3111 2619 3169; baseline 0.003 -10"><span class='ocrx_word' id='word_1_307' title='bbox 599 3112 803 3160; x_wconf 88' lang='lat' dir='ltr'>brothoc</span> <span class='ocrx_word' id='word_1_308' title='bbox 842 3128 973 3160; x_wconf 91' lang='lat' dir='ltr'>nunc</span> <span class='ocrx_word' id='word_1_309' title='bbox 1015 3111 1249 3161; x_wconf 81' lang='lat' dir='ltr'>existente</span> <span class='ocrx_word' id='word_1_310' title='bbox 1288 3114 1351 3162; x_wconf 92' lang='lat' dir='ltr'>ad</span> <span class='ocrx_word' id='word_1_311' title='bbox 1393 3115 1626 3164; x_wconf 84' lang='lat' dir='ltr'>terminos</span> <span class='ocrx_word' id='word_1_312' title='bbox 1663 3118 1938 3169; x_wconf 89' lang='lat' dir='ltr'>huiusmodi</span> <span class='ocrx_word' id='word_1_313' title='bbox 1977 3120 2207 3169; x_wconf 71' lang='lat' dir='ltr'>vi&amp;ualia</span> <span class='ocrx_word' id='word_1_314' title='bbox 2251 3121 2469 3169; x_wconf 88' lang='lat' dir='ltr'>soluendi</span> <span class='ocrx_word' id='word_1_315' title='bbox 2510 3136 2619 3169; x_wconf 92' lang='lat' dir='ltr'>con-</span> 
     </span>
    </p>
   </div>
  </div>
 </body>
</html>
