2742 3848
408 602 506 645 814

409 969 506 1012 815

409 1903 508 1952 816

555 373 653 419 524
1009 368 1445 420 REGISTRUM
1479 368 1578 418 DE
1616 365 2186 416 ABERBROTHOC.

559 574 887 662 Preceptum
919 595 1071 645 safine
1107 595 1351 643 di&arum
1388 602 1637 643 terrarum
1675 620 1684 630 ·
1717 593 1852 642 Vide
1878 593 1930 642 in
1955 593 2168 658 registro
2193 594 2402 660 papireo
2426 611 2637 645 numero

562 693 678 737 251.

561 944 758 1017 Abbas
783 981 874 1029 pro
899 965 1087 1012 summa
1111 964 1594 1030 quadringentarum
1619 964 1862 1014 librarum
1899 973 2100 1015 monete
2128 965 2305 1016 Scocie
2330 965 2513 1016 affedat
2548 984 2642 1032 pro

558 1057 888 1109 nouendecim
914 1058 1058 1106 annis
1085 1075 1115 1107 a
1139 1056 1264 1106 festo
1293 1057 1460 1108 Sancti
1487 1056 1627 1107 Petri
1652 1059 1718 1108 ad
1743 1058 1948 1108 vincula
1976 1063 2106 1108 1535
2130 1058 2167 1108 J
2169 1059 2326 1109 acobo
2348 1059 2642 1126 Crychtone

558 1154 619 1202 de
645 1150 963 1201 Frendracht
994 1150 1143 1200 militi
1181 1159 1231 1212 et
1270 1150 1367 1200 suis
1403 1150 1656 1216 assignatis
1696 1169 1970 1218 eorumque
2006 1152 2259 1218 affignatis
2296 1170 2398 1202 non
2439 1153 2641 1203 maioris

558 1247 710 1295 status
735 1245 956 1294 decimas
976 1244 1208 1310 garbales
1228 1243 1433 1293 ecclefie
1451 1244 1513 1293 de
1531 1244 1669 1311 Forg
1693 1245 1828 1294 infra
1853 1245 2257 1296 vicecomitatum
2285 1247 2347 1295 de
2367 1246 2613 1313 Abyrden
2631 1275 2641 1285 ·

562 1339 813 1388 Soluendo
841 1345 1041 1388 centum
1078 1338 1233 1386 libras
1269 1345 1471 1387 monete
1500 1336 1676 1387 Scocie
1702 1346 1752 1387 et
1778 1338 2100 1388 sustentando
2127 1339 2333 1389 chorum
2360 1338 2563 1389 ecclefie
2588 1340 2640 1388 in

558 1435 689 1482 tecto
727 1462 737 1472 ·
778 1431 846 1481 Et
883 1431 1035 1481 abbas
1061 1432 1110 1480 se
1136 1430 1326 1497 obligat
1349 1430 1403 1479 in
1427 1432 1618 1479 summa
1642 1431 2126 1497 quadringentarum
2151 1432 2394 1482 librarum
2421 1434 2639 1483 eiusdem

557 1532 757 1574 monete
783 1524 968 1573 dictum
987 1523 1024 1573 J
1026 1525 1237 1573 acobum
1262 1525 1316 1573 in
1340 1524 1554 1589 pacifica
1577 1523 1864 1590 poffeflione
1889 1525 2197 1575 decimarum
2222 1543 2323 1575 non
2348 1527 2611 1576 molestare
2631 1555 2641 1564 ·

562 1618 621 1673 17
654 1617 959 1683 Septembris
988 1621 1136 1666 1535.

563 1879 716 1952 Idem
744 1903 979 1951 concedit
1002 1901 1296 1951 Alexandro
1325 1900 1529 1949 Huntar
1552 1901 1821 1952 heredibus
1848 1903 1944 1952 suis
1981 1910 2031 1952 et
2067 1903 2318 1970 affignatis
2343 1906 2466 1955 duas
2490 1907 2642 1955 rudas
2737 1908 2742 1929 ‘¹

561 2004 811 2063 terrarum
836 1996 1058 2044 iacentes
1082 1994 1137 2042 in
1160 1994 1373 2043 baronia
1402 1993 1464 2042 de
1491 1993 1655 2044 Torre
1693 2004 1743 2045 6(
1778 1996 2041 2062 regalitate
2079 1997 2141 2046 de
2176 1998 2471 2063 Abyrbroth
2507 2000 2643 2049 inter
2738 2013 2739 2016 ’

563 2100 720 2140 terras
741 2098 942 2139 vocatas
961 2089 1046 2138 the
1065 2087 1246 2138 Lordis
1265 2087 1502 2154 Croft[is]
1526 2088 1590 2136 ad
1611 2089 1923 2138 occidentem
1944 2107 2002 2138 ac
2023 2090 2087 2138 ad
2106 2089 2350 2140 brafinam
2377 2091 2505 2140 dicte
2524 2093 2642 2141 ville
2735 2127 2742 2151 2⁷

561 2184 608 2232 le
638 2182 809 2249 Sandy
836 2183 985 2232 Velle
1022 2183 1086 2231 ad
1122 2182 1366 2231 orientem
1404 2190 1454 2230 et
1489 2181 1535 2230 le
1572 2180 1733 2248 Fyrth
1770 2183 1835 2230 ad
1869 2183 2074 2231 boream
2098 2191 2148 2232 et
2171 2183 2220 2232 le
2244 2183 2426 2233 Lordis
2454 2184 2643 2235 Croftis
2713 2228 2742 2257 ·-.·

563 2279 626 2327 ad
650 2278 922 2327 merediem
968 2306 978 2316 ·
1022 2277 1143 2326 item
1167 2277 1345 2325 rudam
1372 2275 1582 2325 alteram
1605 2276 1857 2340 quondam
1882 2276 1918 2324 J
1921 2276 2108 2325 ohanni
2137 2275 2469 2326 Crukschank
2490 2279 2641 2344 perti·
2739 2265 2742 2297 ⁷

562 2380 765 2421 nentem
800 2371 1068 2420 habentem
1106 2370 1158 2418 in
1194 2369 1510 2436 longitudine
1547 2369 1882 2434 quadraginta
1918 2372 2025 2418 οὲὶο
2052 2370 2193 2419 vlnas
2215 2372 2341 2420 etin
2374 2371 2641 2421 latitudine
2739 2355 2742 2374 ³

565 2464 826 2514 duodecim
855 2465 996 2513 vlnas
1034 2493 1044 2503 ·
1082 2480 1295 2512 vnacum
1321 2463 1515 2512 duobus
1541 2463 1809 2529 lesowmys
1826 2466 1971 2530 gfflss
1994 2465 2046 2513 in
2072 2473 2241 2514 monte
2267 2473 2317 2514 et
2340 2466 2499 2532 glebis
2525 2484 2640 2515 con-

566 2557 884 2606 cernentibus
909 2556 1052 2606 dietis
1077 2556 1226 2605 terris
1252 2584 1262 2595 ·
1289 2555 1570 2605 Reddendo
1596 2556 1860 2606 duodecim
1885 2557 2065 2606 solidos
2092 2566 2288 2607 monete
2318 2557 2497 2608 Scocie
2528 2587 2539 2598 ·
2576 2564 2642 2607 30
2728 2621 2731 2626 .

570 2649 875 2715 Septembris
904 2653 1051 2697 1535.

2733 2811 2742 2871 ’ς

419 2931 513 2984 817
573 2905 762 2978 Safine
786 2933 1078 2991 preceptum
1104 2925 1350 2974 dictarum
1384 2934 1633 2975 terrarum
1658 2926 1952 2978 Alexandro
1977 2928 2209 2996 Douglas
2237 2938 2286 2980 6(
2311 2930 2456 2980 alteri
2484 2931 2641 2980 direc-

570 3029 675 3069 tum
702 3046 712 3057 ·
736 3026 886 3083 prout
910 3017 963 3066 in
984 3016 1201 3089 registro
1226 3017 1432 3082 papireo
1458 3035 1667 3067 numero
1693 3024 1806 3069 251.
