2762 3834
625 366 1050 417 REGISTRUM
1084 367 1180 416 DE
1216 366 1770 418 ABERBROTHOC.
1930 381 1933 383 ·
2113 374 2209 417 225

182 499 292 564 ipfis
317 496 657 546 deficientibus
682 497 767 545 vni
790 498 919 561 proli
947 499 1159 548 mascule
1183 500 1245 548 de
1269 500 1489 564 predieto
1523 499 1741 548 Roberto
1774 499 1941 564 genite
1979 506 2211 563 tanquam

184 588 328 655 ipfius
352 587 587 653 affignato
627 626 636 635 .
682 623 693 634 .
738 624 749 635 .
790 589 1004 637 decimas
1027 591 1251 654 garbales
1287 591 1490 640 dominii
1515 591 1576 639 de
1604 590 1842 656 Carmyly
1865 608 1954 655 pro
1990 590 2211 639 terminis

187 682 354 730 decem
380 686 429 728 et
452 679 635 743 septem
659 694 902 726 annorum
935 718 944 727 .
980 719 988 728 .
1023 719 1032 729 .
1070 682 1279 729 termino
1305 700 1422 732 vero
1446 683 1675 732 introitus
1714 722 1723 731 .
1763 722 1773 731 .
1813 722 1822 731 .
1862 683 2126 731 inchoante
2161 681 2212 730 in

187 772 306 821 festo
336 769 502 819 Sancti
526 768 662 818 Petri
687 769 819 833 quod
843 769 1024 818 dicitur
1060 772 1324 821 aduincula
1354 774 1574 837 proxime
1609 774 1775 822 futuro
1814 812 1823 822 .
1866 812 1876 822 .
1915 812 1925 822 .
1965 771 2213 822 Soluendo

234 903 244 913 .
281 903 290 912 .
327 880 391 910 xx
414 878 605 910 marcas
640 901 650 910 .
689 900 698 910 .
736 900 745 909 .
782 868 978 909 monete
1012 901 1020 909 .
1055 901 1064 910 .
1098 901 1108 911 .
1148 861 1318 911 Scocie
1345 864 1407 911 ad
1431 862 1602 915 festum
1623 864 1763 914 Beati
1786 863 1976 912 Thome
2000 864 2214 912 martiris

188 957 239 1004 in
272 954 434 1003 mense
471 953 597 1002 Julii
635 982 645 993 ·
683 953 927 1002 Volumus
965 959 1127 1001 autem
1166 955 1297 1017 quod
1334 954 1490 1003 dictus
1524 955 1769 1003 Robertus
1794 955 1972 1020 vbique
1995 955 2215 1003 locorum

191 1047 319 1097 infra
341 1062 546 1111 regnum
577 1043 750 1094 Scocie
775 1044 826 1091 in
850 1043 1018 1091 nostra
1056 1044 1196 1092 curia
1236 1084 1245 1093 .
1285 1085 1294 1094 .
1332 1085 1340 1094 .
1380 1047 1564 1110 equitet
1599 1087 1608 1096 .
1645 1087 1655 1096 .
1692 1087 1701 1096 .
1738 1047 2005 1112 sumptibus
2039 1046 2217 1094 nostris

191 1179 200 1188 .
243 1178 251 1187 .
294 1177 304 1187 .
340 1137 544 1201 quando
587 1176 596 1184 .
639 1176 648 1185 .
693 1176 701 1184 .
743 1136 1049 1200 premonitus
1090 1136 1239 1184 fuerit
1280 1176 1288 1185 .
1333 1176 1342 1185 .
1385 1177 1393 1185 .
1437 1137 1502 1185 Et
1544 1138 1579 1185 fi
1620 1139 1872 1203 contingat
1909 1138 2061 1186 dictos
2102 1177 2110 1186 .
2154 1177 2163 1186 .
2207 1177 2217 1186 .

191 1232 241 1278 in
266 1229 515 1277 solucione
553 1268 562 1278 .
603 1267 612 1276 .
652 1268 662 1278 .
687 1228 740 1275 in
778 1227 900 1275 festo
929 1226 1093 1276 Sancti
1121 1226 1312 1275 Thome
1349 1267 1358 1277 .
1397 1268 1406 1277 .
1448 1268 1457 1276 .
1495 1229 1575 1277 vel
1608 1230 1738 1277 infra
1771 1229 1947 1294 viginti
1972 1228 2076 1276 dies
2115 1267 2123 1277 .
2161 1267 2169 1276 .
2207 1267 2216 1276 .

193 1322 271 1370 vel
311 1361 320 1370 .
363 1360 372 1370 .
416 1360 425 1369 .
468 1320 742 1368 Robertum
779 1319 832 1366 in
873 1317 957 1366 suo
996 1318 1202 1366 seruicio
1245 1320 1440 1382 quando
1480 1321 1783 1384 premonitus
1822 1320 1971 1368 fuerit
2011 1319 2218 1367 deficere

192 1413 378 1462 licitum
418 1412 511 1460 erit
535 1411 678 1460 nobis
716 1451 725 1459 .
767 1450 775 1459 .
818 1450 827 1459 .
872 1411 932 1459 de
958 1410 1099 1458 dietis
1124 1409 1324 1458 decimis
1363 1449 1372 1458 .
1416 1449 1425 1458 .
1468 1449 1477 1458 .
1520 1410 1775 1474 disponere
1814 1448 1823 1457 .
1861 1449 1870 1459 .
1907 1449 1916 1458 .
1955 1408 2043 1456 nifi
2080 1409 2221 1457 causa

194 1504 492 1553 infirmitatis
524 1503 679 1551 obstet
716 1542 725 1551 .
766 1542 774 1551 .
815 1542 824 1551 .
863 1501 944 1550 De
976 1501 1152 1566 quibus
1190 1540 1198 1550 .
1239 1540 1248 1549 .
1288 1540 1297 1549 .
1336 1500 1559 1548 terminis
1597 1539 1606 1549 .
1649 1540 1658 1549 .
1702 1524 1718 1549 .’
1752 1500 1961 1548 fatemur
1984 1517 2073 1547 nos
2096 1500 2220 1547 bene

197 1603 452 1645 contentos
499 1635 507 1643 .
551 1635 560 1643 .
604 1634 613 1643 .
660 1595 720 1642 de
768 1593 954 1642 summa
1002 1592 1177 1658 viginti
1223 1609 1501 1640 marcarum
1542 1631 1550 1640 .
1594 1631 1603 1640 .
1644 1631 1654 1640 .
1695 1608 1784 1655 pro
1827 1630 1835 1639 .
1878 1630 1887 1639 .
1930 1630 1939 1639 .
1981 1590 2221 1638 solucione

194 1688 336 1753 primi
374 1687 491 1736 anni
531 1726 540 1735 .
585 1726 594 1734 .
637 1725 646 1734 .
690 1684 1009 1734 affedacionis
1045 1724 1054 1733 .
1092 1725 1102 1733 .
1140 1724 1149 1733 .
1188 1684 1342 1748 Apud
1377 1723 1386 1732 .
1421 1723 1430 1732 .
1464 1723 1473 1732 .
1512 1682 1780 1746 capitulum
1819 1682 1900 1730 xxi
1936 1681 2015 1729 die
2050 1679 2222 1731 menfis

196 1779 316 1827 Julii
343 1795 471 1827 anno
496 1777 703 1825 Domini
730 1781 874 1824 1485.

197 2024 477 2096 Affedacio
503 2044 648 2093 Noue
673 2043 912 2108 Grangie.

198 2206 469 2280 Uniuerfis
506 2269 515 2277 .
553 2268 562 2277 .
600 2268 610 2277 .
647 2229 847 2278 ecclefie
870 2229 986 2276 filiis
1021 2267 1030 2278 .
1068 2268 1077 2277 .
1115 2268 1124 2277 .
1162 2228 1332 2278 Dauid
1371 2265 1381 2275 .
1420 2265 1431 2276 .
1469 2265 1479 2276 .
1516 2228 1664 2276 abbas
1807 2228 1867 2275 de
1897 2227 2226 2275 Abirbrothoc

202 2359 210 2367 .
250 2359 258 2368 .
301 2359 310 2369 .
353 2321 554 2369 salutem
592 2359 601 2368 .
644 2358 653 2367 .
695 2359 703 2368 .
747 2320 1003 2368 Noueritis
1039 2315 1128 2367 nos
1171 2358 1180 2368 .
1223 2357 1232 2366 .
1275 2357 1285 2367 .
1326 2336 1417 2384 pro
1441 2319 1624 2367 summa
1648 2319 1974 2383 qnadraginta
1996 2318 2227 2366 librarum
2265 2300 2271 2305 .

201 2449 211 2459 .
235 2449 275 2460 ..
307 2419 501 2460 monete
530 2411 703 2461 Scocie
741 2449 751 2459 .
784 2449 795 2459 .
833 2449 843 2459 .
878 2428 969 2476 pro
993 2412 1341 2475 redempcione
1365 2410 1609 2459 bullarum
1634 2410 1908 2458 nostrarum
1934 2409 2088 2458 soluta
2124 2447 2134 2457 .
2168 2447 2178 2456 .
2214 2447 2224 2456 .

204 2503 476 2551 arrendafl'e
511 2541 519 2549 .
558 2541 568 2551 .
601 2541 612 2552 .
650 2502 901 2551 Willelmo
940 2503 1113 2568 Brydy
1142 2511 1192 2551 et
1229 2502 1444 2551 Mariote
1482 2501 1649 2566 sponse
1689 2501 1769 2551 sue
1811 2539 1820 2549 .
1864 2540 1873 2549 .
1917 2539 1927 2549 .
1970 2509 2017 2549 et
2049 2500 2136 2548 eiis
2167 2501 2227 2548 de

204 2594 361 2643 medio
385 2594 584 2643 sublatis
611 2594 803 2643 Thome
824 2594 997 2660 Brydy
1016 2594 1116 2642 filio
1142 2594 1380 2642 difforum
1410 2632 1419 2642 .
1453 2630 1463 2640 .
1496 2631 1505 2641 .
1539 2600 1695 2641 terras
1719 2592 1907 2640 nostras
1929 2591 2043 2639 ville
2067 2591 2227 2639 nostre

206 2684 348 2734 Noue
373 2686 591 2750 Grangie
631 2722 641 2733 .
683 2723 694 2734 .
737 2723 748 2733 .
789 2702 900 2734 cum
928 2685 1094 2749 garbis
1119 2685 1437 2733 decimalibus
1472 2721 1483 2732 .
1519 2721 1529 2733 .
1565 2721 1576 2732 .
1610 2691 1659 2733 et
1683 2701 1741 2731 eo
1768 2683 1960 2731 Thoma
1984 2683 2044 2730 de
2068 2682 2227 2730 medio

205 2775 444 2825 subtracto
468 2784 582 2826 ante
607 2776 863 2825 introitum
885 2776 1033 2840 ipfius
1077 2812 1087 2824 .
1130 2813 1140 2824 .
1183 2810 1194 2823 .
1237 2776 1442 2840 prefatis
1467 2775 1718 2824 Willelmo
1743 2781 1792 2822 et
1815 2773 2031 2822 Mariota
2053 2775 2113 2822 ab
2137 2774 2227 2822 hac

208 2865 313 2914 luce
336 2867 533 2916 sublatis
558 2866 808 2915 Malcomo
833 2867 1007 2931 Brydy
1030 2866 1173 2914 fratri
1203 2883 1438 2931 germano
1475 2866 1588 2914 dieti
1617 2866 1807 2914 Thome
1850 2902 1860 2913 .
1902 2905 1910 2914 .
1952 2903 1962 2912 .
2001 2882 2090 2929 pro
2126 2872 2227 2913 toto

208 2963 422 3021 tempore
448 2957 547 3006 vite
572 2958 778 3006 alicuius
802 2957 1136 3021 prenominati
1161 2957 1352 3005 diucius
1382 2957 1604 3005 duraturi
1639 2958 1749 3004 casu
1782 2956 2097 3019 contingente
2132 2972 2226 3019 quo

207 3048 348 3112 supra
370 3077 380 3087 ·
408 3049 673 3098 Tenendas
705 3086 717 3097 .
741 3086 751 3097 .
777 3088 786 3098 .
821 3049 974 3098 veluti
998 3056 1217 3112 tempore
1239 3048 1352 3096 date
1375 3047 1650 3095 huiusmodi
1675 3045 1989 3095 affedacionis
2012 3045 2226 3109 prefatus

209 3137 481 3189 Willelmus
503 3140 642 3188 dictis
667 3141 812 3189 terris
837 3147 886 3189 et
910 3139 1114 3189 decimis
1137 3139 1419 3203 garbalibus
1461 3178 1469 3187 .
1519 3177 1528 3188 .
1577 3177 1587 3186 .
1633 3137 1877 3202 gaudebat
1912 3164 1923 3175 ·
1959 3136 2226 3189 Reddendo

1176 3234 1206 3277 2
1231 3247 1257 3279 F
