2586 3834
238 673 334 716 515

241 2727 337 2775 516

383 352 481 401 406
728 361 732 363 ’
827 346 1244 399 REGISTRUM
1273 344 1372 394 DE
1408 342 1966 394 ABERBROTHOC.

387 488 756 573 Auchinhuyff
772 507 1011 555 affedatur
1036 504 1227 552 Thome
1256 501 1498 552 Sawchar.

386 645 658 716 Uniuerfis
691 700 701 711 .
738 699 749 709 .
786 699 797 709 .
833 660 1078 724 Georgius
1114 695 1126 706 .
1164 695 1174 705 .
1212 695 1222 705 .
1259 658 1407 705 abbas
1444 696 1454 705 .
1493 694 1503 704 .
1541 693 1551 703 .
1589 657 1650 704 de
1675 656 1897 705 Arbroth
1929 694 1940 705 .
1979 696 1989 705 .
2027 695 2037 705 .
2075 657 2278 706 salutem
2312 696 2323 706 .
2358 695 2368 706 .
2404 696 2413 705 .

385 754 641 803 Noueritis
655 770 744 801 nos
776 790 787 800 .
820 779 833 799 .-
861 789 872 799 .
909 749 1131 799 affedaffe
1165 786 1176 796 .
1199 785 1224 795 ..
1257 785 1267 795 .
1304 747 1497 795 Thome
1520 745 1751 796 Sawchar
1776 755 1824 796 et
1849 747 2098 797 Elisabeth
2126 747 2415 799 Suthirland

383 847 463 893 sue
486 844 653 908 sponse
689 879 701 890 .
739 880 749 889 .
788 879 797 889 .
830 849 879 890 et
912 840 1033 905 post>
1055 856 1225 889 eorum
1250 837 1465 887 decessus
1487 837 1523 886 J
1525 837 1710 886 ohanni
1735 837 1968 888 Sawchar
1991 856 2160 887 eorum
2184 839 2286 887 filio
2317 840 2416 903 pri-

383 934 629 999 mogenito
677 971 691 982 .
738 970 749 980 .
800 968 812 980 .
859 940 1017 980 terras
1042 930 1233 978 nostras
1257 930 1318 977 de
1341 929 1692 994 Auchinhuyff
1718 968 1745 978 ,Α
1777 967 1788 979 .
1835 969 1845 979 .
1892 930 2110 978 iacentes
2133 930 2185 979 in
2210 930 2417 978 baronia

382 1026 547 1073 nostra
569 1026 630 1073 de
656 1024 857 1073 Terwas
892 1040 951 1072 ac
985 1023 1038 1071 in
1074 1021 1334 1086 regalitate
1368 1019 1536 1069 nostra
1558 1021 1620 1068 de
1646 1020 1866 1070 Arbroth
1899 1028 1949 1069 et
1973 1021 2319 1070 vicecomitatu
2354 1021 2415 1070 de

383 1116 684 1181 Abbyrdene
722 1146 732 1155 ·
768 1114 979 1163 termino
1005 1113 1123 1161 ve'ro
1148 1112 1380 1161 introitus
1417 1150 1426 1159 .
1462 1149 1471 1159 .
1507 1149 1516 1158 .
1551 1111 1821 1176 incipiente
1844 1112 1897 1160 in
1921 1111 2415 1161 festo-Penthecostes

381 1206 602 1269 proximo
647 1205 813 1253 futuro
859 1203 969 1268 post
1015 1204 1179 1251 datam
1223 1202 1531 1266 presencium
1578 1242 1587 1251 .
1634 1239 1644 1251 .
1689 1239 1701 1251 .
1745 1202 2010 1252 Tenendas
2054 1243 2063 1252 .
2106 1243 2116 1252 .
2161 1241 2172 1252 .
2214 1204 2416 1268 prefatis

384 1297 574 1344 Thome
617 1333 628 1343 .
678 1333 688 1343 .
736 1332 747 1343 .
788 1294 1038 1343 Elisabeth
1086 1331 1097 1341 .
1145 1331 1156 1341 .
1206 1329 1217 1340 .
1261 1300 1310 1341 et
1344 1292 1566 1341 Johanni
1608 1330 1619 1341 .
1663 1332 1672 1342 .
1717 1330 1728 1340 .
1769 1309 1860 1356 pro
1896 1300 1999 1342 toto
2025 1301 2245 1358 tempore
2270 1294 2369 1343 vite
2408 1322 2417 1331 ·

382 1404 477 1450 quo
502 1387 771 1435 decedente
806 1393 856 1434 et
890 1385 955 1434 ad
990 1383 1543 1432 dietam2affedationem
1579 1400 1681 1431 non
1715 1384 1936 1433 intrante
1967 1384 2158 1434 Jacobo
2195 1383 2416 1434 Sauchar

380 1477 521 1525 fratri
558 1492 792 1540 germano
834 1475 950 1523 diesi
991 1474 1025 1522 J
1029 1473 1236 1522 ohannis
1265 1490 1357 1538 pro
1396 1481 1499 1523 toto
1532 1481 1753 1539 tempore
1780 1475 1878 1524 vite
1910 1475 1992 1523 sue
2026 1502 2036 1512 ·
2073 1492 2170 1539 quo
2195 1476 2415 1525 {imiliter

382 1567 649 1615 decedente
674 1573 723 1614 et
743 1566 807 1614 ad
830 1565 1005 1614 didzam
1025 1563 1374 1613 affedationem
1397 1582 1498 1613 non
1521 1565 2010 1615 intrantewillelmo
2032 1564 2253 1615 Sauchar
2272 1567 2415 1616 fratri

385 1675 617 1722 germano
641 1658 882 1706 dida-orum
929 1679 949 1705 τ.
985 1693 996 1704 .
1035 1693 1046 1705 .
1088 1673 1180 1721 pro
1214 1663 1319 1704 toto
1354 1663 1576 1720 tempore
1603 1657 1703 1705 vite
1738 1657 1870 1706 sue...
1909 1693 1940 1704 ..
1960 1695 1970 1705 .
2008 1674 2119 1706 cum
2153 1658 2416 1722 priuilegio

386 1787 396 1796 .
442 1787 453 1797 .
499 1786 509 1797 .
546 1749 856 1798 subtenentes
887 1779 955 1796 .-=.
994 1785 1006 1796 .
1045 1765 1136 1812 pro
1161 1748 1543 1812 occupacione..
1583 1785 1595 1796 .
1634 1785 1646 1796 .
1688 1755 1934 1797 terrarum
1955 1748 2170 1797 faciendi
2195 1748 2416 1811 ficquod

441 1879 451 1889 .
498 1879 508 1889 .
549 1858 647 1889 non
672 1840 986 1889 fintmaioris
1020 1840 1171 1888 status
1210 1877 1221 1888 .
1262 1878 1273 1888 .
1313 1877 1323 1887 .
1376 1855 1524 1903 quam
1547 1838 1737 1903 ipfim.
1777 1875 1788 1888 .
1832 1846 1917 1888 aut
1959 1876 1971 1887 .
2016 1876 2028 1887 .
2068 1876 2079 1888 .
2121 1847 2281 1888 terras
2303 1856 2414 1888 eum

383 1933 478 1980 suis
502 1931 713 1996 propriis
747 1931 888 1980 bonis
924 1931 1259 1995 occupandi.
1300 1969 1311 1979 .
1350 1968 1362 1980 .
1408 1929 1658 1980 Soluendo
1708 1967 1719 1977 .
1769 1965 1782 1978 .
1831 1966 1842 1978 .
1889 1937 2099 1994 quatuor
2133 1930 2284 1978 libras
2318 1938 2415 1979 tre-

385 2023 544 2071 decim
578 2023 755 2071 solidos
792 2030 840 2071 et
876 2030 1088 2086 quatuor
1127 2023 1356 2072 denarios
1400 2059 1411 2070 .
1455 2058 1466 2070 .
1511 2057 1522 2070 .
1569 2030 1765 2070 monete
1809 2019 1982 2070 Scocie
2023 2022 2087 2070 ad
2130 2058 2150 2068 ..
2186 2058 2197 2069 .
2242 2056 2254 2069 .
2295 2021 2416 2070 festa

386 2151 397 2160 .
443 2152 453 2162 .
500 2151 510 2161 .
550 2113 861 2162 Pentecostes
886 2121 935 2163 et
962 2113 1128 2163 Sanffl
1154 2114 1362 2163 Martini
1406 2149 1417 2160 .
1465 2150 1477 2161 .
1517 2149 1528 2161 .
1571 2119 1762 2161 tantum
1810 2148 1821 2160 .
1869 2148 1880 2159 .
1925 2148 1938 2161 .
1982 2112 2130 2176 Apud
2170 2148 2182 2160 .
2221 2148 2231 2159 .
2269 2150 2278 2159 .
2314 2128 2414 2160 mo-

384 2205 649 2253 nasterium
665 2205 837 2253 vltimo
859 2204 1139 2254 diemenfis
1160 2205 1350 2269 Aprilis
1373 2220 1504 2252 anno
1521 2202 1728 2252 Domini
1748 2202 2004 2252 millesimo
2028 2201 2414 2267 quingentesimo

385 2295 657 2344 vndecimo.-

387 2535 565 2622 Copia
586 2567 989 2611 carteterrarum
1006 2562 1068 2611 de
1095 2560 1359 2613 Scottiston
1388 2562 1611 2626 Georgia
1632 2562 2105 2613 Meldrumdomino
2131 2563 2192 2633 de
2212 2562 2379 2628 wae.

390 2703 648 2775 Omnibus
685 2764 697 2775 .
742 2766 752 2776 .
799 2766 810 2777 .
848 2730 1094 2795 Georgius
1138 2769 1149 2779 .
1188 2769 1199 2781 .
1237 2770 1248 2781 .
1291 2734 1541 2798 episcopus
1579 2734 1864 2785 Sodorenfis
1887 2752 1945 2783 ac
1970 2736 2411 2783 commendatarius

386 2824 653 2879 perpetuus
687 2818 747 2864 de
783 2819 1005 2868 Arbroth
1040 2829 1089 2868 et
1126 2821 1320 2871 Comkil
1360 2823 1709 2874 Sanfflandree
1745 2832 1794 2874 et
1831 2824 2115 2875 Sodorenfis
2148 2825 2410 2874 diocefium

387 2945 396 2954 .
433 2945 442 2953 .
482 2942 493 2952 .
529 2906 730 2955 salutem
765 2933 775 2945 ·
810 2907 1065 2957 Noueritis
1087 2927 1177 2958 nos
1212 2951 1223 2961 .
1265 2950 1275 2961 .
1317 2950 1328 2962 .
1366 2913 1639 2962 conceffiss'e
1681 2951 1691 2961 .
1733 2952 1744 2962 .
1781 2952 1793 2964 .
1832 2915 2051 2980 Georgio
2076 2915 2323 2963 Meldrum
2349 2916 2410 2963 de

385 2995 534 3059 wae
559 3003 608 3044 et
631 2996 879 3045 Elisabeth
904 2998 1053 3046 Innes
1076 3000 1244 3062 sponse
1267 3002 1348 3050 sue
1376 3039 1387 3050 .
1427 3040 1437 3050 .
1474 3040 1485 3051 .
1519 3011 1676 3053 terras
1699 3005 1889 3053 nostras
1913 3006 1974 3054 de
2002 3004 2263 3054 Scottiston
2305 3043 2316 3053 .
2351 3043 2361 3052 .
2397 3043 2407 3053 .

387 3086 602 3137 iacentes
624 3086 677 3135 in
701 3087 957 3151 regalitate
992 3088 1157 3138 nostra
1179 3091 1240 3139 de
1266 3092 1488 3142 Arbroth
1521 3095 1654 3144 infra
1678 3095 2072 3145 vicecomitatum
2098 3097 2158 3147 de
2183 3096 2408 3163 Kyncar-
