2762 3834
425 2018 489 2062 50

544 399 607 442 48
992 390 1418 442 REGISTRUM
1452 388 1549 438 DE
1585 385 2148 435 ABERBROTHOC.

546 528 617 576 est
639 527 911 593 legittimus
935 533 985 575 et
1008 525 1335 590 propinquior
1358 523 1503 571 heres
1527 520 1735 584 prediffi
1762 519 2013 582 quondam
2038 519 2282 569 Willelmi
2311 522 2467 585 patris
2495 522 2562 571 sui
2590 554 2600 562 ·

546 628 594 669 et
619 620 749 683 quod
777 617 846 667 est
874 618 1115 682 legittime
1149 616 1293 664 etatis
1329 644 1338 654 ·
1379 621 1428 662 et
1453 612 1586 676 quod
1611 611 1740 660 dicOoe
1766 618 1899 660 terre
1926 612 2192 661 valuerunt
2217 620 2439 678 tempore
2464 616 2602 678 pacis

546 714 714 762 decem
752 711 891 759 libris
916 718 965 759 et
999 726 1132 757 nunc
1158 708 1326 756 valent
1363 704 1624 754 duodecim
1662 703 1844 752 marcis
1881 705 2139 753 annuatim
2177 734 2186 743 ·
2226 714 2275 754 et
2306 708 2440 770 quod
2475 708 2602 756 dicte

544 816 675 854 terre
700 810 934 852 tenentur
957 802 1010 849 in
1044 800 1205 865 capite
1239 800 1300 848 de
1326 799 1503 847 abbate
1538 805 1588 845 et
1620 806 1874 847 conuentu
1899 798 1961 846 de
1987 798 2362 848 Abbirbrothoo
2394 818 2483 865 per
2509 803 2602 850 ser-

544 897 725 945 uicium
764 893 982 958 homagii
1021 892 1185 941 warde
1225 898 1274 940 et
1311 890 1487 939 releuii
1525 898 1574 939 et
1615 891 1891 939 communis
1930 892 2055 940 secte
2095 892 2322 940 faciende
2361 893 2412 941 in
2453 895 2605 942 curiis

542 985 815 1051 regalitatis
839 986 900 1033 (16
921 983 1294 1033 Abbirbrothoc
1319 990 1368 1031 et
1391 983 1649 1031 reddendo
1672 984 1817 1033 dictis
1838 985 2040 1033 domino
2066 985 2233 1035 abbati
2260 994 2310 1034 et
2335 988 2605 1036 conuentui

540 1078 822 1127 monasterii
856 1078 917 1125 de
944 1075 1316 1124 Abbirbrothoo
1342 1075 1599 1124 annuatim
1624 1093 1773 1124 vnam
1804 1076 1984 1126 libram
2010 1077 2197 1142 piperis
2223 1078 2302 1127 vel
2341 1080 2601 1128 duodecim

541 1172 769 1221 denarios
795 1171 858 1219 ad
884 1170 1060 1218 festum
1086 1167 1403 1217 Pentecostes
1441 1198 1451 1208 -
1490 1176 1540 1217 et
1565 1170 1699 1233 quod
1723 1170 1854 1219 dio-‚e
1890 1178 2023 1220 terre
2054 1189 2187 1221 nunc
2223 1173 2335 1221 sunt
2366 1173 2417 1220 in
2450 1174 2605 1222 mani·

539 1266 627 1312 bus
669 1263 788 1311 dicti
829 1262 1016 1311 domini
1059 1261 1250 1310 abbatis
1294 1261 1552 1324 recognite
1595 1271 1802 1327 propter
1844 1273 2053 1314 mortem
2102 1265 2310 1329 predicti
2354 1267 2603 1331 quondam

539 1356 778 1406 Willelmi
804 1356 865 1404 de
893 1354 1263 1425 Ouohtirlovny
1281 1354 1365 1418 qui
1395 1353 1518 1403 obiit
1541 1363 1658 1405 ante
1682 1355 1860 1405 festum
1880 1356 2050 1407 Sancti
2069 1358 2281 1407 Martini
2301 1359 2473 1409 vltimo
2495 1376 2606 1424 pre-

540 1449 740 1498 teritum
775 1465 865 1513 per
891 1451 998 1496 οᾶο
1025 1447 1129 1496 dies
1155 1447 1235 1496 vel
1271 1447 1399 1496 citra
1433 1474 1445 1485 ·
1480 1446 1673 1497 Datum
1706 1450 1794 1498 sub
1819 1450 1977 1515 figillo
2003 1451 2123 1500 dieti
2156 1451 2329 1501 balliui
2366 1470 2498 1501 anno
2524 1452 2605 1500 die

541 1551 588 1591 et
613 1542 724 1591 loco
750 1540 1040 1606 supradictis
1065 1547 1114 1589 et
1140 1540 1308 1605 figillis
1335 1541 1648 1605 quorundam
1675 1542 1761 1607 qui
1787 1543 1916 1592 dicte
1940 1544 2256 1608 inquificioni
2281 1545 2577 1594 intererant.

540 1807 860 1894 Refignacio
885 1835 1131 1878 terrarum
1158 1828 1219 1876 de
1245 1826 1287 1877 F
1290 1827 1465 1893 orglen
1489 1828 1543 1876 in
1568 1828 1797 1877 manibus
1824 1829 2030 1878 abbatis.

540 1990 854 2062 Venerabili
892 2053 899 2063 .
937 2051 948 2062 .
987 2051 997 2062 .
1034 2012 1165 2077 patri
1202 2050 1212 2060 .
1250 2051 1260 2061 .
1299 2051 1308 2060 .
1347 2012 1550 2060 domino
1590 2012 1814 2061 Waltero
1848 2052 1857 2062 .
1897 2052 1906 2062 .
1945 2052 1954 2061 .
1991 2012 2178 2061 Abbati
2216 2052 2225 2061 .
2264 2052 2272 2061 .
2311 2052 2320 2061 .
2358 2013 2419 2061 (16
2458 2012 2605 2060 Abir-

541 2107 748 2156 brothoc
786 2145 795 2154 .
834 2146 843 2155 .
882 2146 891 2155 .
928 2105 964 2155 J
967 2105 1186 2154 ohannes
1222 2104 1401 2154 Fraser
1431 2104 1660 2154 dominus
1685 2106 1747 2154 de
1771 2104 1992 2171 Forglen
2016 2105 2361 2154 reuerenciam
2387 2105 2604 2153 debitam

542 2218 651 2248 cum
684 2200 873 2248 honore
909 2229 920 2239 ·
958 2199 1067 2265 Ego
1091 2199 1352 2248 Johannes
1387 2197 1566 2247 Fraser
1598 2238 1607 2247 .
1648 2237 1658 2246 .
1699 2237 1710 2247 .
1746 2215 1857 2247 mea
1894 2238 1903 2247 .
1948 2236 1958 2246 .
2004 2236 2014 2246 .
2051 2199 2324 2262 spontanea
2348 2197 2604 2246 voluntate

541 2301 701 2342 motus
738 2293 790 2341 in
828 2310 1003 2342 manus
1042 2292 1228 2341 vestras
1266 2331 1275 2341 .
1326 2332 1335 2340 .
1381 2330 1392 2340 .
1435 2308 1527 2356 pro
1569 2309 1648 2340 me
1684 2299 1735 2341 et
1777 2291 2044 2341 heredibus
2081 2291 2204 2340 meis
2247 2330 2256 2340 .
2301 2329 2311 2339 .
2356 2331 2365 2339 .
2409 2290 2603 2356 resigno

661 2425 669 2433 .
718 2393 876 2434 terras
922 2402 1058 2434 meas
1106 2385 1167 2433 de
1214 2384 1435 2450 Forglen
1486 2424 1494 2432 .
1551 2423 1560 2432 .
1615 2422 1625 2432 .
1677 2401 1799 2448 quas
1847 2384 1910 2433 (16
1958 2382 2098 2432 vobis
2146 2390 2293 2432 teneo
2338 2383 2392 2431 in
2442 2382 2603 2447 capite

545 2518 553 2526 .
598 2517 606 2526 .
651 2517 659 2526 .
702 2478 764 2526 In
790 2478 928 2527 ouius
964 2479 1037 2527 rei
1074 2476 1408 2527 testimonium
1444 2476 1755 2541 presentibus
1792 2476 2005 2542 figillum
2039 2493 2204 2525 meum
2238 2474 2441 2540 apposui
2473 2476 2605 2539 apud

544 2571 769 2619 Abirden
793 2572 1055 2620 vndeoimo
1086 2572 1167 2620 die
1207 2571 1384 2620 menfis
1420 2569 1718 2620 Decembris
1757 2586 1889 2618 anno
1924 2567 2134 2618 Domini
2175 2567 2431 2617 millefimo
2471 2577 2632 2617 ccc&-

547 2663 821 2713 vndecimo.

547 2922 715 3010 Colly
752 2973 761 2982 ·
803 2944 956 2994 Carta
981 2945 1174 2994 Thome
1200 2946 1261 2993 de
1286 2945 1507 2995 Petkarn
1533 2946 1722 2995 domini
1749 2945 1982 2994 eiusdem.

433 3135 492 3179 51
549 3107 815 3181 Omnibus
841 3167 851 3178 .
884 3168 895 3178 .
928 3168 937 3177 .
964 3128 1185 3177 Thomas
1210 3130 1271 3178 de
1295 3129 1518 3179 Petkarn
1538 3130 1768 3179 dominus
1793 3130 2010 3179 eiusdem
2035 3129 2240 3179 salutem
2264 3168 2274 3178 .
2308 3168 2318 3178 .
2352 3168 2362 3178 .
2389 3129 2441 3178 N
2444 3130 2602 3178 oueri-

549 3223 611 3273 tis
635 3239 714 3271 me
747 3261 755 3270 .
790 3260 799 3270 .
834 3260 843 3269 .
878 3217 1188 3270 conceffiffe.
1223 3259 1231 3268 .
1266 3259 1275 3269 .
1302 3220 1502 3270 ecclefie
1533 3261 1542 3270 .
1580 3262 1588 3271 .
1623 3262 1631 3270 .
1659 3223 1721 3271 de
1747 3221 2087 3271 Abirbrothoc
2122 3262 2132 3271 .
2166 3261 2175 3271 .
2210 3261 2219 3271 .
2247 3239 2397 3270 vnum
2423 3222 2600 3270 toftum
