2762 3834
652 369 1076 420 REGISTRUM
1113 372 1209 420 DE
1246 374 1797 429 ABERBROTHoc.
2138 394 2231 441 299

203 501 446 550 Dunbrek
473 529 482 539 ·
507 501 543 549 J
546 501 790 549 ohannem
819 500 1017 567 Ogilwy
1043 504 1103 551 de
1128 504 1354 571 Fyngask
1380 537 1390 547 ·
1417 508 1451 556 J
1455 511 1660 558 acobum
1686 512 1881 576 Gyffart
1914 515 1974 561 dc
2010 514 2231 564 Schireff-

202 593 284 640 hal
317 619 326 628 ·
358 591 614 656 magistros
637 591 880 640 Jacobum
910 592 1186 643 Henrisone
1211 605 1259 645 et
1284 597 1551 663 Georgium
1582 600 1814 666 Sterlyng
1849 633 1859 642 ·
1895 605 2083 652 nostros
2122 645 2131 653 .
2172 644 2181 654 .
2222 646 2231 654 .

202 691 546 748 procuratores
600 720 610 731 .
664 722 672 731 .
722 720 733 730 .
785 683 848 731 ad
890 687 1272 748 comparendum
1311 706 1474 739 coram
1529 729 1539 739 .
1593 729 1603 739 .
1657 730 1667 740 .
1721 695 1950 759 magistro
1986 696 2232 744 Willelmo

204 775 439 823 VVawane
464 774 516 822 in
532 774 744 823 decretis
767 774 1032 823 licenciato
1057 778 1250 826 officiali
1273 779 1623 832 Sansstiandree
1645 786 1775 834 infra
1798 795 1961 850 partes
1980 788 2232 837 Laudonie

262 904 272 914 .
319 903 330 914 .
369 865 672 931 siibdeligato
709 906 718 914 .
756 906 764 914 .
803 905 812 915 .
851 866 1091 915 Willelmi
1116 869 1467 936 archiepiscopi
1496 873 1843 924 Sanffiandree
1867 879 2067 941 deligati
2109 917 2118 926 .
2166 918 2174 927 .
2222 919 2231 927 .

203 958 389 1006 domini
425 957 704 1006 Alexandri
739 975 865 1022 pape
903 959 1024 1007 sexti
1061 961 1204 1023 super
1245 964 1454 1025 quadam
1493 966 1819 1015 commiffione
1857 974 2078 1032 pretensa
2120 990 2233 1035 qua-

202 1050 410 1097 rundam
447 1050 743 1098 summarum
778 1051 1018 1114 peccunie
1054 1050 1422 1115 impetratarum
1460 1073 1547 1119 per
1576 1059 1816 1120 quendam
1845 1059 2084 1108 Thomam
2123 1063 2234 1110 Tod

201 1143 362 1205 prima
401 1141 762 1206 protestacione
799 1142 859 1189 (16
902 1159 1002 1189 non
1039 1143 1344 1194 admittendo
1383 1149 1652 1210 pretafi'tum
1692 1151 1938 1200 dominum
1981 1154 2230 1201 officialem

202 1235 483 1297 pretensum
529 1233 821 1298 rescriptum
872 1234 1190 1298 apostolicum
1241 1245 1325 1285 aut
1374 1237 1594 1286 assertam
1649 1240 1751 1288 eius
1798 1243 2232 1308 subdeligaciouem

205 1325 496 1373 citaeionem
545 1326 706 1375 locum
762 1335 846 1374 aut
900 1326 1140 1375 assessores
1192 1328 1280 1375 nisi
1333 1336 1567 1391 quantum
1620 1331 1728 1378 iura
1774 1332 1932 1381 sinunt
1978 1337 2115 1382 xviii⁰
2156 1338 2233 1383 die

203 1418 377 1465 menfis
416 1417 709 1467 Decembris
747 1418 797 1465 in
835 1419 1039 1467 ecelesia
1081 1417 1243 1468 Sanffi
1281 1419 1429 1484 Egidi
1467 1421 1527 1469 de
1565 1421 1851 1487 Edinbrugh
1893 1426 1941 1472 in
1979 1427 2085 1474 loco
2122 1447 2232 1476 con-

205 1509 423 1559 sistoriali
480 1510 693 1559 eiusdem
750 1511 830 1558 seu
888 1511 1257 1575 quibuscunque
1309 1511 1417 1559 aliis
1467 1512 1637 1560 diebus
1682 1522 1729 1561 et
1777 1515 1894 1563 locis
1947 1517 2123 1565 ibidem
2174 1521 2235 1566 ad

205 1601 550 1665 excipiendum
598 1609 772 1651 contra
816 1603 1190 1667 suprascriptam
1235 1603 1611 1652 commissionem
1651 1605 1809 1653 locum
1852 1608 2098 1656 dominum
2141 1612 2235 1656 offi-

205 1691 379 1739 cialem
422 1691 868 1756 subdeligacionem
909 1693 1116 1740 scribam
1165 1701 1213 1741 et
1260 1694 1499 1742 assessores
1539 1732 1546 1741 .
1591 1733 1601 1742 .
1642 1733 1652 1743 .
1690 1702 1882 1745 'necnon
1933 1700 2095 1746 omnia
2143 1701 2237 1746 alia

207 1821 216 1830 .
254 1820 265 1831 .
304 1821 314 1830 .
347 1783 628 1831 faciendum
665 1820 675 1831 .
713 1821 723 1831 .
761 1821 771 1832 .
809 1801 905 1848 que
941 1785 1005 1832 ad
1041 1785 1250 1834 officium
1276 1787 1610 1850 procuratoris
1649 1825 1658 1834 .
1700 1825 1709 1835 .
1750 1826 1759 1835 .
1794 1789 2057 1837 noscuntur
2092 1792 2235 1854 perti-

204 1892 322 1923 nere
366 1913 375 1922 .
419 1912 429 1922 .
471 1912 481 1922 .
519 1874 706 1923 Datum
745 1876 829 1924 sub
869 1875 1024 1941 sigillo
1062 1878 1206 1926 officii
1237 1878 1388 1926 nostri
1426 1879 1511 1927 xii⁰
1536 1878 1824 1927 Decembris
1861 1899 1988 1928 anno
2020 1889 2084 1929 m⁰
2110 1890 2239 1930 cccc⁰

205 1969 517 2033 nonagesimo
544 1969 692 2016 sexto.

209 2218 490 2289 Assedacio
515 2240 576 2287 de
602 2239 986 2287 Dicmontissaw.

211 2460 220 2469 .
262 2461 272 2471 .
313 2460 323 2470 .
361 2422 536 2470 Pateat
576 2459 586 2469 .
626 2459 636 2469 .
675 2459 685 2470 .
722 2438 812 2469 nos
840 2421 1010 2470 Dauid
1035 2421 1261 2469 abbatem
1300 2456 1310 2467 .
1340 2457 1350 2466 .
1381 2456 1390 2466 .
1428 2420 1488 2466 de
1515 2417 1847 2466 Abirbrothoc
1882 2457 1889 2464 .
1927 2457 1935 2465 .
1974 2458 1980 2465 .
2019 2419 2234 2467 assedasse

211 2551 220 2561 .
261 2551 271 2561 .
315 2550 325 2560 .
363 2512 584 2561 Johanni
608 2511 807 2560 Broune
827 2519 876 2560 et
896 2511 1110 2560 Mariote
1134 2510 1360 2560 Colisone
1385 2510 1551 2573 sponse
1576 2509 1656 2556 sue
1692 2546 1701 2556 .
1743 2546 1752 2556 .
1789 2546 1798 2556 .
1834 2509 2018 2572 suisque
2044 2513 2235 2559 coadiu-

208 2605 394 2652 toribus
412 2611 460 2652 et
479 2603 846 2652 subtenentibus
883 2641 892 2650 .
930 2641 941 2650 .
975 2640 985 2650 .
1020 2619 1119 2649 non
1155 2639 1166 2650 .
1207 2639 1217 2650 .
1255 2638 1266 2650 .
1303 2601 1501 2648 maioris
1521 2601 1669 2648 status
1707 2638 1715 2646 .
1751 2637 1759 2646 .
1799 2637 1809 2647 .
1848 2601 2010 2648 villam
2027 2604 2233 2650 nostram

209 2697 268 2743 de
293 2695 679 2744 Difitmontissaw
721 2733 730 2742 .
770 2732 779 2741 .
821 2731 831 2741 .
872 2711 962 2757 pro
988 2701 1093 2741 toto
1119 2701 1337 2757 tempore
1365 2693 1461 2740 vite
1499 2730 1507 2738 .
1543 2729 1551 2738 .
1592 2728 1601 2738 .
1639 2691 1847 2738 termino
1872 2692 2097 2740 introitus
2131 2731 2140 2740 .
2177 2732 2186 2740 .
2225 2732 2234 2740 .

208 2786 477 2850 incipiente
503 2786 563 2834 ad
589 2784 762 2833 festum
792 2784 1108 2833 Pentecostes
1143 2785 1308 2833 datam
1344 2784 1648 2847 presencium
1685 2784 1963 2832 immediate
1999 2787 2198 2848 sequens
2224 2816 2231 2823 -

212 2877 457 2925 Soluendo
491 2915 500 2925 .
537 2915 546 2923 .
579 2914 589 2924 .
626 2878 808 2940 septem
834 2876 985 2924 libras
1011 2877 1089 2923 sex
1115 2875 1291 2923 solidos
1311 2883 1359 2924 et
1378 2878 1484 2923 οόὶο
1504 2876 1730 2923 denarios
1766 2915 1775 2923 .
1812 2913 1820 2922 .
1857 2914 1866 2923 .
1904 2886 2095 2924 monete
2129 2915 2138 2922 .
2178 2915 2186 2923 .
2224 2914 2232 2923 .

215 2968 386 3017 Scocie
428 2970 488 3016 ad
525 3006 535 3016 .
575 3006 586 3016 .
626 3005 637 3016 .
674 2967 911 3017 terminos
952 2968 1206 3014 consuetos
1247 3003 1257 3014 .
1297 3004 1308 3014 .
1349 3004 1359 3014 .
1403 2974 1451 3014 et
1492 2967 1707 3030 quinque
1744 2967 1940 3014 celdras
1972 2985 2231 3014 auenarum

211 3059 432 3107 mensure
479 3058 574 3106 fori
619 3057 868 3106 currentis.
910 3058 972 3105 ad
1017 3057 1253 3105 terminos
1299 3057 1551 3105 consuetos
1595 3057 1866 3105 huiusmodi
1915 3058 2127 3104 soluendi
2187 3070 2232 3105 et

213 3149 386 3213 viginti
412 3158 620 3213 quatuor
646 3148 805 3211 pullos
831 3147 1022 3195 adultos
1060 3164 1168 3194 cum
1205 3156 1428 3211 rynmart
1460 3148 1618 3195 vethir
1653 3155 1701 3195 et
1736 3147 1841 3194 aliis
1878 3147 2228 3194 husbandorum
