2742 3848
882 349 1125 401 INDEX
1162 349 1541 401 NOMINUM.
2165 356 2261 411 571

163 492 502 546 Fothiringhame,
533 494 715 546 Karolus,
745 494 851 535 filius
879 494 1030 535 Thome
1059 495 1109 535 F.
1128 495 1177 535 de

218 565 367 616 Powre,
397 571 644 619 presentatus
673 567 723 606 ad
745 566 936 607 vicariam
963 567 1012 607 de
1040 566 1176 607 Arbir-

219 638 315 686 loth,
340 640 431 679 194.

319 709 547 760 Nicholaus,
595 711 779 762 armiger,
830 710 936 750 filius
981 715 1022 751 et
1067 710 1178 751 heres

217 781 369 821 Thome
388 782 437 822 F.
458 783 506 822 de
526 783 675 833 Powre,
698 784 791 831 205,
815 784 908 832 264,
930 784 1024 831 289,
1046 784 1139 823 291.

162 876 271 882 ——
300 853 474 893 Thomas
492 854 552 904 de,
574 855 669 894 545.

297 925 482 976 Thomas,
531 925 580 965 de
626 925 774 976 Powre,
828 925 933 965 filius
979 930 1020 965 et
1065 925 1178 966 heres

216 997 347 1036 David
367 996 416 1036 F.
436 996 484 1036 de
503 996 647 1048 Poury,
672 998 762 1047 146,
787 998 878 1045 194,
900 998 994 1047 255,
1017 998 1112 1038 264.

161 1068 320 1119 Fothre,
342 1068 493 1117 Fottre,
513 1070 594 1108 vide
613 1069 719 1120 Hay.

162 1141 353 1191 Fouerne,
374 1140 555 1188 Fowern,
573 1142 653 1180 vide
673 1140 847 1192 Turyne.

161 1212 320 1262 Foular,
359 1212 548 1264 magister
584 1212 776 1263 Andreas,
807 1211 979 1252 vicarius
1018 1211 1067 1252 de
1100 1212 1175 1252 Ar-

212 1284 368 1337 broyth,
389 1286 484 1335 443,
506 1286 600 1324 527.

160 1356 410 1406 Foulartone,
432 1355 686 1405 Foulertoun,
709 1354 970 1402 Fowlartone‚
1001 1353 1175 1394 Fowlar-

213 1435 321 1480 toun,
361 1428 604 1479 Fullartone,
643 1427 887 1478 Fullertone,
927 1427 1173 1475 Fullertonn,

214 1501 366 1541 Arthur
384 1501 434 1552 of,
457 1501 551 1540 290.

284 1573 464 1613 dominus
483 1571 759 1622 Archibaldus,
781 1570 1018 1624 capellanus,
1041 1572 1136 1611 264.

287 1645 467 1686 dominus
482 1643 756 1693 Archibaldm,
774 1643 988 1696 presbyter,
1005 1643 1175 1684 vicarius

212 1718 260 1756 de
280 1716 403 1768 Athy,
426 1719 519 1767 271,
542 1717 635 1756 321.

290 1788 506 1838 Johannes,
532 1789 622 1826 110.

158 1885 266 1894 ——
284 1860 472 1913 magister
499 1859 707 1909 Robertus,
729 1858 901 1899 vicarius
929 1858 978 1898 de
999 1857 1170 1911 Newtyl,

211 1934 304 1984 266,
328 1934 422 1972 267.

286 2005 491 2054 Rom-tus,
514 2002 562 2042 de
583 2002 769 2052 Dunovn,
791 2002 858 2041 96.

158 2076 306 2128 Foulis,
328 2076 486 2126 Fowlis‚
508 2075 535 2116 J
538 2076 683 2116 acobus
702 2075 761 2125 de,
783 2074 971 2123 notarius,
995 2075 1086 2114 120.

282 2148 471 2200 magister
482 2146 719 2198 willelmus,
734 2146 1031 2186 archidiaconns
1051 2146 1171 2187 Sanc-

209 2221 396 2271 tiandree,
418 2225 549 2260 custos
566 2218 712 2272 privati
733 2218 866 2270 sigilli,
889 2219 982 2258 545.

281 2293 455 2333 Thomas
473 2293 533 2343 de,
556 2291 733 2344 supprior
746 2291 794 2330 de
811 2290 1086 2340 Abirbrothoc,
1103 2291 1170 2330 56.

157 2364 415 2413 Frandracht,
436 2363 694 2414 Frendracht,
711 2364 791 2402 vide
806 2362 1040 2410 Crcchtoun,
1058 2361 1169 2401 Dun-

210 2437 294 2476 bar.

160 2509 312 2556 Fraser,
334 2508 488 2558 Fresar,
510 2505 673 2557 Fresell,
693 2505 845 2555 Freser,
865 2504 1100 2554 Alexander,
1122 2503 1169 2544 de

208 2580 246 2620 le
267 2580 421 2630 Dwrys,
446 2580 537 2618 167.

286 2650 523 2700 Alexander,
546 2650 594 2690 de
614 2650 781 2697 Pertew,
804 2649 869 2688 50.

155 2746 265 2753 ---
283 2722 474 2772 Andreas,
495 2721 599 2760 filius
618 2725 659 2761 et
678 2720 789 2760 heres
808 2731 1000 2771 apparens
1019 2718 1170 2758 Thome

210 2795 259 2835 F.
279 2795 327 2834 de
350 2794 574 2846 Stanywod,
596 2794 690 2832 455.

284 2865 475 2917 Andreas,
506 2865 611 2905 filius
630 2864 658 2905 J
660 2863 827 2904 ohannis
846 2863 894 2903 F.
915 2862 963 2903 de
983 2861 1167 2914 Forglen,

212 2940 278 2979 38.

288 3008 447 3049 domina
466 3008 613 3060 AgneS,
635 3008 715 3047 vide
733 3006 811 3046 Fif.

158 3104 267 3111 ——
285 3080 470 3131 Jacobus,
492 3079 718 3130 monachus,
740 3079 833 3118 410.

286 3152 315 3192 J
317 3152 474 3191 ohanna
520 3151 632 3191 heres
675 3148 860 3189 Mariorie
907 3160 1044 3201 sponse
1099 3147 1128 3189 J
1130 3160 1169 3188 o-

214 3223 366 3274 hannis,
387 3224 468 3263 vide
485 3223 601 3275 Vrry.

1251 495 1407 546 Fraser,
1429 496 1459 536 J
1459 495 1644 547 ohannes,
1665 495 1714 536 de
1734 495 1919 548 Forglen,
1940 498 2005 548 37,
2028 497 2094 548 38,
2114 499 2180 538 48.

1376 567 1565 607 Marioria
1593 568 1687 620 Hay
1706 581 1848 621 sponsa
1867 568 2031 620 Thome,
2052 569 2101 609 de
2122 568 2263 622 Stany-

1302 639 1401 690 wod,
1426 640 1520 679 455.

1250 732 1357 739 ——
1375 709 1563 750 Marioria
1588 723 1729 763 sponsa
1755 711 1784 752 J
1786 710 1962 763 ohannis,
1991 711 2076 752 filia
2092 716 2134 752 et
2152 712 2264 752 heres

1302 781 1450 821 domini
1468 782 1498 822 J
1499 782 1665 822 ohannis
1684 782 1732 822 de
1752 782 1992 835 Monymusk
2009 783 2159 834 militis,
2181 785 2247 823 37.

1373 858 1519 893 master
1529 852 1649 904 John,
1666 853 1768 893 dean
1782 854 1826 894 of
1840 854 2051 907 Lestalryg
2061 855 2140 895 and
2155 854 2262 895 clei-k

1301 923 1344 963 of
1358 923 1533 975 register,
1556 926 1651 964 276.

1375 997 1558 1048 Thomas,
1580 997 1628 1037 de
1649 998 1840 1047 Kortoun‚
1862 1000 1929 1039 37.

1376 1067 1560 1119 Thomas,
1581 1068 1629 1108 de
1651 1069 1876 1121 Stanyw0d‚
1895 1071 1988 1110 455.

1374 1139 1610 1191 Willelmus,
1631 1140 1751 1180 frater
1769 1141 1938 1193 Andree,
1961 1143 2028 1182 38.

1246 1211 1413 1263 chhat,
1434 1212 1630 1264 Matheus,
1650 1214 1857 1265 burgensis
1873 1214 1921 1255 de
1940 1214 2130 1266 Abirden,
2152 1216 2218 1255 79.

1246 1282 1386 1334 Fylpe,
1409 1282 1646 1334 Alexander,
1669 1286 1762 1325 336.

1246 1353 1449 1406 Fyngask,
1470 1355 1556 1395 vide
1576 1355 1735 1408 Ogilvy.

1246 1426 1480 1480 Fynnevyn,
1502 1428 1824 1480 constabularius,
1843 1428 1904 1481 de,
1923 1430 2010 1470 vide
2029 1429 2238 1482 Lindesay.

1245 1641 1382 1694 GAGY,
1403 1643 1489 1684 vide
1509 1643 1645 1684 Olifer.

1245 1713 1466 1766 Galbraith,
1508 1715 1717 1767 Galbrath,
1753 1715 1978 1767 Galbratht,
2020 1715 2255 1770 Galbrayth‚

1300 1786 1527 1839 Colbrayth‚
1558 1787 1739 1828 dominus
1766 1788 1795 1828 J
1797 1787 1982 1838 ohannes,
2017 1787 2255 1841 capellanus,

1299 1859 1366 1898 95.

1370 1929 1587 1981 Johannes,
1610 1931 1703 1981 368,
1726 1931 1820 1970 502.

1243 2025 1353 2031 —
1371 2002 1560 2053 magister
1579 2002 1786 2053 Robertus,
1808 2002 1856 2042 de
1876 2002 2124 2055 Vynschalis,
2146 2005 2239 2044 510.

1252 2096 1352 2102 ——
1372 2073 1556 2124 Thomas,
1579 2074 1627 2114 de
1646 2073 1849 2125 Culcutht,
1871 2076 1964 2116 258.

1243 2143 1466 2196 Galberoth,
1482 2145 1690 2198 Philippus
1704 2146 1764 2198 de,
1781 2151 1972 2187 mercator
1991 2146 2254 2197 Florentinns,

1295 2218 1390 2257 408.

1242 2286 1421 2339 Galway,
1442 2287 1628 2339 Jacobus,
1652 2289 1745 2335 357,
1766 2290 1859 2329 360.

1369 2360 1553 2410 Thomas,
1575 2359 1800 2410 monachus,
1821 2361 1915 2399 410.

1242 2430 1448 2480 Galwidie,
1471 2430 1689 2482 Galwydie,
1710 2431 1796 2471 vide
1816 2431 1941 2482 Brois,
1964 2431 2152 2484 Douglas.

1242 2501 1454 2553 Gamelini,
1476 2502 1720 2542 Laurencius
1738 2502 1855 2553 filius,
1879 2504 1942 2543 19.

1241 2572 1426 2625 Gamery,
1461 2573 1686 2626 Gammery,
1708 2574 1878 2614 vicarius
1906 2574 1966 2625 de,
1996 2575 2083 2615 vide
2111 2575 2250 2617 Baide-

1280 2644 1394 2696 nach,
1411 2644 1609 2696 Cokbnrn,
1627 2646 1832 2698 Hepburn,
1848 2646 1877 2686 J
1880 2646 2058 2697 ohnston,
2075 2647 2252 2687 Preston.

1241 2715 1405 2768 Gardin,
1442 2716 1617 2769 Gardyn,
1659 2716 1781 2769 Garn,
1821 2717 2048 2759 Alexander
2084 2719 2146 2770 de,
2185 2721 2250 2769 91,

1298 2790 1387 2839 192,
1413 2790 1503 2839 193,
1525 2791 1617 2839 327,
1639 2791 1731 2840 328,
1754 2791 1847 2840 393,
1869 2791 1964 2830 394.

1367 2860 1605 2912 Alexander,
1635 2860 1740 2901 filius
1766 2861 1795 2902 J
1798 2862 1909 2902 acobi
1937 2861 1987 2902 G.
2018 2867 2058 2902 et
2086 2862 2251 2903 Katrine

1296 2932 1422 2984 Seras,
1444 2933 1538 2973 498.

1370 3003 1609 3054 Alexander,
1630 3003 1734 3044 filius
1752 3003 1946 3044 willelmi
1966 3003 2016 3045 G.
2038 3010 2078 3045 et
2095 3005 2248 3055 Joneto,

1295 3076 1388 3115 228.

1368 3146 1605 3197 Alexander,
1626 3146 1851 3197 monachus,
1873 3147 1965 3186 298.
2099 3188 2101 3190 ,

1368 3217 1513 3270 David,
1534 3218 1739 3271 burgensis
1756 3217 1805 3258 de
1825 3217 1977 3269 Dunde,
2000 3221 2093 3259 446.
