2742 3848
678 355 1109 409 REGISTRUM
1142 355 1240 406 DE
1277 356 1843 409 ABERBROTHOC.
2195 363 2292 416 469

225 490 459 540 introitus
482 498 532 539 et
558 491 804 539 veniendo
829 490 902 539 ad*
918 504 1090 539 omnes
1114 490 1277 540 curias
1315 491 1506 541 abbatis
1531 492 1582 540 in
1608 490 1954 542 'elemosinaria
1979 494 2220 542 tenendas
2237 516 2239 518 >
2256 495 2287 542 fi

227 583 391 649 vocati
415 582 637 635 fuerint·
663 587 724 632 31
753 570 972 649 Augusti
998 585 1126 637 1527
1133 613 1166 633 .-
1193 614 1198 615 ν

132 915 135 917 ,
227 837 381 909 Idem
417 858 469 906 in
505 866 826 923 augmentum
859 858 1066 907 euidens
1101 857 1386 906 reddituum
1425 865 1474 906 et
1510 857 1717 906 rentalis
1751 859 2036 908 monasterii
2063 862 2293 910 concedit

226 951 454 1002 Waltero
493 949 698 1017 Ogyluy
722 951 824 1002 filio
851 950 1046 1007 Thome
1074 949 1290 1016 Ogylwy
1316 950 1378 999 de
1406 949 1610 1016 Gloway
1635 950 1903 1005 heredibus
1938 952 2034 1001 suis
2070 962 2119 1002 et
2154 953 2292 1018 affig-

224 1045 354 1094 natis
401 1045 687 1097 masculis·
738 1045 917 1109 quibus
965 1044 1311 1095 deficientibus
1357 1043 1393 1092 J
1396 1044 1550 1092 acobo
1592 1043 1808 1111 Ogylwy
1847 1045 1909 1094 de
1952 1045 2200 1107 Bradown
2237 1057 2292 1109 =et

223 1138 490 1187 heredibus
513 1138 611 1186 suis
637 1167 647 1176 ·
673 1146 832 1186 terras
858 1138 919 1186 de
943 1136 1137 1186 Wester
1161 1136 1309 1185 Perse
1335 1153 1444 1184 cum
1467 1135 1673 1185 decimis
1691 1137 1979 1202 garbalibus
1997 1139 2048 1187 in
2071 1139 2291 1188 dominio

224 1232 285 1280 de
321 1231 670 1297 Kyncoldrum
707 1207 982 1295 regalitate·
1008 1230 1070 1278 de
1110 1229 1372 1295 Arbroyth
1410 1236 1460 1278 et
1500 1229 1850 1279 vicecomitatu
1889 1232 1951 1280 de
1991 1231 2171 1281 Forfar
2210 1251 2290 1281 ex·

223 1325 486 1374 tendentes
510 1325 562 1373 in
588 1324 770 1372 rentali
798 1323 990 1372 abbatis
1015 1323 1079 1371 ad
1104 1321 1283 1387 viginti
1306 1339 1500 1371 marcas
1526 1329 1576 1371 et
1600 1339 1691 1387 pro
1715 1323 1764 1371 le
1787 1331 2015 1389 rynmart
2051 1326 2292 1374 tredecim

220 1417 401 1466 solidos
444 1425 494 1466 et
533 1425 748 1482 quatuor
786 1415 1018 1466 denarios
1060 1433 1173 1464 cum
1207 1414 1384 1479 viginti
1426 1414 1641 1479 quatuor
1680 1416 1954 1480 caponibus
1993 1426 2042 1467 et
2082 1419 2290 1474 totidem

221 1510 446 1576 pultreys
471 1519 522 1560 et
546 1518 761 1575 quatuor
785 1509 930 1559 bollis
955 1525 1228 1558 auenarum
1252 1506 1597 1557 custumalium
1622 1533 1632 1545 ·
1655 1507 1993 1558 iurisdictione
2015 1510 2294 1574 regalitatis

221 1604 411 1669 semper
435 1603 571 1652 salua
610 1631 621 1643 ·
661 1602 940 1651 Reddendo
966 1610 1020 1650 ut
1043 1601 1319 1666 predictum
1346 1599 1418 1648 est
1442 1607 1492 1649 et
1515 1599 1567 1648 in
1594 1601 2059 1664 augmentacionem
2087 1603 2294 1663 reptalis

222 1703 437 1759 quatuor
460 1711 653 1742 marcas
680 1711 793 1742 cum
818 1693 1028 1742 dimidia
1062 1700 1262 1741 monete
1290 1691 1466 1742 Scocie
1505 1692 1708 1740 nomine
1747 1693 2023 1744 feodifirme
2060 1703 2251 1757 tantum
2280 1726 2290 1736 ·

222 1804 435 1838 vnacum
463 1787 589 1835 seaa
614 1785 692 1834 vel
718 1785 976 1850 presencia
1000 1785 1064 1834 ad
1089 1793 1189 1833 tres
1216 1784 1379 1833 curias
1408 1785 1648 1850 capitales
1675 1785 1866 1835 abbatis
1891 1788 2134 1844 tenendas
2161 1790 2294 1854 apud

225 1879 563 1931 Carnconnan
590 1878 667 1927 vel
693 1878 811 1926 alibi
837 1904 847 1915 ·
873 1881 932 1925 31
962 1877 1177 1943 Augusti
1207 1878 1353 1932 1527.

223 2137 550 2224 Preceptum
575 2158 727 2207 safine
751 2158 899 2223 supra
924 2165 1064 2206 carta
1087 2157 1311 2222 predicta
1333 2175 1424 2223 per
1449 2166 1583 2208 terre
1609 2167 1659 2208 et
1681 2158 1863 2224 lapidis
1896 2167 1946 2209 et
1972 2162 2114 2209 vnius
2139 2163 2291 2227 garbe

225 2252 552 2301 tradicionem
588 2249 1183 2301 dimetum-sAllexandro
1212 2249 1410 2300 Guthre
1442 2250 1504 2299 de
1537 2250 1974 2317 Kynblaythmont
2010 2261 2060 2302 et
2079 2252 2290 2329 fthome

225 2345 462 2411 Lyndsay
487 2346 549 2394 de
573 2344 827 2394 Lethnoth
851 2344 1052 2394 balliuis
1077 2343 1269 2394 abbatis
1292 2343 1347 2392 in
1371 2343 1464 2392 hac
1491 2351 1634 2408 parte
1659 2371 1669 2380 ·
1694 2348 1754 2392 31
1784 2344 1998 2409 Augusti
2026 2347 2186 2399 1527..
2272 2380 2274 2382 ψ

228 2604 425 2678 Abbas
451 2625 502 2673 in
528 2633 849 2690 augmentum
876 2624 1163 2674 reddituum
1188 2624 1475 2673 monasterii
1506 2626 1739 2675 concedit
1764 2625 1959 2675 Thome
1983 2626 2205 2676 Annand
2229 2628 2289 2676 de

228 2717 570 2783 Kynquherys
606 2716 874 2765 heredibus
898 2715 995 2764 suis
1019 2716 1248 2765 masculis
1274 2717 1335 2765 de
1362 2726 1694 2782 cognomento
1721 2718 1942 2768 Annand
1969 2727 2018 2768 et
2041 2719 2290 2786 affignatis

226 2810 454 2859 masculis
480 2810 695 2858 eiusdem
722 2809 1042 2873 cognomenti
1065 2836 1076 2847 ·
1102 2809 1281 2873 quibus
1306 2809 1653 2860 deficientibus
1677 2810 1943 2860 heredibus
1969 2821 2018 2861 et
2042 2812 2290 2877 affignatis

217 2902 455 2951 masculis
491 2902 553 2950 de
590 2908 922 2967 cognomento
957 2900 1183 2949 Annand
1221 2900 1415 2951 Thome
1448 2902 1674 2952 Annand
1707 2904 1797 2965 filii
1834 2907 2084 2969 quondam
2120 2906 2290 2955 Allex-

217 2994 371 3042 andri
397 2994 622 3043 Annand
657 2993 790 3059 olym
830 2993 883 3041 in
920 2992 1137 3058 Myddyl
1170 2993 1319 3042 Perse
1352 2994 1605 3060 wlgariter
1641 2996 1775 3045 dicta
1811 2996 2023 3062 Bagraw
2059 3028 2069 3037 ·
2114 2999 2288 3062 quibus

215 3086 573 3143 deficientibus
607 3085 874 3134 heredibus
911 3084 1107 3133 Thome
1149 3085 1372 3134 Annand
1407 3086 1468 3135 de
1502 3087 1844 3154 Kynquherys
1882 3089 2286 3154 quibuscunque-

224 3184 383 3224 terras
408 3177 469 3224 de
494 3177 644 3242 Estyr
668 3175 815 3225 Perse
841 3184 890 3224 et
916 3174 1051 3223 Moir
1069 3175 1219 3224 Perse
1245 3193 1358 3225 cum
1385 3177 1591 3226 decimis
1609 3179 1895 3242 garbalibus
1914 3179 1966 3227 in
1987 3180 2205 3228 dominio
2225 3181 2285 3228 de
