2762 3834
393 1411 487 1459 368

548 367 645 409 300
997 356 1414 410 REGISTRUM
1448 355 1544 404 DE
1580 352 2135 404 ABERBROTHOC.

549 494 776 542 oneribus
821 531 831 541 .
875 531 884 540 .
930 533 937 540 .
979 491 1042 541 Et
1088 507 1176 539 nos
1220 527 1231 538 .
1270 526 1281 537 .
1322 527 1332 537 .
1374 487 1577 552 prefatis
1622 525 1631 534 .
1679 525 1687 534 .
1734 525 1743 534 .
1789 485 2138 534 committimus
2184 485 2472 550 potestatem
2522 488 2585 535 ad

547 587 894 650 imponendum
936 593 984 632 et
1031 582 1372 646 expellendum
1421 580 1732 628 subtenentes
1780 578 2017 641 quociens
2064 578 2152 626 eiis
2200 578 2441 642 placuerit
2479 618 2487 627 .
2526 619 2534 627 .
2574 620 2582 627 .

547 679 779 726 Preterea
804 676 835 723 fi
874 715 882 723 .
917 714 925 723 .
961 714 969 723 .
1004 675 1129 722 male
1153 672 1486 737 persoluentes
1510 671 1651 719 nobis
1679 671 1759 719 uel
1795 709 1804 719 .
1840 709 1848 718 .
1880 709 1890 718 .
1927 669 2148 718 iniuriosi
2189 710 2197 718 .
2234 709 2243 718 .
2278 710 2287 719 .
2329 672 2584 719 extiterint

546 769 709 818 licebit
746 768 884 816 nobis
929 806 938 814 .
982 806 990 813 .
1036 804 1045 814 .
1091 766 1152 813 de
1194 802 1203 812 .
1249 802 1259 812 .
1302 802 1312 812 .
1357 763 1476 811 villa
1513 763 1574 811 ad
1614 800 1624 810 .
1665 799 1676 809 .
1716 800 1727 810 .
1763 762 1957 811 libitum
2001 800 2011 810 .
2055 799 2066 810 .
2108 798 2119 809 .
2161 761 2417 826 disponere
2461 800 2471 810 .
2514 801 2523 810 .
2571 801 2581 810 .

546 860 696 923 Apud
738 898 745 906 .
787 898 795 906 .
836 896 844 906 .
889 857 1157 921 capitulum
1193 855 1385 904 decimo
1420 855 1553 903 sexto
1589 854 1670 902 die
1705 853 1881 902 meniis
1917 852 2177 902 Februarii
2214 870 2344 901 anno
2377 853 2583 901 Domini

543 950 793 998 millefimo
819 946 1298 1011 quadringentesimo
1320 945 1636 1011 nonogesimo
1661 945 1811 993 sexto.

543 1211 823 1281 Affedacio
849 1237 1091 1277 terrarum
1118 1229 1179 1276 de
1206 1227 1453 1292 Ardlogy.

542 1449 551 1458 .
591 1449 600 1458 .
642 1449 651 1458 .
690 1411 863 1459 Pateat
890 1447 900 1457 .
931 1447 941 1457 .
971 1447 981 1456 .
1008 1426 1096 1457 nos
1132 1408 1333 1457 Dauid.
1361 1447 1369 1455 .
1399 1445 1409 1455 .
1437 1408 1661 1456 abbatem
1689 1448 1698 1457 .
1726 1446 1734 1456 .
1763 1447 1771 1456 .
1798 1409 1859 1456 de
1889 1408 2222 1457 Abirbrothoc
2254 1409 2314 1456 de
2347 1409 2579 1456 consensu

540 1502 738 1565 dompni
764 1502 1038 1550 Alexandri
1064 1500 1267 1549 Masone
1298 1500 1530 1549 monachi
1554 1498 1706 1548 nostri
1731 1499 2038 1564 profeflionis
2063 1509 2111 1548 et
2135 1500 2312 1564 prioris
2338 1501 2399 1548 de
2424 1499 2579 1565 way

540 1635 548 1642 .
594 1633 602 1641 .
648 1633 657 1642 .
701 1593 920 1642 affedaffe
964 1631 974 1640 .
1018 1630 1028 1640 .
1073 1630 1082 1640 .
1126 1592 1385 1641 Elizabeth
1428 1592 1615 1640 Berkla
1654 1592 1824 1656 sponse
1867 1631 1875 1639 .
1913 1631 1922 1641 .
1962 1631 1971 1640 .
2010 1591 2250 1640 Willelmi
2301 1592 2578 1640 Meldi-ome

539 1686 724 1733 domini
749 1686 809 1733 de
833 1684 988 1750 way
1012 1701 1101 1749 pro
1127 1692 1230 1733 toto
1256 1692 1477 1749 tempore
1502 1685 1602 1734 vite
1639 1684 1855 1733 eiusdem
1891 1685 2080 1748 suisque
2117 1684 2422 1732 adiutoribus
2459 1724 2467 1732 .
2512 1722 2521 1732 .
2566 1722 2575 1732 .

538 1796 636 1826 non
681 1815 690 1825 .
730 1815 740 1824 .
782 1815 791 1824 .
834 1777 1032 1825 maioris
1068 1777 1218 1825 status
1253 1794 1399 1840 quam
1434 1778 1539 1841 ipsa
1581 1815 1592 1824 .
1639 1814 1649 1824 .
1695 1814 1705 1823 .
1749 1776 1819 1824 ita
1843 1776 1977 1840 quod
2001 1776 2094 1824 fint
2119 1776 2406 1824 amouibiles
2430 1784 2578 1840 prout

539 1868 783 1916 videbitur
819 1867 1083 1931 expediens
1128 1904 1138 1914 .
1186 1905 1196 1914 .
1242 1905 1252 1914 .
1294 1875 1452 1916 terras
1488 1868 1678 1917 nostras
1704 1869 1765 1916 de
1790 1867 2016 1933 Ardlogy
2043 1885 2163 1931 quas
2198 1885 2332 1916 nunc
2368 1876 2576 1932 occupat

538 1961 666 2007 diua
707 1960 962 2007 Elizabeth
1010 1997 1019 2006 .
1066 1997 1075 2006 .
1120 1997 1129 2007 .
1174 1960 1448 2008 Reddendo
1493 1998 1503 2008 .
1551 1998 1561 2008 .
1608 1998 1618 2008 .
1661 1959 1818 2024 priori
1863 1961 2108 2008 antedisto
2145 1968 2194 2008 et
2230 1959 2575 2009 suceefforibus

537 2053 630 2099 suis
668 2052 920 2099 monachis
961 2052 1172 2100 eiusdem
1210 2052 1491 2101 monasterii
1531 2051 1750 2117 profeffis
1786 2069 1965 2100 nouem
2001 2059 2189 2100 marcas
2228 2090 2237 2099 .
2278 2090 2287 2100 .
2329 2090 2338 2100 .
2379 2060 2574 2101 monete

539 2181 548 2190 .
593 2181 601 2190 .
645 2182 654 2190 .
700 2143 871 2192 Scocie
896 2144 958 2191 ad
983 2144 1104 2191 duos
1129 2144 1245 2191 anni
1272 2145 1506 2192 terminos
1551 2183 1561 2192 .
1606 2183 1615 2193 .
1661 2183 1671 2193 .
1711 2155 1760 2195 et
1785 2146 1950 2194 omnia
1973 2145 2071 2194 alia
2096 2162 2248 2193 onera
2290 2183 2300 2193 .
2344 2182 2354 2193 .
2402 2183 2412 2193 .
2454 2145 2518 2194 Et
2540 2147 2573 2193 fi

537 2237 663 2284 di&a
698 2235 953 2284 Elizabeth
996 2275 1005 2284 .
1047 2274 1056 2283 .
1099 2275 1108 2284 .
1149 2237 1275 2286 male
1311 2237 1593 2302 persoluens
1630 2238 1710 2285 seu
1755 2275 1765 2284 .
1811 2274 1821 2284 .
1867 2275 1876 2285 .
1920 2236 2155 2286 iniuriosa
2190 2237 2408 2285 extiterit
2453 2274 2463 2284 .
2505 2275 2515 2284 .
2562 2274 2572 2284 .

536 2327 702 2375 licebit
741 2327 882 2374 nobis
920 2366 929 2374 .
962 2366 970 2374 .
1009 2367 1017 2375 .
1054 2328 1115 2375 de
1156 2367 1165 2375 .
1205 2367 1212 2375 .
1252 2368 1260 2376 .
1303 2329 1447 2377 terris
1490 2329 1551 2377 ad
1590 2328 1785 2377 libitum
1825 2365 1836 2376 .
1877 2365 1888 2376 .
1929 2365 1939 2375 .
1983 2328 2240 2393 disponere
2279 2365 2289 2375 .
2327 2366 2336 2376 .
2375 2366 2385 2375 .
2421 2328 2573 2392 Apud

538 2418 866 2466 Abirbrothoc
891 2419 1082 2467 decimo
1107 2420 1311 2484 septimo
1346 2420 1424 2468 die
1457 2420 1633 2469 meniis
1657 2419 1918 2469 Februarii
1943 2437 2073 2468 anno
2106 2419 2311 2468 Domini
2346 2426 2414 2467 m⁰
2438 2426 2574 2468 cccc⁰

536 2509 844 2573 nonagefimo
870 2509 1016 2557 sexto.

536 2756 819 2825 Affedacio
844 2785 1086 2824 terrarum
1110 2778 1170 2825 de
1196 2778 1399 2827 Balfour
1428 2779 1519 2845 [et]
1548 2780 1807 2829 Kerktone
1834 2789 1883 2830 et
1906 2781 2193 2829 molendini.

386 2986 482 3039 369
532 2937 661 3010 Nos
699 2957 868 3005 Dauid
903 2959 1051 3007 abbas
1089 2996 1098 3006 .
1145 2997 1155 3006 .
1202 2997 1212 3006 .
1255 2961 1316 3008 de
1341 2961 1674 3011 Abirbrothoc
1720 3001 1729 3010 .
1778 3001 1787 3011 .
1830 3000 1840 3011 .
1886 2963 2156 3012 affedamus
2199 2999 2209 3010 .
2254 2999 2264 3009 .
2308 2999 2318 3009 .
2364 2961 2570 3010 Oliuero

537 3051 723 3117 Ogiluy
749 3058 798 3097 et
821 3049 916 3097 suis
941 3051 1186 3116 affignatis
1232 3089 1241 3099 .
1287 3089 1298 3099 .
1344 3089 1354 3100 .
1397 3052 1468 3101 ita
1491 3054 1623 3116 quod
1646 3071 1746 3102 non
1773 3054 1866 3102 fint
1889 3054 2088 3102 maioris
2114 3053 2265 3102 status
2302 3070 2447 3116 quam
2472 3053 2570 3117 ipse

584 3183 593 3193 .
635 3183 646 3193 .
683 3153 730 3192 et
772 3181 782 3191 .
825 3181 835 3192 .
877 3181 887 3191 .
928 3143 1250 3191 admittantur
1273 3160 1362 3206 per
1387 3145 1611 3193 abbatem
1636 3154 1685 3194 et
1710 3152 2007 3193 conuentum
2047 3182 2058 3192 .
2097 3181 2109 3191 .
2150 3181 2160 3192 .
2199 3155 2355 3192 terras
2381 3143 2569 3192 nostras
