2586 3834
263 1675 484 1729 528‚‚

276 2949 495 3000 529..

402 362 500 412 416
850 356 1273 410 REGISTRUM
1305 354 1402 404 DE
1438 351 1997 402 ABERBROTHOC.

402 494 740 542 molendinum
782 491 1000 539 nostrum
1043 491 1103 538 de
1149 487 1367 552 Raysmil
1404 502 1514 534 cum
1560 521 1570 532 .
1616 520 1627 532 .
1671 521 1682 532 .
1720 484 2041 548 pertinenciis
2078 486 2252 549 quibus
2289 486 2451 534 dictus

403 584 656 634 Johannes
699 582 946 647 gaudebat
985 619 994 627 .
1037 617 1046 627 .
1089 617 1099 626 .
1139 595 1197 626 ac
1244 614 1255 625 .
1302 615 1312 625 .
1360 614 1370 624 .
1419 576 1586 624 villam
1633 574 1848 624 nostram
1896 575 1942 624 le
1989 576 2280 642 Estirgrene
2325 618 2334 627 .
2381 617 2389 625 .
2439 615 2449 624 .

408 674 656 724 Soluendo
681 673 796 720 inde
821 669 1075 719 annuatim
1109 706 1119 716 .
1162 706 1172 717 .
1210 707 1218 716 .
1252 684 1343 731 pro
1370 704 1381 715 .
1410 704 1421 715 .
1450 704 1461 716 .
1487 666 1775 715 molendino
1812 704 1823 715 .
1865 704 1876 715 .
1917 704 1928 716 .
1966 668 2328 734 quinquaginta
2351 677 2451 717 tres

406 767 580 814 solidos
623 772 671 812 et
714 772 924 826 quatuor
963 760 1193 809 denarios
1238 797 1248 807 .
1294 797 1304 807 .
1346 799 1355 807 .
1399 766 1595 807 monete
1637 798 1646 806 .
1691 797 1701 806 .
1747 795 1759 806 .
1802 756 1976 807 Scocie
2022 794 2033 806 .
2077 797 2088 807 .
2131 796 2142 807 .
2182 776 2294 808 cum
2334 760 2452 808 duo-

405 856 563 904 decim
589 854 857 918 caponibus
897 879 907 889 ·
945 859 994 900 et
1018 868 1108 915 pro
1132 851 1180 899 le
1207 851 1498 915 Estirgrene
1525 866 1672 897 vnam
1698 849 1917 898 celdram
1953 850 2091 899 ordei
2129 850 2245 898 boni
2281 851 2451 899 mundi

408 955 456 994 et
494 946 604 993 ficci
640 943 864 992 mensure
900 942 993 990 fori
1030 942 1276 991 currentis
1325 981 1333 989 .
1384 981 1393 990 .
1443 980 1452 989 .
1501 958 1559 989 ac
1598 941 1755 990 eciam
1793 941 2124 1006 quadraginta
2159 942 2240 991 sex
2276 942 2453 990 solidos

524 1076 532 1084 .
580 1042 775 1084 monete
826 1033 1000 1083 Scocie
1043 1072 1051 1081 .
1092 1070 1102 1081 .
1143 1069 1153 1081 .
1199 1049 1308 1080 cum
1357 1032 1616 1081 duodecim
1659 1032 1929 1097 caponibus
1971 1041 2020 1082 et
2061 1033 2266 1082 totidem
2305 1034 2453 1098 pullis

407 1128 586 1177 adultis
627 1144 685 1176 ac
730 1164 740 1174 .
786 1166 794 1175 .
839 1162 850 1172 .
892 1124 1257 1173 husbandorum
1294 1124 1525 1174 oneribus
1567 1161 1577 1171 .
1623 1161 1634 1172 .
1682 1161 1692 1172 .
1736 1123 1964 1173 Secundo
1999 1124 2081 1173 die
2117 1122 2294 1172 menfis
2329 1123 2451 1173 Maii

407 1237 535 1268 anno
560 1218 765 1267 Domini
790 1223 857 1265 m⁰
884 1222 929 1264 νο
952 1216 1261 1265 duodecimo,

411 1478 738 1562 Aichmuthy
764 1500 937 1546 octaua
960 1513 1074 1561 pars
1100 1495 1342 1546 affedatur
1367 1496 1617 1546 Duncano
1641 1496 1813 1563 Fethy.

540 1719 548 1727 .
601 1679 775 1729 Pateat
825 1719 833 1728 .
880 1717 890 1727 .
946 1717 956 1727 .
1010 1697 1099 1727 nos
1135 1679 1409 1745 Georgium
1448 1717 1458 1727 .
1515 1717 1526 1728 .
1580 1717 1590 1727 .
1646 1678 1969 1729 Sodorensem
2001 1680 2281 1745 episcopum
2310 1680 2446 1747 [etc.]

466 1810 474 1818 .
519 1811 527 1819 .
565 1770 786 1819 affedaffe
824 1809 834 1819 .
871 1810 880 1819 .
918 1810 927 1820 .
965 1770 1212 1820 Duncano
1237 1770 1399 1836 Fethy
1426 1777 1476 1819 et
1506 1769 1792 1836 Margarete
1827 1771 1996 1836 sponse
2031 1771 2113 1820 sue
2160 1809 2170 1820 .
2207 1810 2218 1821 .
2259 1811 2268 1820 .
2309 1810 2318 1820 .
2360 1789 2451 1836 pro

411 1871 513 1911 toto
537 1872 754 1927 tempore
780 1863 878 1911 vite
921 1902 929 1911 .
974 1903 982 1911 .
1026 1901 1037 1911 .
1074 1866 1295 1911 o&auam
1331 1871 1525 1927 partem
1549 1863 1664 1912 ville
1700 1863 1865 1911 nostre
1902 1864 1963 1912 de
1998 1863 2285 1928 Achmuthy
2325 1902 2335 1911 .
2382 1901 2392 1911 .
2437 1899 2448 1911 .

412 1971 522 2008 cum
547 1954 749 2002 edificiis
783 1954 987 2018 desuper
1019 1953 1307 2003 construffis
1337 1971 1485 2019 quam
1534 1991 1545 2002 .
1591 1992 1602 2002 .
1648 1992 1658 2003 .
1703 1954 1836 2003 idem
1878 1992 1888 2002 .
1932 1992 1942 2002 .
1985 1991 1996 2002 .
2045 1955 2289 2019 ocupabat
2337 1992 2347 2002 .
2388 1993 2397 2001 .
2441 1994 2448 2002 .

415 2043 662 2094 Soluendo
687 2045 802 2093 inde
827 2045 1078 2093 annuatim
1225 2084 1234 2093 .
1278 2045 1483 2110 triginta
1517 2045 1695 2094 solidos
1741 2083 1752 2094 .
1790 2085 1800 2095 .
1839 2085 1849 2096 .
1891 2053 2087 2095 monete
2123 2045 2296 2095 Scocie
2338 2085 2347 2094 .
2392 2085 2400 2094 .
2442 2086 2450 2094 .

414 2153 620 2184 vnacum
668 2145 891 2201 rynmart
921 2137 1122 2202 weddyr
1163 2154 1220 2186 ac
1262 2137 1370 2185 aliis
1422 2177 1431 2186 .
1485 2176 1495 2186 .
1549 2176 1559 2186 .
1617 2137 1984 2187 husbandorum
2031 2138 2261 2186 oneribus
2316 2177 2323 2184 .
2379 2177 2387 2185 .

412 2226 646 2275 Preterea
671 2227 788 2275 diffisi
831 2266 840 2275 .
884 2265 893 2276 .
938 2267 946 2275 .
989 2228 1247 2277 inuenient
1294 2267 1303 2276 .
1344 2267 1353 2277 .
1397 2266 1408 2278 .
1457 2229 1712 2277 annuatim
1750 2229 2019 2293 sumptibus
2059 2229 2154 2277 suis
2195 2228 2447 2277 dimidiam

413 2319 638 2383 cymbam
662 2335 751 2382 pro
775 2319 1039 2383 piscatione
1064 2321 1190 2368 bene
1214 2327 1527 2384 preparatam
1553 2337 1663 2368 cum
1689 2359 1698 2369 .
1726 2359 1735 2368 .
1762 2336 1772 2369 ·.
1798 2319 2023 2368 omnibus
2047 2358 2056 2368 .
2091 2357 2101 2368 .
2135 2357 2145 2368 .
2171 2317 2449 2367 necessariis

538 2447 548 2456 .
600 2410 741 2458 nobis
782 2447 793 2458 .
835 2448 845 2458 .
890 2447 900 2458 .
946 2410 1156 2459 Decimo
1180 2412 1313 2459 sexto
1349 2411 1429 2459 die
1461 2411 1638 2460 mensis
1663 2411 1788 2460 Maii
1812 2428 1942 2460 anno
1968 2411 2173 2459 Domini
2197 2409 2448 2459 millesimo

415 2501 798 2565 quingentesimo
824 2502 1082 2550 vndecimo
1112 2502 1452 2567 [duodecima]

422 2755 749 2841 Aichmuthy
775 2779 947 2827 o&aua
969 2795 1083 2842 pars
1109 2778 1351 2828 affedatur
1378 2781 1583 2847 Symoni
1608 2782 1769 2849 Fethy
1795 2792 1844 2833 et
1867 2784 1962 2832 suis
1985 2785 2363 2834 subtenentibus.

538 2990 548 3001 .
598 2952 772 3002 Pateat
820 2990 832 3002 .
883 2990 894 3001 .
945 2990 956 3000 .
1002 2971 1090 3002 nos
1115 2955 1385 3020 Georgium
1414 2957 1547 3024 [etc.]
1600 2996 1612 3008 .
1666 2998 1677 3008 .
1726 2995 1738 3007 .
1786 2960 2010 3009 ass'edaffe
2059 2998 2070 3010 .
2122 2999 2132 3009 .
2183 2998 2194 3010 .
2247 2960 2450 3026 Symoni

425 3043 584 3108 Fethy
620 3050 668 3091 et
707 3043 802 3091 suis
839 3043 1203 3094 subtenentibus
1241 3084 1251 3094 .
1290 3084 1302 3095 .
1341 3084 1352 3095 .
1389 3065 1487 3096 non
1527 3087 1537 3098 .
1577 3086 1588 3098 .
1629 3088 1639 3099 .
1677 3051 1875 3100 maioris
1910 3052 2060 3101 status
2110 3090 2120 3100 .
2174 3090 2184 3101 .
2237 3088 2248 3101 .
2304 3069 2449 3116 quam

426 3134 524 3198 ipse
562 3171 573 3181 .
619 3170 628 3180 .
668 3171 679 3181 .
717 3135 938 3183 o&auam
973 3144 1162 3200 partem
1190 3137 1502 3189 villenostre
1526 3142 1587 3190 de
1612 3142 1920 3209 Aichmuthy
1945 3161 2054 3192 cum
2094 3181 2105 3193 .
2148 3181 2158 3191 .
2199 3182 2208 3191 .
2246 3145 2449 3193 edificiis
