2742 3848
0 789 60 839 11.

751 369 1049 421 CARTAE
1088 367 1558 420 ORIGINALES.
2100 374 2198 418 543

113 578 289 653 Carta
313 599 553 649 custume.

113 765 306 839 Dauid
346 825 356 834 .
402 824 413 835 .
459 824 471 834 .
514 803 604 835 rex
643 784 932 835 Scottorum
968 784 1200 834 omnibus
1236 823 1247 834 .
1291 824 1300 834 .
1339 824 1349 833 .
1388 785 1597 835 salutem
1639 814 1650 824 ·
1697 784 1877 834 Sciatis
1913 786 2048 849 quod
2086 801 2201 832 con-

114 879 337 930 cefflmus
379 917 390 928 .
430 918 441 928 .
485 917 495 926 .
537 878 708 928 abbati
732 886 782 928 et
808 878 1083 928 conuentui
1127 916 1138 927 .
1182 918 1193 927 .
1239 915 1250 926 .
1295 878 1357 927 de
1383 877 1729 928 Abirbrothoc
1754 886 1808 928 vt
1832 895 1935 927 non
1973 877 2201 927 obstante

114 974 247 1039 quod
287 973 513 1022 custuma
546 973 696 1038 burgi
733 972 805 1021 sui
842 973 905 1021 de
942 971 1181 1022 consensu
1219 973 1495 1022 eorundem
1532 974 1596 1022 ad
1632 973 1938 1023 solucionem
1974 973 2202 1038 redemp-

115 1067 263 1117 tionis
288 1066 456 1116 nostre
480 1067 678 1133 integre
699 1066 866 1116 extitit
892 1065 1127 1116 ordinata
1150 1066 1270 1115 dieti
1294 1065 1513 1134 religiosi
1537 1067 1674 1117 illam
1702 1067 1961 1116 dimidiam
1980 1084 2201 1117 marcam

115 1180 264 1227 quam
301 1170 418 1211 ante
455 1161 635 1211 fastam
671 1160 956 1210 huiusmodi
999 1161 1379 1210 ordinacionem
1415 1179 1508 1227 per
1543 1162 1947 1212 infeodacionem
1982 1161 2202 1211 nostram

114 1256 375 1323 percipere
402 1257 770 1305 consueuerant
797 1254 1033 1304 videficet
1064 1255 1126 1304 de
1158 1255 1302 1305 sacco
1337 1256 1453 1306 lane
1491 1256 1643 1305 coriis
1680 1263 1731 1305 et
1766 1255 1981 1321 pellibus
2016 1255 2203 1304 lanutis

113 1350 569 1416 proporcionaliter
605 1367 667 1399 ex
706 1367 841 1399 nunc
878 1349 1038 1398 libere
1072 1349 1360 1414 percipiant
1396 1357 1547 1414 prout
1583 1357 1700 1399 ante
1734 1349 2203 1414 augmentacionem

115 1445 283 1494 nostre
314 1462 496 1510 magne
534 1442 756 1493 custume
793 1460 884 1509 per
921 1442 1324 1492 infeodacionem
1361 1442 1583 1492 nostram
1618 1443 1896 1509 predifibam
1934 1442 2058 1492 alias
2095 1460 2204 1507 per-

118 1546 361 1604 ceperunt
404 1566 415 1576 ·
463 1537 635 1596 Quare
673 1536 951 1587 camerario
988 1534 1157 1584 nostro
1186 1535 1363 1586 Scocie
1400 1544 1451 1586 et
1487 1535 1803 1585 custumariis
1839 1536 2022 1586 nostris
2066 1576 2075 1585 .
2129 1575 2139 1585 .

118 1633 412 1714 mandamus
438 1630 674 1697 quatinus
700 1630 832 1679 dieto
860 1630 1028 1679 abbati
1052 1629 1134 1680 seu
1155 1629 1262 1678 eius
1281 1629 1534 1694 deputatis
1559 1629 1621 1678 de
1647 1629 1778 1678 dieta
1803 1629 2012 1679 dimidia
2035 1647 2208 1679 marca

116 1734 347 1792 prompte
382 1725 719 1791 respondeant
763 1764 772 1774 .
819 1763 829 1772 .
874 1765 883 1773 .
929 1724 991 1773 In
1029 1725 1170 1774 cuius
1206 1723 1282 1773 rei
1318 1723 1658 1773 testimonium
1693 1724 2007 1789 presentibus
2045 1723 2206 1774 literis

119 1820 331 1886 figillum
355 1818 580 1869 nostrum
618 1856 630 1867 .
667 1857 678 1867 .
718 1856 729 1867 .
767 1818 1084 1883 precepimus
1109 1817 1295 1883 apponi
1321 1818 1454 1882 apud
1479 1816 1780 1883 Edinburgh
1800 1834 1906 1867 xnn
1927 1817 2009 1867 die
2029 1818 2207 1866 meniis

120 1914 314 1980 Aprilis
340 1931 472 1964 anno
497 1913 643 1978 regni
669 1912 826 1961 nostri
852 1910 1102 1962 tricesimo
1128 1928 1278 1961 non0.

121 2172 341 2262 Magna
367 2196 606 2245 custuma.

121 2362 399 2436 Robertus
443 2422 454 2433 .
492 2423 503 2433 .
544 2422 554 2433 .
597 2401 686 2432 rex
731 2383 1016 2434 Scottorum
1059 2382 1290 2432 omnibus
1334 2420 1344 2429 .
1386 2420 1397 2430 .
1439 2419 1448 2429 .
1494 2382 1701 2431 salutem
1746 2413 1756 2422 ·
1804 2382 1939 2441 Quia
1975 2383 2026 2430 in
2068 2391 2205 2431 certo

122 2477 443 2543 concepimus
483 2477 750 2542 quamdam
789 2475 1192 2525 infeodacionem
1231 2492 1323 2540 per
1363 2482 1525 2524 certas
1568 2483 1732 2524 cartas
1774 2514 1784 2524 .
1826 2513 1837 2524 .
1878 2513 1888 2523 .
1930 2475 2102 2525 Dauid
2145 2477 2206 2524 de

122 2569 286 2637 Bruys
317 2570 450 2637 regis
479 2569 764 2620 Scottorum
813 2608 823 2618 .
868 2608 878 2617 .
923 2607 934 2618 .
979 2570 1257 2618 confe&am
1302 2606 1312 2617 .
1354 2606 1365 2617 .
1414 2607 1423 2616 .
1469 2568 1635 2618 abbati
1673 2577 1723 2618 et
1760 2570 2033 2618 conuentui
2078 2607 2088 2617 .
2136 2607 2146 2617 .
2195 2608 2203 2616 .

122 2663 183 2712 de
219 2664 581 2730 Abyrbrothoc
623 2664 686 2712 de
728 2670 835 2712 tota
877 2663 1103 2712 custuma
1145 2662 1470 2728 contingente
1508 2662 1570 2712 de
1607 2663 1985 2727 quibuscunque
2031 2663 2206 2711 merci-

123 2757 302 2806 moniis
329 2765 379 2806 et
403 2758 552 2806 rebus
578 2756 629 2805 in
656 2757 817 2821 burgo
842 2764 992 2821 portu
1018 2764 1067 2805 et
1093 2756 1357 2822 regalitate
1395 2756 1458 2807 de
1494 2755 1858 2823 Abyrbrothoc
1886 2756 2122 2807 videlicet
2155 2758 2206 2804 in

128 2851 354 2901 omnibus
400 2889 411 2900 .
450 2888 461 2900 .
500 2888 511 2899 .
555 2850 700 2900 terris
725 2850 843 2900 dieti
867 2849 1157 2899 monasterii
1194 2889 1206 2901 .
1248 2890 1257 2899 .
1300 2888 1311 2899 .
1349 2850 1483 2899 infra
1507 2867 1719 2915 regnum
1745 2858 1973 2900 nostrum
1998 2859 2048 2900 et
2073 2849 2208 2915 quod

128 2943 246 2992 diai
269 2943 487 3011 religiosi
513 2944 609 2994 viri
633 2943 894 3010 proprium
928 2943 1162 2993 coketum
1188 2943 1406 2993 habeant
1432 2944 1568 3008 quod
1593 2942 1829 2993 coketum
1853 2944 2037 2994 seruiat
2081 2982 2090 2991 .
2141 2982 2150 2989 .
2195 2982 2205 2990 .

126 3035 196 3085 ita
218 3037 346 3087 bene
385 3075 396 3086 .
431 3076 441 3086 .
477 3075 488 3086 .
523 3045 625 3087 tam
650 3036 784 3086 infra
808 3053 1019 3102 regnum
1039 3036 1262 3087 nostrum
1284 3055 1433 3103 quam
1454 3037 1574 3088 alibi
1593 3036 1716 3088 ficut
1736 3038 1917 3088 coketa
1933 3038 2206 3103 burgorum

126 3129 406 3180 nostrorum
439 3169 450 3180 .
482 3169 492 3180 .
523 3168 534 3180 .
564 3130 789 3180 seruiunt
824 3167 835 3179 .
872 3169 883 3179 .
922 3169 932 3179 .
969 3130 1150 3181 Sciatis
1175 3148 1267 3180 nos
1305 3169 1317 3179 .
1359 3169 1370 3180 .
1411 3168 1423 3179 .
1460 3130 1742 3195 specialiter
1766 3131 1819 3179 in
1845 3131 2036 3179 honore
2062 3129 2205 3179 Beati

128 3221 321 3274 Thome
347 3225 568 3275 martiris
593 3224 777 3275 dedifl'e
806 3263 817 3274 .
848 3263 858 3274 .
888 3264 897 3274 .
925 3225 1070 3274 diffis
1098 3263 1108 3273 .
1136 3265 1146 3274 .
1177 3263 1187 3273 .
1216 3223 1384 3274 abbati
1409 3231 1460 3274 et
1485 3224 1758 3274 conuentui
1797 3262 1806 3272 .
1842 3262 1852 3271 .
1890 3262 1901 3271 .
1932 3241 2024 3288 pro
2050 3222 2203 3271 salute
