<?xml version="1.0" encoding="UTF-8"?>
<!DOCTYPE html PUBLIC "-//W3C//DTD XHTML 1.0 Transitional//EN"
    "http://www.w3.org/TR/xhtml1/DTD/xhtml1-transitional.dtd">
<html xmlns="http://www.w3.org/1999/xhtml" xml:lang="en" lang="en">
 <head>
  <title>
</title>
<meta http-equiv="Content-Type" content="text/html;charset=utf-8" />
  <meta name='ocr-system' content='tesseract 3.04.00' />
  <meta name='ocr-capabilities' content='ocr_page ocr_carea ocr_par ocr_line ocrx_word'/>
</head>
<body>
  <div class='ocr_page' id='page_1' title='image "./libersthomedea8602arbruoft_0282.png"; bbox 0 0 2762 3834; ppageno 0'>
   <div class='ocr_carea' id='block_1_1' title="bbox 429 1211 524 1255">
    <p class='ocr_par' dir='ltr' id='par_1_1' title="bbox 429 1211 524 1255">
     <span class='ocr_line' id='line_1_1' title="bbox 429 1211 524 1255; baseline -0.011 0"><span class='ocrx_word' id='word_1_1' title='bbox 429 1211 524 1255; x_wconf 80' lang='lat'><strong>208</strong></span> 
     </span>
    </p>
   </div>
   <div class='ocr_carea' id='block_1_2' title="bbox 577 311 2153 406">
    <p class='ocr_par' dir='ltr' id='par_1_2' title="bbox 577 311 2153 406">
     <span class='ocr_line' id='line_1_2' title="bbox 577 311 2153 406; baseline -0.01 0"><span class='ocrx_word' id='word_1_2' title='bbox 577 361 670 406; x_wconf 78' lang='lat'><strong>182</strong></span> <span class='ocrx_word' id='word_1_3' title='bbox 1014 348 1434 404; x_wconf 82' lang='lat' dir='ltr'><strong>REGISTRUM</strong></span> <span class='ocrx_word' id='word_1_4' title='bbox 1467 311 1565 396; x_wconf 48' lang='lat' dir='ltr'><strong>D&#39;E</strong></span> <span class='ocrx_word' id='word_1_5' title='bbox 1601 341 2153 395; x_wconf 80' lang='lat' dir='ltr'><strong>ABERBROTHOC.</strong></span> 
     </span>
    </p>
   </div>
   <div class='ocr_carea' id='block_1_3' title="bbox 575 473 2600 816">
    <p class='ocr_par' dir='ltr' id='par_1_3' title="bbox 575 473 2600 816">
     <span class='ocr_line' id='line_1_3' title="bbox 575 473 2599 550; baseline -0.007 -13"><span class='ocrx_word' id='word_1_6' title='bbox 575 486 854 537; x_wconf 86' lang='lat' dir='ltr'><strong>monasterii</strong></span> <span class='ocrx_word' id='word_1_7' title='bbox 895 485 1147 550; x_wconf 87' lang='lat' dir='ltr'><strong>suppriore</strong></span> <span class='ocrx_word' id='word_1_8' title='bbox 1195 510 1207 523; x_wconf 88' lang='lat'><strong>·</strong></span> <span class='ocrx_word' id='word_1_9' title='bbox 1253 481 1447 530; x_wconf 87' lang='lat' dir='ltr'><strong>Thoma</strong></span> <span class='ocrx_word' id='word_1_10' title='bbox 1484 475 1712 529; x_wconf 86' lang='lat' dir='ltr'><strong>Herchas</strong></span> <span class='ocrx_word' id='word_1_11' title='bbox 1762 504 1773 515; x_wconf 89' lang='lat'><strong>·</strong></span> <span class='ocrx_word' id='word_1_12' title='bbox 1822 474 2043 523; x_wconf 86' lang='lat' dir='ltr'><strong>Roberto</strong></span> <span class='ocrx_word' id='word_1_13' title='bbox 2086 473 2231 539; x_wconf 85' lang='lat' dir='ltr'><strong>Cuby</strong></span> <span class='ocrx_word' id='word_1_14' title='bbox 2268 502 2278 512; x_wconf 92' lang='lat'>·</span> <span class='ocrx_word' id='word_1_15' title='bbox 2316 474 2599 523; x_wconf 86' lang='lat' dir='ltr'><strong>monasterii</strong></span> 
     </span>
     <span class='ocr_line' id='line_1_4' title="bbox 577 563 2600 635; baseline -0.008 -7"><span class='ocrx_word' id='word_1_16' title='bbox 577 577 827 627; x_wconf 84' lang='lat' dir='ltr'><strong>monachis</strong></span> <span class='ocrx_word' id='word_1_17' title='bbox 875 605 886 616; x_wconf 91' lang='lat'><strong>·</strong></span> <span class='ocrx_word' id='word_1_18' title='bbox 934 573 1222 624; x_wconf 86' lang='lat' dir='ltr'><strong>Alexandro</strong></span> <span class='ocrx_word' id='word_1_19' title='bbox 1266 568 1506 635; x_wconf 88' lang='lat' dir='ltr'><strong>Symsoun</strong></span> <span class='ocrx_word' id='word_1_20' title='bbox 1554 596 1565 607; x_wconf 88' lang='lat'><strong>·</strong></span> <span class='ocrx_word' id='word_1_21' title='bbox 1617 566 1847 630; x_wconf 88' lang='lat' dir='ltr'><strong>Georgeo</strong></span> <span class='ocrx_word' id='word_1_22' title='bbox 1889 564 2007 613; x_wconf 86' lang='lat' dir='ltr'><strong>Bois</strong></span> <span class='ocrx_word' id='word_1_23' title='bbox 2043 592 2054 604; x_wconf 91' lang='lat'><strong>·</strong></span> <span class='ocrx_word' id='word_1_24' title='bbox 2088 563 2125 614; x_wconf 85' lang='lat' dir='ltr'><strong>J</strong></span> <span class='ocrx_word' id='word_1_25' title='bbox 2127 564 2320 614; x_wconf 83' lang='lat' dir='ltr'><strong>ohanne</strong></span> <span class='ocrx_word' id='word_1_26' title='bbox 2361 565 2567 630; x_wconf 90' lang='lat' dir='ltr'><strong>Hethyn</strong></span> <span class='ocrx_word' id='word_1_27' title='bbox 2590 588 2600 598; x_wconf 91' lang='lat'><em>-</em></span> 
     </span>
     <span class='ocr_line' id='line_1_5' title="bbox 577 654 2599 723; baseline -0.007 -5"><span class='ocrx_word' id='word_1_28' title='bbox 577 669 806 718; x_wconf 79' lang='lat' dir='ltr'><strong>Johanne</strong></span> <span class='ocrx_word' id='word_1_29' title='bbox 847 664 1039 715; x_wconf 89' lang='lat' dir='ltr'><strong>Kawell</strong></span> <span class='ocrx_word' id='word_1_30' title='bbox 1077 692 1088 703; x_wconf 93' lang='lat'><strong>·</strong></span> <span class='ocrx_word' id='word_1_31' title='bbox 1112 662 1148 711; x_wconf 85' lang='lat' dir='ltr'><strong>J</strong></span> <span class='ocrx_word' id='word_1_32' title='bbox 1151 661 1343 710; x_wconf 86' lang='lat' dir='ltr'><strong>ohanne</strong></span> <span class='ocrx_word' id='word_1_33' title='bbox 1381 658 1554 723; x_wconf 88' lang='lat' dir='ltr'><strong>Quhyt</strong></span> <span class='ocrx_word' id='word_1_34' title='bbox 1593 683 1604 695; x_wconf 92' lang='lat'><strong>·</strong></span> <span class='ocrx_word' id='word_1_35' title='bbox 1627 656 1662 705; x_wconf 86' lang='lat' dir='ltr'><strong>J</strong></span> <span class='ocrx_word' id='word_1_36' title='bbox 1666 656 1860 704; x_wconf 86' lang='lat' dir='ltr'><strong>ohanne</strong></span> <span class='ocrx_word' id='word_1_37' title='bbox 1899 654 2062 706; x_wconf 89' lang='lat' dir='ltr'><strong>Smert</strong></span> <span class='ocrx_word' id='word_1_38' title='bbox 2087 683 2099 696; x_wconf 88' lang='lat'><strong>·</strong></span> <span class='ocrx_word' id='word_1_39' title='bbox 2123 655 2333 705; x_wconf 85' lang='lat' dir='ltr'><strong>Andrea</strong></span> <span class='ocrx_word' id='word_1_40' title='bbox 2356 656 2560 722; x_wconf 87' lang='lat' dir='ltr'><strong>Knycht</strong></span> <span class='ocrx_word' id='word_1_41' title='bbox 2589 684 2599 694; x_wconf 91' lang='lat'><strong>·</strong></span> 
     </span>
     <span class='ocr_line' id='line_1_6' title="bbox 578 746 2581 816; baseline -0.005 -9"><span class='ocrx_word' id='word_1_42' title='bbox 578 767 626 807; x_wconf 89' lang='lat' dir='ltr'><strong>et</strong></span> <span class='ocrx_word' id='word_1_43' title='bbox 651 756 883 806; x_wconf 89' lang='lat' dir='ltr'><strong>Villelmo</strong></span> <span class='ocrx_word' id='word_1_44' title='bbox 911 753 1027 803; x_wconf 90' lang='lat' dir='ltr'><strong>Scot</strong></span> <span class='ocrx_word' id='word_1_45' title='bbox 1049 751 1317 816; x_wconf 82' lang='lat' dir='ltr'><strong>sergeando</strong></span> <span class='ocrx_word' id='word_1_46' title='bbox 1342 748 1485 814; x_wconf 85' lang='lat' dir='ltr'>burgi</span> <span class='ocrx_word' id='word_1_47' title='bbox 1510 749 1572 797; x_wconf 89' lang='lat' dir='ltr'><strong>de</strong></span> <span class='ocrx_word' id='word_1_48' title='bbox 1600 746 1937 796; x_wconf 84' lang='lat' dir='ltr'><strong>Abirbrothoc</strong></span> <span class='ocrx_word' id='word_1_49' title='bbox 1960 772 1971 784; x_wconf 94' lang='lat'><strong>·</strong></span> <span class='ocrx_word' id='word_1_50' title='bbox 1997 763 2109 796; x_wconf 86' lang='lat' dir='ltr'><strong>cum</strong></span> <span class='ocrx_word' id='word_1_51' title='bbox 2132 746 2299 796; x_wconf 88' lang='lat' dir='ltr'><strong>multis</strong></span> <span class='ocrx_word' id='word_1_52' title='bbox 2322 746 2431 796; x_wconf 87' lang='lat' dir='ltr'><strong>aliis</strong></span> <span class='ocrx_word' id='word_1_53' title='bbox 2468 784 2480 795; x_wconf 88' lang='lat'><strong>.</strong></span> <span class='ocrx_word' id='word_1_54' title='bbox 2522 784 2534 795; x_wconf 86' lang='lat'><strong>.</strong></span> <span class='ocrx_word' id='word_1_55' title='bbox 2571 786 2581 796; x_wconf 91' lang='lat'><strong>.</strong></span> 
     </span>
    </p>
   </div>
   <div class='ocr_carea' id='block_1_4' title="bbox 576 1003 1529 1083">
    <p class='ocr_par' dir='ltr' id='par_1_4' title="bbox 576 1003 1529 1083">
     <span class='ocr_line' id='line_1_7' title="bbox 576 1003 1529 1083; baseline -0.008 -8"><span class='ocrx_word' id='word_1_56' title='bbox 576 1003 921 1076; x_wconf 82' lang='lat' dir='ltr'><strong>Confirmacio</strong></span> <span class='ocrx_word' id='word_1_57' title='bbox 946 1030 1189 1071; x_wconf 88' lang='lat' dir='ltr'><strong>terrarum</strong></span> <span class='ocrx_word' id='word_1_58' title='bbox 1214 1019 1276 1067; x_wconf 91' lang='lat' dir='ltr'><strong>de</strong></span> <span class='ocrx_word' id='word_1_59' title='bbox 1300 1017 1529 1083; x_wconf 86' lang='lat' dir='ltr'><strong>Forglen.</strong></span> 
     </span>
    </p>
   </div>
   <div class='ocr_carea' id='block_1_5' title="bbox 575 1186 2608 2821">
    <p class='ocr_par' dir='ltr' id='par_1_5' title="bbox 575 1186 2608 2821">
     <span class='ocr_line' id='line_1_8' title="bbox 575 1186 2608 1264; baseline -0.002 -8"><span class='ocrx_word' id='word_1_60' title='bbox 575 1186 647 1256; x_wconf 86' lang='lat' dir='ltr'><strong>In</strong></span> <span class='ocrx_word' id='word_1_61' title='bbox 670 1206 770 1255; x_wconf 91' lang='lat' dir='ltr'><strong>Dei</strong></span> <span class='ocrx_word' id='word_1_62' title='bbox 791 1205 988 1253; x_wconf 90' lang='lat' dir='ltr'><strong>nomine</strong></span> <span class='ocrx_word' id='word_1_63' title='bbox 1012 1220 1155 1252; x_wconf 90' lang='lat' dir='ltr'><strong>amen</strong></span> <span class='ocrx_word' id='word_1_64' title='bbox 1180 1230 1191 1241; x_wconf 85' lang='lat'><strong>·</strong></span> <span class='ocrx_word' id='word_1_65' title='bbox 1215 1200 1313 1250; x_wconf 89' lang='lat' dir='ltr'><strong>Per</strong></span> <span class='ocrx_word' id='word_1_66' title='bbox 1336 1200 1431 1249; x_wconf 88' lang='lat' dir='ltr'><strong>hoc</strong></span> <span class='ocrx_word' id='word_1_67' title='bbox 1470 1237 1481 1249; x_wconf 89' lang='lat'><strong>.</strong></span> <span class='ocrx_word' id='word_1_68' title='bbox 1523 1237 1534 1248; x_wconf 86' lang='lat'><strong>.</strong></span> <span class='ocrx_word' id='word_1_69' title='bbox 1575 1237 1586 1248; x_wconf 89' lang='lat'><strong>.</strong></span> <span class='ocrx_word' id='word_1_70' title='bbox 1622 1206 1790 1264; x_wconf 83' lang='lat' dir='ltr'><strong>pateat</strong></span> <span class='ocrx_word' id='word_1_71' title='bbox 1827 1236 1837 1249; x_wconf 90' lang='lat'><strong>.</strong></span> <span class='ocrx_word' id='word_1_72' title='bbox 1878 1237 1888 1248; x_wconf 93' lang='lat'><strong>.</strong></span> <span class='ocrx_word' id='word_1_73' title='bbox 1929 1237 1940 1249; x_wconf 90' lang='lat'><strong>.</strong></span> <span class='ocrx_word' id='word_1_74' title='bbox 1983 1201 2117 1264; x_wconf 93' lang='lat' dir='ltr'><strong>quod</strong></span> <span class='ocrx_word' id='word_1_75' title='bbox 2140 1218 2272 1250; x_wconf 89' lang='lat' dir='ltr'><strong>anno</strong></span> <span class='ocrx_word' id='word_1_76' title='bbox 2296 1202 2358 1251; x_wconf 91' lang='lat' dir='ltr'><strong>ab</strong></span> <span class='ocrx_word' id='word_1_77' title='bbox 2382 1203 2608 1252; x_wconf 89' lang='lat' dir='ltr'><strong>incarna-</strong></span> 
     </span>
     <span class='ocr_line' id='line_1_9' title="bbox 576 1383 2556 1452; baseline -0.001 -16"><span class='ocrx_word' id='word_1_78' title='bbox 576 1387 885 1452; x_wconf 88' lang='lat' dir='ltr'><strong>pontificatus</strong></span> <span class='ocrx_word' id='word_1_79' title='bbox 936 1424 947 1436; x_wconf 88' lang='lat'><strong>.</strong></span> <span class='ocrx_word' id='word_1_80' title='bbox 1001 1424 1012 1434; x_wconf 90' lang='lat'><strong>.</strong></span> <span class='ocrx_word' id='word_1_81' title='bbox 1064 1423 1077 1434; x_wconf 87' lang='lat'><strong>.</strong></span> <span class='ocrx_word' id='word_1_82' title='bbox 1130 1384 1255 1435; x_wconf 88' lang='lat' dir='ltr'><strong>Sixti</strong></span> <span class='ocrx_word' id='word_1_83' title='bbox 1298 1421 1311 1432; x_wconf 89' lang='lat'>.</span> <span class='ocrx_word' id='word_1_84' title='bbox 1351 1422 1362 1432; x_wconf 91' lang='lat'><strong>.</strong></span> <span class='ocrx_word' id='word_1_85' title='bbox 1400 1421 1412 1432; x_wconf 90' lang='lat'>.</span> <span class='ocrx_word' id='word_1_86' title='bbox 1462 1400 1589 1448; x_wconf 90' lang='lat' dir='ltr'><strong>pape</strong></span> <span class='ocrx_word' id='word_1_87' title='bbox 1627 1383 1790 1447; x_wconf 88' lang='lat' dir='ltr'><strong>quarti</strong></span> <span class='ocrx_word' id='word_1_88' title='bbox 1831 1400 1962 1432; x_wconf 89' lang='lat' dir='ltr'><strong>anno</strong></span> <span class='ocrx_word' id='word_1_89' title='bbox 2000 1384 2193 1433; x_wconf 83' lang='lat' dir='ltr'><strong>decimo</strong></span> <span class='ocrx_word' id='word_1_90' title='bbox 2236 1414 2247 1426; x_wconf 86' lang='lat'><strong>·</strong></span> <span class='ocrx_word' id='word_1_91' title='bbox 2289 1402 2456 1434; x_wconf 85' lang='lat' dir='ltr'><strong>coram</strong></span> <span class='ocrx_word' id='word_1_92' title='bbox 2493 1422 2505 1434; x_wconf 92' lang='lat'>.</span> <span class='ocrx_word' id='word_1_93' title='bbox 2543 1423 2556 1434; x_wconf 91' lang='lat'><strong>.</strong></span> 
     </span>
     <span class='ocr_line' id='line_1_10' title="bbox 578 1474 2608 1544; baseline -0.001 -17"><span class='ocrx_word' id='word_1_94' title='bbox 578 1480 807 1544; x_wconf 87' lang='lat' dir='ltr'><strong>Georgeo</strong></span> <span class='ocrx_word' id='word_1_95' title='bbox 845 1514 856 1526; x_wconf 91' lang='lat'><strong>.</strong></span> <span class='ocrx_word' id='word_1_96' title='bbox 896 1515 907 1526; x_wconf 92' lang='lat'><strong>.</strong></span> <span class='ocrx_word' id='word_1_97' title='bbox 946 1515 957 1526; x_wconf 89' lang='lat'><strong>.</strong></span> <span class='ocrx_word' id='word_1_98' title='bbox 994 1478 1169 1527; x_wconf 81' lang='lat' dir='ltr'><strong>abbate</strong></span> <span class='ocrx_word' id='word_1_99' title='bbox 1213 1514 1224 1525; x_wconf 92' lang='lat'>.</span> <span class='ocrx_word' id='word_1_100' title='bbox 1270 1514 1281 1524; x_wconf 89' lang='lat'>.</span> <span class='ocrx_word' id='word_1_101' title='bbox 1327 1512 1339 1524; x_wconf 93' lang='lat'>.</span> <span class='ocrx_word' id='word_1_102' title='bbox 1376 1475 1437 1524; x_wconf 92' lang='lat' dir='ltr'><strong>de</strong></span> <span class='ocrx_word' id='word_1_103' title='bbox 1472 1474 1808 1524; x_wconf 89' lang='lat' dir='ltr'><strong>Abirbrothoc</strong></span> <span class='ocrx_word' id='word_1_104' title='bbox 1849 1514 1859 1524; x_wconf 84' lang='lat'><strong>.</strong></span> <span class='ocrx_word' id='word_1_105' title='bbox 1903 1514 1912 1524; x_wconf 91' lang='lat'><strong>.</strong></span> <span class='ocrx_word' id='word_1_106' title='bbox 1957 1511 1970 1523; x_wconf 88' lang='lat'><strong>.</strong></span> <span class='ocrx_word' id='word_1_107' title='bbox 2007 1476 2283 1541; x_wconf 86' lang='lat' dir='ltr'><strong>comparuit</strong></span> <span class='ocrx_word' id='word_1_108' title='bbox 2319 1476 2498 1525; x_wconf 89' lang='lat' dir='ltr'><strong>nobilis</strong></span> <span class='ocrx_word' id='word_1_109' title='bbox 2534 1478 2608 1526; x_wconf 83' lang='lat' dir='ltr'><strong>vir</strong></span> 
     </span>
     <span class='ocr_line' id='line_1_11' title="bbox 576 1565 2607 1634; baseline -0.001 -15"><span class='ocrx_word' id='word_1_110' title='bbox 576 1570 861 1619; x_wconf 81' lang='lat' dir='ltr'><strong>Alexander</strong></span> <span class='ocrx_word' id='word_1_111' title='bbox 896 1568 1050 1634; x_wconf 88' lang='lat' dir='ltr'><strong>Irvyn</strong></span> <span class='ocrx_word' id='word_1_112' title='bbox 1086 1570 1147 1617; x_wconf 92' lang='lat' dir='ltr'><strong>de</strong></span> <span class='ocrx_word' id='word_1_113' title='bbox 1182 1567 1344 1616; x_wconf 92' lang='lat' dir='ltr'><strong>Drum</strong></span> <span class='ocrx_word' id='word_1_114' title='bbox 1369 1565 1480 1615; x_wconf 87' lang='lat' dir='ltr'><strong>vifis</strong></span> <span class='ocrx_word' id='word_1_115' title='bbox 1516 1566 1743 1631; x_wconf 68' lang='lat' dir='ltr'><strong>perleffls</strong></span> <span class='ocrx_word' id='word_1_116' title='bbox 1770 1574 1819 1615; x_wconf 94' lang='lat' dir='ltr'><strong>et</strong></span> <span class='ocrx_word' id='word_1_117' title='bbox 1843 1567 1906 1616; x_wconf 90' lang='lat' dir='ltr'><strong>ad</strong></span> <span class='ocrx_word' id='word_1_118' title='bbox 1929 1567 2130 1632; x_wconf 90' lang='lat' dir='ltr'><strong>plenum</strong></span> <span class='ocrx_word' id='word_1_119' title='bbox 2165 1567 2426 1617; x_wconf 69' lang='lat' dir='ltr'><strong>intelleffls</strong></span> <span class='ocrx_word' id='word_1_120' title='bbox 2458 1569 2607 1618; x_wconf 83' lang='lat' dir='ltr'><strong>cartis</strong></span> 
     </span>
     <span class='ocr_line' id='line_1_12' title="bbox 623 1657 2607 1724; baseline -0.001 -15"><span class='ocrx_word' id='word_1_121' title='bbox 623 1702 631 1709; x_wconf 94' lang='lat'><em>.</em></span> <span class='ocrx_word' id='word_1_122' title='bbox 669 1701 678 1709; x_wconf 89' lang='lat'><strong>.</strong></span> <span class='ocrx_word' id='word_1_123' title='bbox 728 1669 777 1710; x_wconf 91' lang='lat' dir='ltr'><strong>et</strong></span> <span class='ocrx_word' id='word_1_124' title='bbox 815 1660 1130 1708; x_wconf 91' lang='lat' dir='ltr'><strong>munimentis</strong></span> <span class='ocrx_word' id='word_1_125' title='bbox 1170 1658 1541 1724; x_wconf 87' lang='lat' dir='ltr'><strong>quampluribus</strong></span> <span class='ocrx_word' id='word_1_126' title='bbox 1582 1659 1644 1706; x_wconf 90' lang='lat' dir='ltr'><strong>de</strong></span> <span class='ocrx_word' id='word_1_127' title='bbox 1682 1697 1692 1708; x_wconf 88' lang='lat'><strong>.</strong></span> <span class='ocrx_word' id='word_1_128' title='bbox 1735 1697 1745 1707; x_wconf 90' lang='lat'>.</span> <span class='ocrx_word' id='word_1_129' title='bbox 1785 1697 1794 1707; x_wconf 94' lang='lat'>.</span> <span class='ocrx_word' id='word_1_130' title='bbox 1832 1658 1978 1707; x_wconf 87' lang='lat' dir='ltr'><strong>terris</strong></span> <span class='ocrx_word' id='word_1_131' title='bbox 2017 1659 2079 1707; x_wconf 90' lang='lat' dir='ltr'><strong>de</strong></span> <span class='ocrx_word' id='word_1_132' title='bbox 2119 1657 2338 1724; x_wconf 87' lang='lat' dir='ltr'><strong>Forglen</strong></span> <span class='ocrx_word' id='word_1_133' title='bbox 2376 1659 2607 1709; x_wconf 70' lang='lat' dir='ltr'><strong>confeffis</strong></span> 
     </span>
     <span class='ocr_line' id='line_1_13' title="bbox 578 1749 2604 1815; baseline 0 -15"><span class='ocrx_word' id='word_1_134' title='bbox 578 1751 953 1801; x_wconf 75' lang='lat' dir='ltr'><strong>anteeess&#39;oribus</strong></span> <span class='ocrx_word' id='word_1_135' title='bbox 977 1750 1093 1799; x_wconf 65' lang='lat' dir='ltr'><strong>diai</strong></span> <span class='ocrx_word' id='word_1_136' title='bbox 1118 1750 1394 1799; x_wconf 86' lang='lat' dir='ltr'><strong>Alexandri</strong></span> <span class='ocrx_word' id='word_1_137' title='bbox 1417 1777 1428 1788; x_wconf 92' lang='lat'><strong>·</strong></span> <span class='ocrx_word' id='word_1_138' title='bbox 1459 1766 1550 1814; x_wconf 92' lang='lat' dir='ltr'><strong>pro</strong></span> <span class='ocrx_word' id='word_1_139' title='bbox 1575 1749 1752 1813; x_wconf 90' lang='lat' dir='ltr'><strong>quibus</strong></span> <span class='ocrx_word' id='word_1_140' title='bbox 1776 1749 1976 1813; x_wconf 88' lang='lat' dir='ltr'><strong>quidem</strong></span> <span class='ocrx_word' id='word_1_141' title='bbox 2000 1751 2146 1799; x_wconf 91' lang='lat' dir='ltr'><strong>terris</strong></span> <span class='ocrx_word' id='word_1_142' title='bbox 2170 1750 2231 1799; x_wconf 91' lang='lat' dir='ltr'><strong>de</strong></span> <span class='ocrx_word' id='word_1_143' title='bbox 2255 1750 2472 1815; x_wconf 89' lang='lat' dir='ltr'><strong>Forglen</strong></span> <span class='ocrx_word' id='word_1_144' title='bbox 2504 1791 2513 1799; x_wconf 95' lang='lat'>.</span> <span class='ocrx_word' id='word_1_145' title='bbox 2552 1791 2560 1799; x_wconf 95' lang='lat'>.</span> <span class='ocrx_word' id='word_1_146' title='bbox 2596 1792 2604 1801; x_wconf 93' lang='lat'><strong>.</strong></span> 
     </span>
     <span class='ocr_line' id='line_1_14' title="bbox 578 1840 2608 1906; baseline 0 -15"><span class='ocrx_word' id='word_1_147' title='bbox 578 1844 726 1891; x_wconf 89' lang='lat' dir='ltr'><strong>abbas</strong></span> <span class='ocrx_word' id='word_1_148' title='bbox 747 1843 970 1891; x_wconf 92' lang='lat' dir='ltr'><strong>dominus</strong></span> <span class='ocrx_word' id='word_1_149' title='bbox 994 1842 1212 1906; x_wconf 86' lang='lat' dir='ltr'><strong>superior</strong></span> <span class='ocrx_word' id='word_1_150' title='bbox 1237 1841 1478 1890; x_wconf 61' lang='lat' dir='ltr'><strong>dietarum</strong></span> <span class='ocrx_word' id='word_1_151' title='bbox 1515 1848 1760 1889; x_wconf 87' lang='lat' dir='ltr'><strong>terrarum</strong></span> <span class='ocrx_word' id='word_1_152' title='bbox 1794 1841 1910 1889; x_wconf 64' lang='lat' dir='ltr'><strong>iure&gt;</strong></span> <span class='ocrx_word' id='word_1_153' title='bbox 1926 1840 2075 1906; x_wconf 88' lang='lat' dir='ltr'><strong>ipfius</strong></span> <span class='ocrx_word' id='word_1_154' title='bbox 2098 1841 2375 1890; x_wconf 84' lang='lat' dir='ltr'><strong>Alexandri</strong></span> <span class='ocrx_word' id='word_1_155' title='bbox 2397 1842 2450 1890; x_wconf 91' lang='lat' dir='ltr'><strong>in</strong></span> <span class='ocrx_word' id='word_1_156' title='bbox 2473 1850 2522 1891; x_wconf 84' lang='lat' dir='ltr'><strong>et</strong></span> <span class='ocrx_word' id='word_1_157' title='bbox 2545 1843 2608 1891; x_wconf 87' lang='lat' dir='ltr'><strong>ad</strong></span> 
     </span>
     <span class='ocr_line' id='line_1_15' title="bbox 580 1932 2605 1998; baseline -0 -15"><span class='ocrx_word' id='word_1_158' title='bbox 580 1935 731 1983; x_wconf 74' lang='lat' dir='ltr'><strong>di&amp;as</strong></span> <span class='ocrx_word' id='word_1_159' title='bbox 772 1943 927 1983; x_wconf 83' lang='lat' dir='ltr'><strong>terras</strong></span> <span class='ocrx_word' id='word_1_160' title='bbox 965 1973 975 1983; x_wconf 92' lang='lat'><strong>.</strong></span> <span class='ocrx_word' id='word_1_161' title='bbox 1011 1973 1021 1982; x_wconf 89' lang='lat'>.</span> <span class='ocrx_word' id='word_1_162' title='bbox 1058 1972 1067 1982; x_wconf 94' lang='lat'>.</span> <span class='ocrx_word' id='word_1_163' title='bbox 1106 1932 1408 1981; x_wconf 74' lang='lat' dir='ltr'><strong>considerato</strong></span> <span class='ocrx_word' id='word_1_164' title='bbox 1447 1972 1457 1981; x_wconf 91' lang='lat'><strong>.</strong></span> <span class='ocrx_word' id='word_1_165' title='bbox 1495 1971 1504 1981; x_wconf 92' lang='lat'><strong><em>.</em></strong></span> <span class='ocrx_word' id='word_1_166' title='bbox 1546 1972 1555 1981; x_wconf 93' lang='lat'>.</span> <span class='ocrx_word' id='word_1_167' title='bbox 1596 1950 1708 1981; x_wconf 89' lang='lat' dir='ltr'><strong>cum</strong></span> <span class='ocrx_word' id='word_1_168' title='bbox 1731 1932 2022 1998; x_wconf 87' lang='lat' dir='ltr'><strong>iurisperitis</strong></span> <span class='ocrx_word' id='word_1_169' title='bbox 2046 1941 2237 1983; x_wconf 88' lang='lat' dir='ltr'><strong>mature</strong></span> <span class='ocrx_word' id='word_1_170' title='bbox 2262 1934 2473 1982; x_wconf 86' lang='lat' dir='ltr'><strong>auisatus</strong></span> <span class='ocrx_word' id='word_1_171' title='bbox 2508 1974 2517 1982; x_wconf 91' lang='lat'><strong>.</strong></span> <span class='ocrx_word' id='word_1_172' title='bbox 2557 1974 2565 1982; x_wconf 95' lang='lat'>.</span> <span class='ocrx_word' id='word_1_173' title='bbox 2597 1973 2605 1982; x_wconf 91' lang='lat'><strong>.</strong></span> 
     </span>
     <span class='ocr_line' id='line_1_16' title="bbox 579 2024 2606 2090; baseline 0 -17"><span class='ocrx_word' id='word_1_174' title='bbox 579 2025 766 2089; x_wconf 81' lang='lat' dir='ltr'><strong>recepit</strong></span> <span class='ocrx_word' id='word_1_175' title='bbox 786 2025 938 2089; x_wconf 90' lang='lat' dir='ltr'><strong>ipsum</strong></span> <span class='ocrx_word' id='word_1_176' title='bbox 963 2024 1304 2073; x_wconf 88' lang='lat' dir='ltr'><strong>Alexandrum</strong></span> <span class='ocrx_word' id='word_1_177' title='bbox 1334 2024 1386 2072; x_wconf 92' lang='lat' dir='ltr'><strong>in</strong></span> <span class='ocrx_word' id='word_1_178' title='bbox 1418 2024 1556 2072; x_wconf 89' lang='lat' dir='ltr'><strong>suum</strong></span> <span class='ocrx_word' id='word_1_179' title='bbox 1591 2031 1843 2073; x_wconf 89' lang='lat' dir='ltr'><strong>tenentem</strong></span> <span class='ocrx_word' id='word_1_180' title='bbox 1881 2031 2126 2074; x_wconf 89' lang='lat' dir='ltr'><strong>terrarum</strong></span> <span class='ocrx_word' id='word_1_181' title='bbox 2160 2063 2170 2073; x_wconf 90' lang='lat'><strong>.</strong></span> <span class='ocrx_word' id='word_1_182' title='bbox 2205 2064 2214 2073; x_wconf 93' lang='lat'><strong><em>.</em></strong></span> <span class='ocrx_word' id='word_1_183' title='bbox 2250 2065 2260 2073; x_wconf 92' lang='lat'><strong>.</strong></span> <span class='ocrx_word' id='word_1_184' title='bbox 2297 2025 2357 2073; x_wconf 91' lang='lat' dir='ltr'><strong>de</strong></span> <span class='ocrx_word' id='word_1_185' title='bbox 2391 2024 2606 2090; x_wconf 87' lang='lat' dir='ltr'><strong>Forglen</strong></span> 
     </span>
     <span class='ocr_line' id='line_1_17' title="bbox 640 2116 2608 2180; baseline 0.001 -16"><span class='ocrx_word' id='word_1_186' title='bbox 640 2155 650 2164; x_wconf 88' lang='lat'><strong>.</strong></span> <span class='ocrx_word' id='word_1_187' title='bbox 698 2155 707 2164; x_wconf 94' lang='lat'><strong>.</strong></span> <span class='ocrx_word' id='word_1_188' title='bbox 746 2116 1005 2164; x_wconf 84' lang='lat' dir='ltr'><strong>secundum</strong></span> <span class='ocrx_word' id='word_1_189' title='bbox 1047 2123 1268 2164; x_wconf 88' lang='lat' dir='ltr'><strong>tenorem</strong></span> <span class='ocrx_word' id='word_1_190' title='bbox 1310 2154 1319 2164; x_wconf 90' lang='lat'>.</span> <span class='ocrx_word' id='word_1_191' title='bbox 1353 2154 1363 2163; x_wconf 90' lang='lat'><strong>.</strong></span> <span class='ocrx_word' id='word_1_192' title='bbox 1400 2152 1411 2162; x_wconf 91' lang='lat'><strong>.</strong></span> <span class='ocrx_word' id='word_1_193' title='bbox 1455 2122 1704 2164; x_wconf 88' lang='lat' dir='ltr'><strong>cartarum</strong></span> <span class='ocrx_word' id='word_1_194' title='bbox 1751 2155 1761 2165; x_wconf 89' lang='lat'><strong>.</strong></span> <span class='ocrx_word' id='word_1_195' title='bbox 1798 2154 1808 2163; x_wconf 91' lang='lat'><strong>.</strong></span> <span class='ocrx_word' id='word_1_196' title='bbox 1845 2155 1855 2164; x_wconf 93' lang='lat'>.</span> <span class='ocrx_word' id='word_1_197' title='bbox 1904 2132 1995 2180; x_wconf 92' lang='lat' dir='ltr'><strong>pro</strong></span> <span class='ocrx_word' id='word_1_198' title='bbox 2042 2116 2219 2180; x_wconf 86' lang='lat' dir='ltr'><strong>quibus</strong></span> <span class='ocrx_word' id='word_1_199' title='bbox 2261 2117 2417 2165; x_wconf 86' lang='lat' dir='ltr'><strong>eciam</strong></span> <span class='ocrx_word' id='word_1_200' title='bbox 2464 2117 2608 2166; x_wconf 88' lang='lat' dir='ltr'><strong>terris</strong></span> 
     </span>
     <span class='ocr_line' id='line_1_18' title="bbox 580 2205 2607 2273; baseline 0.001 -19"><span class='ocrx_word' id='word_1_201' title='bbox 580 2207 735 2255; x_wconf 62' lang='lat' dir='ltr'><strong>dietus</strong></span> <span class='ocrx_word' id='word_1_202' title='bbox 777 2207 1060 2255; x_wconf 85' lang='lat' dir='ltr'><strong>Alexander</strong></span> <span class='ocrx_word' id='word_1_203' title='bbox 1097 2206 1253 2271; x_wconf 88' lang='lat' dir='ltr'><strong>Irvyn</strong></span> <span class='ocrx_word' id='word_1_204' title='bbox 1288 2206 1407 2255; x_wconf 86' lang='lat' dir='ltr'><strong>fecit</strong></span> <span class='ocrx_word' id='word_1_205' title='bbox 1443 2205 1732 2271; x_wconf 86' lang='lat' dir='ltr'><strong>homagium</strong></span> <span class='ocrx_word' id='word_1_206' title='bbox 1765 2207 1904 2255; x_wconf 88' lang='lat' dir='ltr'><strong>flexis</strong></span> <span class='ocrx_word' id='word_1_207' title='bbox 1944 2207 2152 2272; x_wconf 87' lang='lat' dir='ltr'><strong>genibus</strong></span> <span class='ocrx_word' id='word_1_208' title='bbox 2194 2208 2439 2273; x_wconf 87' lang='lat' dir='ltr'><strong>corporali</strong></span> <span class='ocrx_word' id='word_1_209' title='bbox 2479 2208 2607 2256; x_wconf 88' lang='lat' dir='ltr'><strong>iura-</strong></span> 
     </span>
     <span class='ocr_line' id='line_1_19' title="bbox 579 2296 2607 2361; baseline 0.001 -15"><span class='ocrx_word' id='word_1_210' title='bbox 579 2307 742 2347; x_wconf 90' lang='lat' dir='ltr'><strong>mento</strong></span> <span class='ocrx_word' id='word_1_211' title='bbox 778 2298 906 2345; x_wconf 59' lang='lat' dir='ltr'><strong>dieto</strong></span> <span class='ocrx_word' id='word_1_212' title='bbox 948 2297 1112 2346; x_wconf 86' lang='lat' dir='ltr'><strong>abbati</strong></span> <span class='ocrx_word' id='word_1_213' title='bbox 1146 2296 1346 2361; x_wconf 87' lang='lat' dir='ltr'><strong>prestito</strong></span> <span class='ocrx_word' id='word_1_214' title='bbox 1382 2297 1558 2345; x_wconf 72' lang='lat' dir='ltr'><strong>iun&amp;is</strong></span> <span class='ocrx_word' id='word_1_215' title='bbox 1593 2298 1820 2347; x_wconf 89' lang='lat' dir='ltr'><strong>manibus</strong></span> <span class='ocrx_word' id='word_1_216' title='bbox 1854 2306 1909 2348; x_wconf 88' lang='lat' dir='ltr'><strong>ut</strong></span> <span class='ocrx_word' id='word_1_217' title='bbox 1942 2299 2095 2347; x_wconf 84' lang='lat' dir='ltr'><strong>moris</strong></span> <span class='ocrx_word' id='word_1_218' title='bbox 2128 2299 2199 2347; x_wconf 90' lang='lat' dir='ltr'><strong>est</strong></span> <span class='ocrx_word' id='word_1_219' title='bbox 2233 2339 2244 2348; x_wconf 90' lang='lat'><strong>.</strong></span> <span class='ocrx_word' id='word_1_220' title='bbox 2280 2339 2290 2348; x_wconf 93' lang='lat'>.</span> <span class='ocrx_word' id='word_1_221' title='bbox 2328 2339 2338 2348; x_wconf 86' lang='lat'><strong>.</strong></span> <span class='ocrx_word' id='word_1_222' title='bbox 2374 2299 2607 2349; x_wconf 86' lang='lat' dir='ltr'><strong>Preterea</strong></span> 
     </span>
     <span class='ocr_line' id='line_1_20' title="bbox 627 2389 2605 2455; baseline 0.002 -19"><span class='ocrx_word' id='word_1_223' title='bbox 627 2429 637 2437; x_wconf 90' lang='lat'><strong><em>.</em></strong></span> <span class='ocrx_word' id='word_1_224' title='bbox 673 2428 683 2437; x_wconf 95' lang='lat'><strong>.</strong></span> <span class='ocrx_word' id='word_1_225' title='bbox 720 2390 867 2437; x_wconf 88' lang='lat' dir='ltr'><strong>abbas</strong></span> <span class='ocrx_word' id='word_1_226' title='bbox 902 2428 912 2437; x_wconf 92' lang='lat'>.</span> <span class='ocrx_word' id='word_1_227' title='bbox 950 2428 959 2437; x_wconf 89' lang='lat'>.</span> <span class='ocrx_word' id='word_1_228' title='bbox 997 2427 1006 2437; x_wconf 92' lang='lat'><strong>.</strong></span> <span class='ocrx_word' id='word_1_229' title='bbox 1044 2389 1294 2437; x_wconf 89' lang='lat' dir='ltr'><strong>constituit</strong></span> <span class='ocrx_word' id='word_1_230' title='bbox 1334 2396 1386 2438; x_wconf 88' lang='lat' dir='ltr'><strong>vt</strong></span> <span class='ocrx_word' id='word_1_231' title='bbox 1432 2397 1657 2438; x_wconf 86' lang='lat' dir='ltr'><strong>tenentes</strong></span> <span class='ocrx_word' id='word_1_232' title='bbox 1711 2390 1987 2455; x_wconf 86' lang='lat' dir='ltr'><strong>regalitatis</strong></span> <span class='ocrx_word' id='word_1_233' title='bbox 2022 2430 2031 2439; x_wconf 94' lang='lat'><strong>.</strong></span> <span class='ocrx_word' id='word_1_234' title='bbox 2068 2430 2078 2439; x_wconf 92' lang='lat'><em>.</em></span> <span class='ocrx_word' id='word_1_235' title='bbox 2115 2430 2125 2440; x_wconf 95' lang='lat'><strong>.</strong></span> <span class='ocrx_word' id='word_1_236' title='bbox 2162 2392 2223 2440; x_wconf 91' lang='lat' dir='ltr'><strong>de</strong></span> <span class='ocrx_word' id='word_1_237' title='bbox 2272 2391 2605 2441; x_wconf 89' lang='lat' dir='ltr'><strong>Abirbrothoc</strong></span> 
     </span>
     <span class='ocr_line' id='line_1_21' title="bbox 635 2480 2606 2546; baseline 0.002 -19"><span class='ocrx_word' id='word_1_238' title='bbox 635 2516 647 2528; x_wconf 88' lang='lat'><em>.</em></span> <span class='ocrx_word' id='word_1_239' title='bbox 688 2516 700 2528; x_wconf 90' lang='lat'><strong>.</strong></span> <span class='ocrx_word' id='word_1_240' title='bbox 740 2497 849 2528; x_wconf 89' lang='lat' dir='ltr'><strong>cum</strong></span> <span class='ocrx_word' id='word_1_241' title='bbox 890 2480 1017 2527; x_wconf 61' lang='lat' dir='ltr'><strong>dieto</strong></span> <span class='ocrx_word' id='word_1_242' title='bbox 1052 2481 1339 2529; x_wconf 86' lang='lat' dir='ltr'><strong>Alexandro</strong></span> <span class='ocrx_word' id='word_1_243' title='bbox 1375 2482 1439 2529; x_wconf 91' lang='lat' dir='ltr'><strong>ad</strong></span> <span class='ocrx_word' id='word_1_244' title='bbox 1470 2481 1743 2530; x_wconf 85' lang='lat' dir='ltr'><strong>exercitum</strong></span> <span class='ocrx_word' id='word_1_245' title='bbox 1777 2519 1788 2529; x_wconf 87' lang='lat'><strong>.</strong></span> <span class='ocrx_word' id='word_1_246' title='bbox 1824 2518 1836 2530; x_wconf 87' lang='lat'><em>.</em></span> <span class='ocrx_word' id='word_1_247' title='bbox 1877 2519 1889 2530; x_wconf 92' lang='lat'><strong>.</strong></span> <span class='ocrx_word' id='word_1_248' title='bbox 1926 2482 2057 2546; x_wconf 90' lang='lat' dir='ltr'><strong>regis</strong></span> <span class='ocrx_word' id='word_1_249' title='bbox 2087 2482 2172 2531; x_wconf 91' lang='lat' dir='ltr'><strong>sub</strong></span> <span class='ocrx_word' id='word_1_250' title='bbox 2206 2482 2252 2530; x_wconf 92' lang='grc'>16</span> <span class='ocrx_word' id='word_1_251' title='bbox 2288 2481 2606 2531; x_wconf 86' lang='lat' dir='ltr'><strong>Brecbenach</strong></span> 
     </span>
     <span class='ocr_line' id='line_1_22' title="bbox 586 2568 2606 2638; baseline 0.003 -23"><span class='ocrx_word' id='word_1_252' title='bbox 586 2568 814 2618; x_wconf 83' lang='lat' dir='ltr'><strong>videlieet</strong></span> <span class='ocrx_word' id='word_1_253' title='bbox 848 2569 932 2617; x_wconf 89' lang='lat' dir='ltr'><strong>sub</strong></span> <span class='ocrx_word' id='word_1_254' title='bbox 965 2570 1143 2618; x_wconf 82' lang='lat' dir='ltr'><strong>vexillo</strong></span> <span class='ocrx_word' id='word_1_255' title='bbox 1178 2609 1188 2618; x_wconf 95' lang='lat'><strong>.</strong></span> <span class='ocrx_word' id='word_1_256' title='bbox 1226 2609 1235 2619; x_wconf 94' lang='lat'><em>.</em></span> <span class='ocrx_word' id='word_1_257' title='bbox 1278 2609 1287 2619; x_wconf 93' lang='lat'><strong>.</strong></span> <span class='ocrx_word' id='word_1_258' title='bbox 1325 2571 1513 2620; x_wconf 88' lang='lat' dir='ltr'><strong>abbatis</strong></span> <span class='ocrx_word' id='word_1_259' title='bbox 1554 2611 1564 2620; x_wconf 92' lang='lat'><strong><em>.</em></strong></span> <span class='ocrx_word' id='word_1_260' title='bbox 1607 2611 1617 2622; x_wconf 87' lang='lat'><strong>.</strong></span> <span class='ocrx_word' id='word_1_261' title='bbox 1660 2612 1670 2622; x_wconf 90' lang='lat'><strong><em>.</em></strong></span> <span class='ocrx_word' id='word_1_262' title='bbox 1712 2573 1947 2622; x_wconf 89' lang='lat' dir='ltr'><strong>meabunt</strong></span> <span class='ocrx_word' id='word_1_263' title='bbox 1984 2580 2035 2622; x_wconf 87' lang='lat' dir='ltr'><strong>et</strong></span> <span class='ocrx_word' id='word_1_264' title='bbox 2069 2574 2360 2638; x_wconf 89' lang='lat' dir='ltr'><strong>equitabunt</strong></span> <span class='ocrx_word' id='word_1_265' title='bbox 2392 2591 2502 2623; x_wconf 87' lang='lat' dir='ltr'><strong>cum</strong></span> <span class='ocrx_word' id='word_1_266' title='bbox 2534 2591 2606 2623; x_wconf 88' lang='lat' dir='ltr'><strong>re·</strong></span> 
     </span>
     <span class='ocr_line' id='line_1_23' title="bbox 586 2658 2605 2730; baseline 0.004 -23"><span class='ocrx_word' id='word_1_267' title='bbox 586 2658 745 2723; x_wconf 84' lang='lat' dir='ltr'><strong>quifiti</strong></span> <span class='ocrx_word' id='word_1_268' title='bbox 784 2661 966 2708; x_wconf 89' lang='lat' dir='ltr'><strong>fuerint</strong></span> <span class='ocrx_word' id='word_1_269' title='bbox 1007 2699 1016 2709; x_wconf 94' lang='lat'><strong>.</strong></span> <span class='ocrx_word' id='word_1_270' title='bbox 1059 2699 1069 2709; x_wconf 88' lang='lat'><strong>.</strong></span> <span class='ocrx_word' id='word_1_271' title='bbox 1111 2700 1122 2710; x_wconf 87' lang='lat'><strong>.</strong></span> <span class='ocrx_word' id='word_1_272' title='bbox 1163 2678 1252 2725; x_wconf 90' lang='lat' dir='ltr'><strong>pro</strong></span> <span class='ocrx_word' id='word_1_273' title='bbox 1288 2662 1565 2712; x_wconf 72' lang='lat' dir='ltr'><strong>defensione</strong></span> <span class='ocrx_word' id='word_1_274' title='bbox 1600 2665 1732 2729; x_wconf 87' lang='lat' dir='ltr'><strong>regis</strong></span> <span class='ocrx_word' id='word_1_275' title='bbox 1769 2673 1819 2714; x_wconf 92' lang='lat' dir='ltr'><strong>et</strong></span> <span class='ocrx_word' id='word_1_276' title='bbox 1850 2665 1994 2730; x_wconf 88' lang='lat' dir='ltr'><strong>regni</strong></span> <span class='ocrx_word' id='word_1_277' title='bbox 2034 2705 2043 2715; x_wconf 94' lang='lat'>.</span> <span class='ocrx_word' id='word_1_278' title='bbox 2087 2705 2096 2715; x_wconf 92' lang='lat'>.</span> <span class='ocrx_word' id='word_1_279' title='bbox 2139 2705 2149 2715; x_wconf 95' lang='lat'><strong>.</strong></span> <span class='ocrx_word' id='word_1_280' title='bbox 2187 2666 2319 2715; x_wconf 64' lang='lat' dir='ltr'><strong>Aeta</strong></span> <span class='ocrx_word' id='word_1_281' title='bbox 2354 2674 2494 2715; x_wconf 86' lang='lat' dir='ltr'><strong>erant</strong></span> <span class='ocrx_word' id='word_1_282' title='bbox 2517 2665 2605 2715; x_wconf 87' lang='lat' dir='ltr'><strong>hec</strong></span> 
     </span>
     <span class='ocr_line' id='line_1_24' title="bbox 587 2751 2607 2821; baseline 0.003 -23"><span class='ocrx_word' id='word_1_283' title='bbox 587 2753 717 2816; x_wconf 88' lang='lat' dir='ltr'><strong>apud</strong></span> <span class='ocrx_word' id='word_1_284' title='bbox 743 2751 901 2800; x_wconf 84' lang='lat' dir='ltr'><strong>Torre</strong></span> <span class='ocrx_word' id='word_1_285' title='bbox 925 2752 977 2799; x_wconf 92' lang='lat' dir='ltr'><strong>in</strong></span> <span class='ocrx_word' id='word_1_286' title='bbox 1002 2752 1191 2816; x_wconf 88' lang='lat' dir='ltr'><strong>capella</strong></span> <span class='ocrx_word' id='word_1_287' title='bbox 1224 2753 1435 2802; x_wconf 88' lang='lat' dir='ltr'><strong>eiusdem</strong></span> <span class='ocrx_word' id='word_1_288' title='bbox 1468 2755 1592 2803; x_wconf 86' lang='lat' dir='ltr'><strong>hora</strong></span> <span class='ocrx_word' id='word_1_289' title='bbox 1617 2756 1830 2805; x_wconf 86' lang='lat' dir='ltr'><strong>secunda</strong></span> <span class='ocrx_word' id='word_1_290' title='bbox 1863 2764 1949 2805; x_wconf 86' lang='lat' dir='ltr'><strong>aut</strong></span> <span class='ocrx_word' id='word_1_291' title='bbox 1978 2756 2175 2805; x_wconf 85' lang='lat' dir='ltr'><strong>eocirca</strong></span> <span class='ocrx_word' id='word_1_292' title='bbox 2202 2756 2309 2821; x_wconf 92' lang='lat' dir='ltr'><strong>post</strong></span> <span class='ocrx_word' id='word_1_293' title='bbox 2343 2756 2607 2806; x_wconf 87' lang='lat' dir='ltr'><strong>merediem</strong></span> 
     </span>
    </p>
   </div>
   <div class='ocr_carea' id='block_1_6' title="bbox 589 2843 2762 2913">
    <p class='ocr_par' dir='ltr' id='par_1_6' title="bbox 589 2843 2762 2913">
     <span class='ocr_line' id='line_1_25' title="bbox 589 2843 2762 2913; baseline 0.001 -20"><span class='ocrx_word' id='word_1_294' title='bbox 589 2884 598 2892; x_wconf 94' lang='lat'>.</span> <span class='ocrx_word' id='word_1_295' title='bbox 641 2884 650 2893; x_wconf 91' lang='lat'>.</span> <span class='ocrx_word' id='word_1_296' title='bbox 693 2883 702 2893; x_wconf 90' lang='lat'><strong>.</strong></span> <span class='ocrx_word' id='word_1_297' title='bbox 739 2843 1075 2892; x_wconf 86' lang='lat' dir='ltr'><strong>Presentibus.</strong></span> <span class='ocrx_word' id='word_1_298' title='bbox 1112 2882 1121 2892; x_wconf 94' lang='lat'><em>.</em></span> <span class='ocrx_word' id='word_1_299' title='bbox 1158 2883 1167 2892; x_wconf 93' lang='lat'><em>.</em></span> <span class='ocrx_word' id='word_1_300' title='bbox 1204 2844 1491 2894; x_wconf 88' lang='lat' dir='ltr'><strong>Alexandro</strong></span> <span class='ocrx_word' id='word_1_301' title='bbox 1526 2845 1753 2911; x_wconf 88' lang='lat' dir='ltr'><strong>Guthery</strong></span> <span class='ocrx_word' id='word_1_302' title='bbox 1778 2847 1839 2895; x_wconf 89' lang='lat' dir='ltr'><strong>de</strong></span> <span class='ocrx_word' id='word_1_303' title='bbox 1871 2847 2045 2896; x_wconf 88' lang='lat' dir='ltr'><strong>eodem</strong></span> <span class='ocrx_word' id='word_1_304' title='bbox 2066 2875 2077 2887; x_wconf 89' lang='lat'><strong>·</strong></span> <span class='ocrx_word' id='word_1_305' title='bbox 2112 2847 2343 2897; x_wconf 86' lang='lat' dir='ltr'><strong>Johanne</strong></span> <span class='ocrx_word' id='word_1_306' title='bbox 2380 2847 2574 2913; x_wconf 88' lang='lat' dir='ltr'><strong>Ogilwy</strong></span> <span class='ocrx_word' id='word_1_307' title='bbox 2596 2872 2608 2885; x_wconf 90' lang='lat'><strong>·</strong></span> <span class='ocrx_word' id='word_1_308' title='bbox 2663 2875 2671 2881; x_wconf 69' lang='lat'><em>›</em></span> <span class='ocrx_word' id='word_1_309' title='bbox 2760 2851 2762 2855; x_wconf 84' lang='lat'>&#39;</span> 
     </span>
    </p>
   </div>
   <div class='ocr_carea' id='block_1_7' title="bbox 587 2934 2606 3090">
    <p class='ocr_par' dir='ltr' id='par_1_7' title="bbox 587 2934 2606 3090">
     <span class='ocr_line' id='line_1_26' title="bbox 587 2934 2606 3001; baseline 0.001 -17"><span class='ocrx_word' id='word_1_310' title='bbox 587 2935 776 2984; x_wconf 86' lang='lat' dir='ltr'><strong>Jacobo</strong></span> <span class='ocrx_word' id='word_1_311' title='bbox 817 2934 959 2999; x_wconf 90' lang='lat' dir='ltr'><strong>Lessy</strong></span> <span class='ocrx_word' id='word_1_312' title='bbox 983 2961 994 2973; x_wconf 92' lang='lat'><strong>·</strong></span> <span class='ocrx_word' id='word_1_313' title='bbox 1027 2934 1256 2982; x_wconf 88' lang='lat' dir='ltr'><strong>Johanne</strong></span> <span class='ocrx_word' id='word_1_314' title='bbox 1296 2935 1654 3001; x_wconf 86' lang='lat' dir='ltr'><strong>Fothringham</strong></span> <span class='ocrx_word' id='word_1_315' title='bbox 1698 2966 1709 2976; x_wconf 91' lang='lat'><strong>·</strong></span> <span class='ocrx_word' id='word_1_316' title='bbox 1749 2946 1798 2987; x_wconf 89' lang='lat' dir='ltr'><strong>et</strong></span> <span class='ocrx_word' id='word_1_317' title='bbox 1838 2939 2129 2988; x_wconf 90' lang='lat' dir='ltr'><strong>Alexandro</strong></span> <span class='ocrx_word' id='word_1_318' title='bbox 2170 2939 2381 2990; x_wconf 85' lang='lat' dir='ltr'><strong>Simonis</strong></span> <span class='ocrx_word' id='word_1_319' title='bbox 2418 2940 2606 2990; x_wconf 82' lang='lat' dir='ltr'><strong>notario</strong></span> 
     </span>
     <span class='ocr_line' id='line_1_27' title="bbox 589 3025 1454 3090; baseline 0.002 -16"><span class='ocrx_word' id='word_1_320' title='bbox 589 3026 788 3090; x_wconf 89' lang='lat' dir='ltr'><strong>publico</strong></span> <span class='ocrx_word' id='word_1_321' title='bbox 811 3054 822 3064; x_wconf 91' lang='lat'><strong>·</strong></span> <span class='ocrx_word' id='word_1_322' title='bbox 850 3043 960 3074; x_wconf 90' lang='lat' dir='ltr'><strong>cum</strong></span> <span class='ocrx_word' id='word_1_323' title='bbox 985 3025 1186 3075; x_wconf 83' lang='lat' dir='ltr'><strong>diuersis</strong></span> <span class='ocrx_word' id='word_1_324' title='bbox 1210 3026 1319 3074; x_wconf 87' lang='lat' dir='ltr'><strong>aliis</strong></span> <span class='ocrx_word' id='word_1_325' title='bbox 1354 3065 1364 3075; x_wconf 94' lang='lat'><strong><em>.</em></strong></span> <span class='ocrx_word' id='word_1_326' title='bbox 1401 3065 1412 3076; x_wconf 90' lang='lat'>.</span> <span class='ocrx_word' id='word_1_327' title='bbox 1445 3066 1454 3076; x_wconf 92' lang='lat'><em>.</em></span> 
     </span>
    </p>
   </div>
   <div class='ocr_carea' id='block_1_8' title="bbox 655 3115 2606 3173">
    <p class='ocr_par' dir='ltr' id='par_1_8' title="bbox 655 3115 2606 3173">
     <span class='ocr_line' id='line_1_28' title="bbox 655 3115 2606 3173; baseline 0.002 -8"><span class='ocrx_word' id='word_1_328' title='bbox 655 3116 901 3166; x_wconf 83' lang='lat' dir='ltr'><strong>Robertus</strong></span> <span class='ocrx_word' id='word_1_329' title='bbox 925 3115 1039 3165; x_wconf 84' lang='lat' dir='ltr'><strong>Leis</strong></span> <span class='ocrx_word' id='word_1_330' title='bbox 1063 3155 1074 3166; x_wconf 88' lang='lat'><strong>.</strong></span> <span class='ocrx_word' id='word_1_331' title='bbox 1100 3155 1110 3165; x_wconf 91' lang='lat'><strong>.</strong></span> <span class='ocrx_word' id='word_1_332' title='bbox 1133 3155 1142 3166; x_wconf 92' lang='lat'>.</span> <span class='ocrx_word' id='word_1_333' title='bbox 1168 3116 1388 3166; x_wconf 88' lang='lat' dir='ltr'><strong>notarius</strong></span> <span class='ocrx_word' id='word_1_334' title='bbox 1414 3156 1423 3165; x_wconf 94' lang='lat'><strong><em>.</em></strong></span> <span class='ocrx_word' id='word_1_335' title='bbox 1450 3155 1460 3166; x_wconf 87' lang='lat'>.</span> <span class='ocrx_word' id='word_1_336' title='bbox 1487 3156 1497 3166; x_wconf 86' lang='lat'><strong>.</strong></span> <span class='ocrx_word' id='word_1_337' title='bbox 1525 3116 1743 3168; x_wconf 86' lang='lat' dir='ltr'><strong>Thomas</strong></span> <span class='ocrx_word' id='word_1_338' title='bbox 1770 3119 2156 3171; x_wconf 87' lang='lat' dir='ltr'><strong>Strauthauchin</strong></span> <span class='ocrx_word' id='word_1_339' title='bbox 2180 3161 2190 3172; x_wconf 87' lang='lat'><strong>.</strong></span> <span class='ocrx_word' id='word_1_340' title='bbox 2216 3161 2226 3171; x_wconf 92' lang='lat'>.</span> <span class='ocrx_word' id='word_1_341' title='bbox 2254 3162 2263 3171; x_wconf 94' lang='lat'>.</span> <span class='ocrx_word' id='word_1_342' title='bbox 2289 3123 2508 3173; x_wconf 85' lang='lat' dir='ltr'><strong>notarius</strong></span> <span class='ocrx_word' id='word_1_343' title='bbox 2533 3162 2542 3172; x_wconf 92' lang='lat'><strong>.</strong></span> <span class='ocrx_word' id='word_1_344' title='bbox 2566 3160 2576 3169; x_wconf 84' lang='lat'><strong>.</strong></span> <span class='ocrx_word' id='word_1_345' title='bbox 2596 3158 2606 3168; x_wconf 88' lang='lat'>.</span> 
     </span>
    </p>
   </div>
   <div class='ocr_carea' id='block_1_9' title="bbox 2676 0 2762 3834">
    <p class='ocr_par' dir='ltr' id='par_1_9' title="bbox 2676 0 2762 3834">
     <span class='ocr_line' id='line_1_29' title="bbox 2676 0 2762 3834; baseline 0 0"><span class='ocrx_word' id='word_1_346' title='bbox 2676 0 2762 3834; x_wconf 95' lang='lat' dir='ltr'><strong> </strong></span> 
     </span>
    </p>
   </div>
  </div>
 </body>
</html>
