2586 3834
616 358 1042 409 REGISTRUM
1076 358 1175 407 DE
1211 356 1771 409 ABERBROTHOC.
2107 370 2205 412 415

209 532 217 541 .
256 531 264 540 .
301 491 451 558 alium
476 490 767 539 substituere
792 490 874 538 sed
898 490 1147 539 tenebitur
1187 528 1196 538 .
1236 529 1246 539 .
1287 528 1298 539 .
1335 491 1661 554 personaliter
1689 491 1970 559 ministrare
2004 501 2053 540 et
2091 531 2101 540 .
2143 531 2151 540 .
2196 533 2204 541 .

162 583 344 631 miffam
371 582 552 631 cotidie
577 582 830 631 celebrare
853 582 926 629 ita
948 581 1140 645 quodfi
1164 583 1424 632 incolumis
1448 600 1538 647 per
1563 587 1669 632 οὲὶο
1695 585 1800 633 dies
1826 585 2084 633 continuas
2108 603 2206 633 non

162 675 492 724 celebrauerit
527 681 613 723 aut
646 674 887 722 focariam
908 675 992 722 seu
1017 674 1344 722 concubinam
1378 675 1572 724 notorie
1598 676 1814 724 tenuerit
1840 676 1915 724 vel
1942 677 2007 724 ad
2029 677 2207 724 benefi—

162 769 293 816 cium
332 805 342 815 .
383 803 392 812 .
434 805 445 815 .
480 766 559 815 vel
601 783 770 814 euram
807 774 1062 830 promotus
1100 766 1251 815 fuerit
1293 805 1304 815 .
1350 805 1360 815 .
1408 804 1418 815 .
1463 768 1740 832 capellania
1775 769 1879 832 ipso
1918 769 2044 817 fatto
2088 806 2098 817 .
2141 808 2150 816 .
2195 807 2203 816 .

163 859 359 907 vacabit
398 888 407 898 ·
451 858 676 907 Ulterius
718 857 831 907 volo
878 858 1011 921 quod
1057 895 1067 905 .
1110 896 1119 905 .
1164 861 1178 906 .⁴
1222 858 1507 921 capellanus
1558 896 1568 906 .
1615 896 1625 907 .
1669 896 1680 906 .
1729 861 1862 907 omni
1906 861 2041 909 sexta
2082 860 2207 908 feria

168 952 371 999 Placebo
399 952 585 1014 Dirige
620 966 745 999 enm.
766 950 817 998 ix
852 950 1147 998 lectionibus
1182 958 1232 999 et
1267 950 1452 998 miffam
1490 952 1553 999 de
1586 951 1756 1015 requie
1794 978 1804 989 ·
1843 953 2054 1015 secunda
2081 953 2206 1000 feria

162 1060 274 1091 cum
300 1042 555 1107 dispositus
574 1042 728 1091 fuerit
742 1059 834 1106 pro
859 1042 1116 1090 animabus
1138 1041 1577 1106 suprascriptorum
1600 1059 1657 1090 ac
1676 1043 1874 1107 fingulis
1894 1044 2034 1091 annis
2054 1044 2104 1090 in
2125 1044 2204 1091 die

164 1133 325 1182 obitus
349 1133 449 1181 mei
478 1134 682 1182 Placebo
705 1140 754 1181 et
778 1134 965 1198 Dirige
998 1150 1119 1181 cum.
1145 1150 1325 1181 nouem
1354 1133 1644 1182 lectionibus
1669 1142 1717 1182 et
1740 1135 1922 1182 missam
1938 1136 2008 1183 'de
2032 1136 2204 1198 requie

162 1226 215 1272 in
241 1223 455 1273 crastino
480 1225 544 1273 ad
568 1225 750 1273 dictum
778 1224 934 1273 altare
972 1224 1240 1273 celebrabit
1279 1253 1289 1263 ·
1329 1224 1502 1273 Eciam
1538 1226 1786 1274 tenebitur
1827 1266 1836 1275 .
1879 1266 1888 1275 .
1933 1266 1941 1275 .
1983 1227 2035 1274 in
2070 1228 2203 1290 prin-⁴

165 1317 293 1381 cipio
353 1317 608 1366 cuiussibet
666 1315 800 1366 miffe
848 1317 928 1365 sue
980 1317 1218 1381 populum
1276 1316 1538 1365 exhortare
1592 1325 1646 1365 ut
1703 1318 1870 1366 dicant
1925 1319 2204 1367 oracionem

166 1409 464 1457 dominicam
501 1426 610 1457 cum
648 1409 874 1474 angelica
908 1409 1210 1458 salutacione
1245 1425 1337 1472 pro
1372 1409 1634 1457 fundatore
1671 1417 1719 1457 et
1755 1410 2008 1458 animabus
2043 1411 2205 1474 supra—

167 1500 361 1564 scriptis
402 1527 411 1536 ·
452 1500 517 1548 Et
556 1501 609 1549 in
646 1501 744 1548 fine
788 1500 1044 1550 cuiussibet
1079 1499 1214 1548 miffe
1259 1500 1341 1548 sue
1387 1500 1636 1548 tenebitur
1675 1502 1807 1549 hunc
1846 1501 2079 1565 psalmum
2128 1502 2206 1550 De

163 1593 426 1656 profundis
466 1609 578 1641 cum
618 1592 849 1656 precibus
896 1593 1240 1641 defunctorum
1289 1599 1338 1640 et
1386 1592 1617 1641 oracione
1665 1609 1722 1640 ac
1769 1592 2039 1656 aspersione
2081 1610 2205 1655 aque

167 1684 422 1732 benedi8oe
446 1684 622 1732 induta
651 1684 764 1732 alba
788 1685 1026 1732 vertendo
1051 1683 1098 1732 se
1122 1684 1261 1733 iuxta
1295 1684 1570 1748 sepulcrum
1609 1701 1775 1732 meum
1807 1684 2054 1732 celebrare
2092 1712 2103 1722 ·
2142 1684 2206 1731 Et
2291 1708 2293 1710 ·

165 1776 280 1839 quia
304 1792 396 1840 ego
430 1814 438 1823 .
476 1812 486 1822 .
521 1813 539 1824 ..
565 1775 618 1823 in
638 1775 767 1823 disto
786 1775 1019 1839 magistro
1038 1774 1209 1824 Dauid
1229 1776 1438 1841 Gard'yn
1464 1783 1513 1825 et
1537 1776 1632 1824 suis
1653 1776 1920 1824 heredibus
1942 1776 2207 1839 plurimum

170 1867 375 1915 confisus
401 1867 532 1930 quod
551 1866 639 1930 ipfi
658 1867 893 1916 videlicet
910 1867 1043 1916 hanc
1056 1884 1216 1916 meam
1235 1867 1585 1916 fundacionem
1619 1904 1630 1914 .
1666 1903 1676 1912 .
1713 1903 1725 1915 .
1756 1868 1941 1916 facient
1960 1867 2208 1915 obseruari

164 1967 246 2006 eos
292 1965 528 2022 patronos
578 1995 589 2006 .
639 1995 649 2005 .
700 1995 711 2006 .
763 1958 1036 2023 capellanie
1085 1958 1314 2007 constitui
1359 1997 1369 2007 .
1415 1992 1427 2007 .-
1472 1997 1483 2007 .
1529 1958 1662 2007 Uolo
1709 1959 1861 2024 igitur
1908 1960 2040 2022 quod
2084 1997 2094 2006 .
2140 1996 2149 2006 .
2197 1996 2207 2005 .

164 2050 352 2114 fingula
387 2051 570 2113 punfita
617 2086 627 2097 .
673 2086 683 2097 .
714 2086 737 2097 ..
779 2049 1085 2098 fundationis
1124 2051 1455 2114 capellanum.
1479 2087 1510 2098 .>
1533 2088 1544 2098 .
1588 2088 1597 2097 .
1643 2051 1938 2099 cohercione
1974 2051 2210 2099 canonica

165 2141 197 2188 fi
241 2158 362 2206 opus
401 2141 564 2192 fuerit,
591 2141 779 2190 faciant
814 2141 1083 2207 diligenter.
1115 2143 1376 2191 obseruare
1415 2171 1426 2181 ·
1466 2141 1532 2189 Et
1558 2143 1728 2189 'dictos
1765 2158 1952 2189 annuos
1987 2142 2208 2189 redditus

165 2233 420 2281 annuatim
445 2241 494 2282 et
518 2233 822 2283 terminatim
845 2233 939 2282 suis
964 2235 1183 2299 expenfis
1208 2233 1519 2298 integraliter
1551 2233 1738 2281 faciant
1772 2232 1983 2296 persolui
2020 2260 2030 2270 ·
2069 2233 2208 2279 Alio-

166 2324 284 2387 quin
320 2324 355 2372 fi
393 2325 458 2372 ad
490 2324 746 2373 biennium
784 2325 1075 2374 continuum
1112 2326 1424 2391 neglicencia
1465 2325 1548 2373 seu
1587 2324 1781 2372 incuria
1827 2324 1942 2371 diai
1989 2322 2206 2385 magistri

167 2414 335 2463 Dauid
359 2423 444 2464 aut
467 2416 703 2464 heredum
732 2416 932 2465 suorum
964 2417 1081 2466 dieti
1116 2418 1270 2466 annui
1301 2416 1524 2465 redditus
1549 2415 1804 2478 capellano
1833 2413 2012 2478 [cetera
2035 2415 2207 2478 desunt

168 2509 221 2555 in
243 2507 465 2573 registro]
507 2546 518 2556 .
559 2546 570 2556 .
610 2546 621 2556 .

172 2758 545 2830 Molendinum
570 2781 632 2830 de
657 2780 895 2846 Raysmill
920 2780 1162 2829 affedatur
1185 2779 1221 2828 J
1224 2780 1415 2828 ohanni-
1428 2776 1572 2842 Myll,

181 2999 190 3009 .
231 2999 242 3010 .
281 2999 292 3010 .
328 2963 552 3017 Pateat.
599 3001 609 3010 .
653 3000 664 3010 .
703 2979 794 3011 nos
820 2962 1144 3026 Georgium..
1180 2997 1201 3009 .,
1222 2999 1232 3009 .
1271 2959 1601 3008 Sodorensem
1616 2957 1894 3020 episcopum
1923 2953 2056 3019 [etc]
2096 2991 2105 3001 .
2145 2989 2154 2999 .
2194 2988 2203 2997 .

179 3052 399 3103 affedafl'e
442 3094 450 3103 .
497 3092 507 3102 .
553 3092 563 3103 .
606 3055 641 3103 J
645 3054 830 3105 ohanni
871 3052 981 3117 Myl
1023 3051 1335 3115 carpentario
1382 3076 1392 3085 ·
1439 3047 1697 3097 Elizabeth
1745 3044 2082 3110 Myllsponse
2126 3042 2205 3088 sue

177 3146 409 3194 moderne
448 3172 458 3183 ·
497 3152 546 3194 et
580 3145 799 3214 Roberto
832 3143 942 3207 Myl
972 3159 1143 3192 eorum
1176 3141 1278 3189 filio
1314 3178 1323 3188 .
1356 3179 1371 3188 ..
1411 3178 1421 3188 .
1458 3156 1547 3203 pro
1570 3146 1675 3186 toto
1700 3144 1919 3200 tempore
1943 3136 2042 3182 vite
2082 3169 2092 3178 .
2136 3168 2146 3178 .
2192 3168 2203 3178 .
