2762 3834
607 375 1034 428 REGISTRUM
1068 377 1167 428 DE
1204 378 1770 431 ABERBROTHOC.
2195 388 2226 431 3

152 509 418 575 Fergufius
443 517 492 558 et
516 509 662 560 heres
686 513 799 561 suus
824 512 1028 561 venient
1051 513 1115 562 ad
1140 513 1332 562 curiam
1360 514 1553 563 abbatis
1577 521 1656 563 ter
1679 515 1733 564 in
1759 532 1890 564 anno
1916 522 1966 565 et
1990 515 2150 580 sepius
2187 517 2222 564 fi

151 602 340 652 necesse
364 603 516 652 fuerit
539 604 593 652 in
619 622 718 669 qua
741 605 777 653 fi
802 607 1110 656 ammerciati
1134 607 1322 657 fuerint
1346 609 1839 658 ammerciamentum
1875 626 1976 658 non
2014 610 2221 658 excedet

152 695 372 761 quinque
392 696 571 746 solidos
591 698 812 764 exceptis
832 699 1048 764 querelis
1067 700 1399 765 spectantibus
1419 700 1484 749 ad
1501 701 1813 766 regalitatem
1841 730 1851 741 ·
1879 700 1977 750 Sed
1994 702 2219 751 homines

149 789 237 838 sub
283 790 331 839 se
375 798 635 840 manentes
673 792 863 841 dabunt
902 809 995 857 pro
1037 792 1487 842 ammerciamentis
1535 793 1632 842 suis
1677 793 1801 844 ficut
1847 794 1932 843 alii
1975 794 2218 843 husbandi

150 883 341 931 abbatis
367 900 425 932 ac
448 882 674 932 homines
698 884 751 933 in
777 884 908 933 dicta
932 892 1068 934 terra
1100 893 1360 935 manentes
1397 903 1507 934 cum
1545 886 1774 935 dominus
1809 887 1961 935 abbas
1997 886 2077 936 vel
2113 887 2217 936 eius

150 975 325 1024 balliui
358 977 601 1026 tenebunt
627 977 817 1041 curiam
842 977 977 1026 suam
998 978 1059 1026 de
1084 977 1427 1027 inditamentis
1459 986 1509 1027 et
1543 978 1754 1044 loquelis
1786 979 2118 1044 spectantibus
2153 981 2217 1029 ad

150 1085 387 1118 coronam
426 1069 506 1118 vel
544 1069 654 1118 aliis
691 1069 861 1119 arduis
901 1069 1089 1119 cafibus
1128 1071 1215 1134 qui
1249 1088 1431 1136 magno
1465 1071 1694 1136 indigent
1727 1071 1910 1120 auxilio
1936 1072 2000 1120 ad
2025 1072 2215 1121 curiam

149 1162 341 1211 abbatis
364 1179 457 1227 pro
483 1162 805 1227 vigoracione
835 1163 1054 1212 eiusdem
1087 1163 1462 1212 racionabiliter
1496 1165 1769 1228 premuniti
1804 1166 2044 1214 accedere
2080 1172 2214 1214 tene-

149 1255 335 1305 buntur
379 1284 389 1294 ·
433 1255 653 1304 Predieti
692 1271 811 1303 vero
854 1255 1119 1320 Fergufius
1161 1262 1211 1303 et
1247 1254 1394 1304 heres
1435 1256 1547 1303 suus
1593 1255 1847 1306 habebunt
1887 1260 2074 1307 curiam
2117 1275 2213 1322 que

151 1355 358 1396 vocatur
415 1347 628 1396 Coutlzal
676 1347 738 1395 de
792 1347 1077 1396 hominibus
1126 1347 1260 1395 infra
1305 1347 1488 1395 di&am
1535 1355 1720 1397 terram
1778 1348 2103 1399 reficientibus
2151 1351 2213 1399 de

147 1439 475 1490 innumerosis
494 1440 683 1489 actibus
702 1440 835 1488 inter
854 1439 1136 1504 semetipsos
1155 1439 1500 1488 tantummodo
1521 1440 1924 1505 contingentibus
1943 1450 1992 1491 et
2007 1460 2213 1492 ammer-

147 1534 396 1582 ciamenta
429 1533 490 1581 de
524 1532 705 1581 talibus
730 1531 1019 1581 accidencia
1052 1563 1062 1573 ·
1096 1531 1336 1581 Preterea
1372 1549 1473 1581 non
1508 1532 1681 1582 licebit
1716 1534 1858 1583 diais
1893 1534 2128 1600 Fergufio
2165 1545 2212 1585 et

147 1626 321 1676 heredi
345 1627 429 1675 suo
452 1626 633 1674 dictam
659 1633 845 1675 terram
870 1625 932 1673 de
959 1623 1225 1673 Toulauch
1259 1625 1337 1674 vel
1375 1625 1590 1690 aliquam
1616 1634 1810 1691 partem
1842 1628 2061 1677 eiusdem
2098 1665 2109 1677 .
2150 1666 2160 1677 .
2201 1667 2211 1677 .

148 1720 368 1769 alienare
408 1757 418 1767 .
460 1757 471 1767 .
512 1756 523 1767 .
561 1718 642 1768 vel
671 1718 869 1767 edificia
906 1754 918 1766 .
959 1755 969 1765 .
1011 1754 1022 1765 .
1061 1717 1195 1767 infra
1219 1717 1399 1767 dictam
1429 1726 1614 1767 terram
1647 1718 1929 1769 constructa
1963 1722 2213 1785 asportare

148 1812 250 1862 fine
274 1811 478 1878 speciali
501 1811 715 1860 licencia
740 1810 933 1860 abbatis
959 1818 1009 1859 et
1034 1818 1311 1859 conuentus
1349 1848 1361 1859 .
1398 1848 1409 1859 .
1449 1848 1460 1860 .
1498 1810 1565 1860 Et
1589 1811 1843 1862 sciendum
1868 1813 2002 1877 quod
2024 1813 2059 1862 fi
2086 1814 2214 1862 dista

147 1914 284 1954 terra
331 1905 394 1953 de
438 1904 702 1953 Tholauch
742 1921 834 1969 per
873 1920 1187 1953 communem
1225 1920 1461 1968 guerram
1499 1921 1673 1970 regum
1717 1904 1905 1971 Anglie
1948 1913 1997 1954 et
2041 1905 2213 1956 Scocie

147 1998 399 2047 destructa
421 1997 574 2047 fuerit
598 1998 681 2046 seu
707 1996 964 2045 deuastata
993 1996 1111 2045 dieti
1146 1995 1412 2060 Fergufius
1449 2004 1499 2046 et
1536 1996 1682 2046 heres
1718 1998 1830 2047 suus
1865 2015 1965 2047 non
2003 1999 2214 2063 compel-

147 2093 314 2142 lentur
338 2092 402 2140 ad
434 2092 627 2139 firmam
661 2089 753 2138 nisi
778 2097 1025 2155 quatenus
1055 2106 1146 2154 per
1171 2090 1304 2138 viros
1329 2090 1606 2155 fidedignos
1637 2091 1838 2155 probari
1874 2090 2058 2156 poterit
2082 2092 2214 2156 quod

147 2186 209 2235 de
235 2185 474 2234 fructibus
498 2183 628 2232 diae
653 2191 788 2232 terre
812 2182 1132 2248 perceperint
1158 2182 1238 2231 vel
1269 2181 1539 2247 percepisse
1562 2190 1795 2248 poterant
1831 2210 1842 2222 ·
1878 2182 1944 2231 Et
1969 2190 2023 2231 ut
2048 2183 2214 2231 omnia

146 2278 376 2344 premiss'a
407 2285 519 2326 rata
553 2283 882 2342 permaneant
906 2283 956 2325 et
979 2273 1262 2324 inconcussa
1296 2275 1496 2340 presens
1522 2275 1755 2339 scriptum
1786 2274 1836 2323 in
1861 2275 2062 2323 modum
2087 2274 2211 2323 ciro-

146 2371 326 2438 graphi
360 2370 432 2419 est
456 2370 735 2419 confe&um
767 2369 908 2418 cuius
934 2367 1033 2417 vna
1055 2386 1171 2433 pars
1205 2385 1358 2434 penes
1384 2367 1538 2416 dictos
1568 2366 1858 2433 Fergufium
1891 2374 1940 2416 et
1977 2367 2210 2417 heredem

147 2466 285 2514 suum
310 2481 575 2512 remanens
610 2501 622 2512 .
657 2501 668 2512 .
704 2501 715 2512 .
754 2462 912 2529 sigillo
940 2461 1146 2527 capituli
1185 2498 1195 2509 .
1231 2497 1242 2508 .
1279 2497 1290 2509 .
1325 2458 1642 2524 confignatur
1666 2467 1717 2509 et
1741 2459 1899 2508 altera
1921 2476 2036 2523 pars
2060 2476 2210 2524 penes

148 2558 303 2606 dictos
329 2558 556 2606 abbatem
584 2563 634 2605 et
659 2562 962 2605 conuentum
1000 2554 1219 2603 refidens
1244 2552 1402 2617 figillo
1428 2551 1545 2601 dieti
1569 2551 1794 2617 Fergufii
1819 2568 2031 2600 vnacum
2055 2551 2210 2618 figillo

147 2651 327 2700 decani
352 2651 414 2700 de
440 2652 650 2716 Anegus
675 2650 747 2699 est
773 2649 1063 2715 consignata
1099 2649 1152 2697 in
1192 2645 1525 2696 testimonium
1566 2646 1786 2696 omnium
1823 2646 2161 2712 premissorum
2200 2678 2208 2686 ·

149 2743 332 2792 Actum
357 2750 408 2792 et
432 2744 602 2793 datum
629 2760 762 2792 anno
788 2743 869 2792 die
895 2750 944 2792 et
968 2742 1079 2791 loeo
1104 2741 1266 2806 primo
1292 2739 1502 2804 scriptis,

150 2962 436 3035 Affedacio
462 2983 770 3032 decimarum
792 2981 1073 3048 garbalium
1100 2979 1304 3030 ecclefie
1329 2981 1390 3030 de
1417 2980 1683 3045 Innernys.

150 3107 566 3179 Memorandum
601 3129 734 3192 quod
772 3145 903 3177 anno
939 3126 1109 3192 gracie
1144 3123 1402 3173 millefimo
1438 3123 1779 3174 trecentesimo
1815 3121 2038 3171 vicefimo
2074 3135 2204 3166 nono

147 3221 229 3270 die
254 3220 289 3270 J
292 3221 400 3270 ouis
423 3221 652 3286 proximo
678 3228 794 3270 ante
816 3219 991 3269 festum
1022 3217 1188 3268 Sanffl
1215 3216 1427 3266 Martini
1461 3219 1524 3267 in'
1537 3234 1680 3283 yeme
1704 3215 1836 3280 apud
1859 3211 2204 3262 monasterium
