2762 3834
422 884 517 927 418

439 2253 715 2302 419...

573 389 671 439 336
1019 376 1445 434 REGISTRUM
1476 375 1575 425 DE
1611 369 2169 423 ABERBROTHOO.

576 591 771 664 Milhil
812 608 942 673 quod
989 604 1256 669 aflignatur
1295 602 1359 648 ab
1398 597 1604 660 antiquo
1646 594 1808 643 officio
1848 594 2105 644 cellerarie
2147 593 2389 644 affedatur
2428 595 2463 644 J
2466 596 2619 644 acobo

577 702 783 753 Guthre.

576 920 586 930 .
628 920 638 930 .
682 920 692 929 .
734 880 907 928 Pateat
949 915 958 924 .
996 913 1007 923 .
1044 913 1054 922 .
1093 890 1183 921 nos
1230 869 1400 919 David
1435 907 1446 917 .
1489 906 1499 916 .
1542 906 1552 916 .
1592 867 1818 916 abbatem
1862 906 1872 915 .
1913 905 1923 916 .
1966 905 1975 916 .
2018 868 2080 917 de
2128 868 2464 918 Abirbrothoc
2506 907 2516 918 .
2558 908 2568 917 .
2616 914 2625 923 ,

575 970 798 1023 affedafl'e
836 1008 846 1018 .
883 1007 893 1018 .
931 1006 943 1017 .
977 966 1171 1016 Jacobo
1207 963 1402 1013 Guthre
1436 959 1664 1023 burgenfi
1690 959 1751 1007 de
1775 958 2115 1008 Abirbrothoc
2153 982 2164 997 ·
2201 959 2384 1009 Jonete
2419 956 2623 1009 Paniter

575 1066 655 1115 sue
682 1062 848 1128 sponse
874 1090 884 1101 -
910 1067 961 1109 et
984 1074 1155 1108 eorum
1181 1054 1421 1120 affignato
1464 1090 1476 1101 .
1521 1088 1534 1101 .
1577 1087 1590 1101 .
1630 1067 1732 1100 non
1763 1088 1777 1101 .
1811 1088 1824 1100 .
1862 1090 1873 1101 .
1910 1052 2112 1101 maioris
2150 1089 2162 1101 .
2201 1092 2210 1102 .
2251 1092 2261 1102 .
2299 1053 2451 1102 status
2475 1064 2623 1118 quam

577 1156 692 1205 dieti
732 1192 743 1203 .
785 1192 796 1202 .
835 1191 844 1201 .
883 1168 974 1217 pro
998 1147 1222 1199 terminis
1247 1147 1421 1195 decem
1446 1151 1496 1194 et
1517 1160 1699 1192 nouem
1724 1158 1968 1193 annorum
2005 1183 2015 1193 .
2056 1182 2066 1192 .
2106 1183 2115 1192 .
2156 1150 2315 1193 terras
2342 1144 2532 1193 nostras
2563 1144 2624 1193 de

580 1248 628 1312 ly
648 1243 849 1311 Mylhill
890 1281 901 1291 .
944 1279 955 1290 .
996 1281 1005 1290 .
1045 1256 1166 1304 quas
1190 1255 1326 1287 nunc
1347 1237 1480 1286 idem
1504 1235 1724 1285 Jacobus
1749 1244 1961 1300 occupat
1984 1261 1996 1274 ·
2019 1235 2233 1284 termino
2251 1252 2370 1285 vero
2395 1235 2625 1285 introitus

726 1375 736 1385 .
796 1334 1065 1400 incipiente
1112 1332 1164 1380 in
1210 1329 1333 1379 festo
1380 1326 1730 1378 Penthecostes
1777 1327 1944 1375 datam
1990 1327 2298 1391 presencium
2344 1328 2626 1377 immediate

581 1433 809 1495 sequente
855 1464 867 1475 .
912 1467 921 1477 .
971 1466 981 1475 .
1025 1424 1275 1475 Soluendo
1319 1460 1331 1471 .
1368 1459 1379 1471 .
1420 1460 1430 1471 .
1470 1419 1802 1486 quadraginta
1845 1418 2024 1467 solidos
2076 1458 2087 1468 .
2134 1458 2144 1469 .
2189 1459 2199 1469 .
2246 1428 2443 1469 monete
2491 1458 2502 1469 .
2553 1458 2564 1469 .
2616 1459 2627 1469 .

581 1522 753 1572 Scocie
788 1521 851 1569 ad
887 1519 1009 1567 duos
1045 1516 1163 1566 anni
1198 1514 1438 1564 terminos
1468 1552 1483 1563 .
1512 1551 1522 1561 .
1555 1551 1567 1561 .
1599 1511 1666 1562 Et
1690 1511 1726 1560 fi
1759 1511 2016 1577 contingat
2049 1511 2178 1576 ipsos
2219 1550 2229 1561 .
2271 1551 2282 1561 .
2325 1551 2335 1561 .
2372 1512 2629 1561 iniuriosus

582 1614 672 1663 ess'e
722 1651 733 1662 .
782 1650 794 1661 .
840 1648 851 1659 .
895 1611 978 1660 seu
1002 1609 1130 1658 male
1153 1607 1490 1673 pei-soluentes
1525 1603 1695 1653 licebit
1729 1603 1872 1652 nobis
1915 1641 1926 1652 .
1971 1640 1983 1652 .
2027 1641 2038 1653 .
2081 1605 2143 1652 de
2183 1639 2236 1653 ..
2277 1641 2288 1653 .
2325 1604 2471 1653 terris
2513 1642 2524 1653 .
2567 1645 2576 1654 .
2620 1643 2630 1653 .

582 1707 842 1770 disponere
881 1740 893 1751 .
935 1741 948 1751 .
989 1739 1002 1751 .
1045 1701 1197 1766 Apud
1235 1738 1245 1748 .
1283 1737 1294 1748 .
1331 1738 1341 1747 .
1385 1697 1654 1763 capitulum
1693 1694 1923 1745 vicefimo
1963 1695 2125 1761 primo
2163 1695 2243 1744 die
2280 1696 2455 1745 menfis
2489 1695 2631 1745 Junii

585 1814 715 1846 anno
738 1794 944 1845 Domini
967 1792 1223 1842 millesimo
1247 1790 1636 1855 quingentesimo
1659 1788 1835 1853 primo.

585 2045 1013 2118 Procuratorium
1039 2078 1130 2126 pro
1143 2059 1431 2110 redditibus
1448 2065 1589 2107 extra
1607 2066 1797 2107 montes
1817 2058 2084 2108 conuentui
2101 2058 2157 2107 in
2173 2057 2421 2107 communi
2441 2057 2633 2107 debitis.

755 2251 908 2298 Anno
946 2285 957 2296 .
996 2287 1005 2296 .
1043 2286 1053 2296 .
1090 2246 1345 2295 millefimo
1386 2242 1777 2310 quingentesimo
1817 2243 1979 2308 primo
2019 2243 2197 2292 mensis
2231 2259 2349 2292 vero
2389 2242 2513 2292 Julii
2553 2242 2634 2291 die

590 2341 783 2392 decima
808 2340 1028 2404 quinta,
1069 2378 1080 2387 .
1122 2377 1133 2387 .
1175 2338 1296 2386 mihi
1321 2337 1518 2387 notario
1540 2335 1741 2402 publico
1783 2372 1793 2383 .
1839 2372 1850 2384 .
1874 2374 1904 2384 ..
1945 2334 2115 2384 David
2153 2373 2163 2384 .
2209 2371 2221 2382 .
2264 2374 2273 2383 .
2317 2334 2467 2383 abbas
2508 2370 2520 2382 .
2565 2370 2576 2381 .
2620 2370 2634 2382 .

592 2434 651 2481 de
678 2432 1013 2483 Abirbrothoc
1037 2438 1088 2479 et
1134 2469 1144 2478 .
1194 2469 1203 2479 .
1249 2467 1262 2479 .
1309 2435 1585 2478 conuentus
1608 2426 1930 2492 personaliter
1953 2426 2207 2476 constituti
2228 2425 2636 2492 presentauerunt

592 2524 836 2587 quandam
861 2522 1118 2586 papiream
1139 2521 1361 2570 cedulam
1387 2520 1648 2585 legendam
1674 2519 1814 2568 cuius
1836 2526 1981 2568 tenor
2003 2518 2098 2568 hec
2122 2517 2192 2568 est
2230 2556 2243 2568 .
2285 2557 2296 2567 .
2335 2557 2346 2568 .
2379 2517 2635 2566 Vniuerfis

658 2651 670 2661 .
721 2650 731 2660 .
774 2613 943 2662 Dauid
987 2650 998 2661 .
1044 2650 1055 2661 .
1099 2650 1111 2661 .
1154 2614 1303 2661 abbas
1333 2613 1396 2661 de
1431 2611 1768 2661 Abirbrothoc
1805 2647 1818 2659 .
1861 2647 1873 2660 .
1916 2647 1927 2659 .
1964 2610 2214 2660 salutem·
2251 2609 2511 2659 Noueritis
2544 2623 2635 2657 nos

595 2704 755 2756 fecisse
794 2741 804 2751 .
845 2741 857 2752 .
896 2741 907 2751 .
945 2703 1232 2752 seruitorem
1272 2702 1494 2751 nostrum
1537 2741 1548 2751 .
1594 2740 1606 2751 ,
1651 2739 1663 2751 .
1704 2702 2059 2753 Alexandrum*
2084 2701 2243 2768 Eylpe
2279 2701 2500 2751 latorem>
2525 2717 2635 2765 pm

598 2794 812 2844 sencium
837 2780 1143 2841 aaornatum
1166 2792 1385 2841 nostrum
1415 2794 1650 2843 nuncium
1686 2801 1736 2844 et
1772 2793 2106 2859 sergeanduni
2128 2794 2191 2842 ad
2224 2793 2491 2858 petendum
2529 2829 2541 2840 .
2576 2827 2589 2840 .
2623 2826 2635 2840 .

598 2903 655 2934 ac
700 2885 762 2934 ad
806 2883 1063 2932 vtilitatem
1108 2883 1261 2931 nostri
1302 2883 1400 2932 loci
1439 2884 1805 2948 importandum
1847 2903 1878 2935 a
1917 2885 2286 2950 quibuscunque
2333 2883 2636 2933 debitoribus

598 2975 774 3025 nostris
797 2974 850 3022 in
873 2974 1140 3022 Abberden
1165 2980 1214 3022 et
1238 2973 1368 3022 vltra
1388 2991 1478 3038 per
1514 2993 1682 3025 omnes
1715 2984 1880 3042 partes
1915 2985 2057 3026 extra
2089 2983 2281 3025 montes
2315 2992 2404 3040 per
2438 2976 2637 3024 boream

597 3068 709 3118 sitas
744 3067 908 3115 firmas
945 3073 994 3114 et
1027 3065 1251 3113 redditus
1288 3067 1556 3115 conuentui
1580 3068 1631 3115 in
1657 3068 1906 3117 communi
1929 3067 2120 3117 debitos
2145 3075 2194 3117 et
2218 3066 2253 3115 fi
2275 3065 2464 3116 necesse
2487 3065 2636 3116 fuerit

597 3176 687 3224 pro
711 3158 781 3207 eis
803 3156 1195 3221 distringendum
1228 3184 1238 3195 ·
1271 3173 1480 3205 vnacum
1510 3158 1776 3223 arreragiis
1801 3176 2041 3208 annorum
2066 3166 2116 3208 et
2139 3158 2461 3208 terminorum
2485 3157 2635 3206 trans-
