2762 3834
49 2436 109 2479 44

615 374 1042 424 REGISTRUM
1076 375 1173 424 DE
1209 377 1756 434 ABERBROTHOC.
2105 394 2201 438 353

164 509 330 572 piente
371 507 423 555 in
465 505 586 554 festo
630 505 798 556 Sansti
836 507 975 555 Petri
1026 545 1037 555 .
1087 546 1098 557 .
1149 547 1158 557 .
1206 511 1268 558 ad
1311 511 1509 561 vincula
1547 514 1654 578 post
1694 516 1857 564 datam
1899 519 2201 581 presencium

164 598 446 647 immediate
490 598 722 662 sequente
761 636 771 646 .
814 635 825 646 .
861 637 870 647 .
910 597 1160 648 Soluendo
1203 641 1212 650 .
1251 642 1259 650 .
1299 642 1308 650 .
1350 603 1482 652 infra
1516 606 1864 655 monasterium
1909 646 1920 656 .
1964 646 1975 657 .
2022 647 2032 656 .
2077 612 2204 657 ofito-

164 692 304 756 ginta
337 690 595 739 tresdecim
631 690 784 738 libras
820 690 902 738 sex
937 690 1115 740 solidos
1152 700 1199 741 et
1235 696 1343 742 οᾶο
1379 696 1608 745 denarios
1655 737 1664 746 .
1713 738 1721 746 .
1769 738 1778 747 .
1826 707 2020 749 monete
2069 737 2080 748 .
2131 738 2141 748 .
2192 739 2203 749 .

169 783 341 833 Scocie
379 783 442 831 ad
487 820 498 831 .
535 820 545 830 .
582 820 592 831 .
630 782 755 830 festa
792 821 801 829 .
848 821 856 830 .
898 819 910 830 .
956 782 1322 833 Transsacionis
1363 785 1527 835 Sanffi
1568 787 1760 837 Thome
1800 790 2016 838 martiris
2051 791 2204 839 nostri

163 876 360 941 patroni
385 883 433 924 et
459 875 753 924 Natiuitatis
777 876 938 923 san8oe
964 874 1063 923 Dei
1098 876 1352 941 genitricis
1388 877 1548 927 Marie
1591 919 1599 927 .
1646 917 1656 927 .
1702 919 1711 928 .
1751 881 1829 928 vel
1863 881 1992 930 infra
2026 882 2203 947 viginti

164 968 267 1016 dies
311 1005 321 1015 .
367 1006 377 1016 .
424 1005 434 1016 .
480 967 714 1016 videlicet
750 967 1081 1031 quadraginta
1113 968 1195 1016 sex
1229 968 1379 1017 libras
1414 970 1669 1018 tresdecim
1707 971 1883 1019 solidos
1914 979 1962 1020 et
1993 981 2203 1036 quatuor

163 1059 392 1108 denarios
418 1059 482 1108 ad
508 1058 775 1123 quemlibet
811 1059 1076 1107 terminum
1119 1096 1130 1108 .
1173 1096 1184 1107 .
1224 1097 1234 1107 .
1270 1058 1336 1108 Et
1360 1059 1394 1107 fi
1431 1100 1439 1109 .
1479 1098 1489 1109 .
1530 1098 1541 1109 .
1579 1061 1866 1112 Alexander
1889 1070 1938 1112 et
1961 1062 2031 1111 sui
2065 1063 2202 1129 affig-

163 1152 267 1201 nati
302 1192 311 1200 .
351 1189 362 1200 .
401 1191 410 1200 .
448 1151 724 1200 defecerint
766 1192 774 1199 .
819 1189 829 1199 .
874 1189 884 1199 .
927 1151 979 1198 in
1006 1151 1253 1200 solucione
1292 1189 1302 1199 .
1343 1189 1353 1199 .
1393 1190 1403 1199 .
1442 1153 1504 1200 ad
1527 1154 1789 1201 terminum
1814 1154 1942 1202 diem
1967 1162 2016 1203 et
2038 1155 2200 1203 locum

162 1243 459 1309 prescriptos
483 1243 654 1292 licebit
690 1242 831 1291 nobis
865 1282 874 1291 .
909 1281 916 1290 .
953 1281 964 1291 .
999 1243 1061 1291 de
1095 1243 1371 1291 huiusmodi
1406 1244 1607 1292 decimis
1644 1283 1653 1293 .
1688 1284 1698 1293 .
1732 1283 1743 1293 .
1777 1238 1840 1294 ad
1875 1286 1883 1294 .
1918 1283 1929 1294 .
1962 1285 1972 1295 .
2007 1246 2199 1296 libitum

164 1377 172 1386 .
207 1373 217 1384 .
254 1373 265 1384 .
295 1335 553 1400 disponere
586 1372 595 1382 .
627 1374 636 1383 .
676 1374 684 1383 .
718 1333 785 1382 Et
821 1372 832 1382 .
873 1372 883 1382 .
923 1373 932 1382 .
970 1334 1260 1384 Alexander
1286 1346 1335 1385 et
1359 1337 1430 1385 sui
1455 1338 1676 1402 affignati
1719 1377 1728 1386 .
1766 1378 1775 1387 .
1814 1376 1825 1387 .
1867 1338 2200 1388 sustentabunt

207 1467 217 1476 .
255 1466 265 1476 .
306 1428 509 1477 chorum
547 1467 556 1476 .
595 1467 604 1476 .
644 1465 654 1475 .
694 1426 898 1476 ecclefie
924 1427 985 1475 de
1012 1427 1425 1495 Banchoryterny
1442 1428 1495 1476 in
1520 1429 1722 1477 edificiis
1746 1430 1944 1478 teauris
1969 1430 2200 1479 calicibus

162 1521 302 1569 libris
327 1519 501 1569 casulis
526 1519 650 1568 albis
675 1536 784 1568 cum
812 1519 922 1567 aliis
947 1519 1226 1568 necessariis
1252 1520 1314 1567 ad
1339 1520 1493 1568 altare
1517 1521 1799 1584 peuimento
1832 1520 2053 1570 fenestris
2078 1530 2127 1571 et
2149 1523 2200 1571 in

163 1613 389 1661 omnibus
415 1612 523 1662 aliis
546 1611 826 1661 necessariis
853 1612 914 1660 ad
958 1650 968 1660 .
1007 1650 1018 1660 .
1057 1651 1066 1660 .
1103 1612 1355 1662 ecclefiam
1374 1613 1573 1661 racione
1591 1613 1798 1662 rectoria
1816 1614 2201 1677 pertinentibus·

159 1706 224 1755 Et
269 1707 301 1755 fi
347 1745 358 1756 .
404 1747 413 1755 .
458 1746 467 1755 .
508 1704 714 1755 ecclesia
760 1712 845 1755 aut
893 1706 1083 1754 decime
1128 1743 1138 1754 .
1185 1742 1195 1753 .
1238 1742 1247 1752 .
1291 1704 1653 1768 sequestrentur
1697 1704 1748 1752 in
1796 1722 1964 1753 eorum
2010 1706 2201 1754 defeetu

161 1798 420 1847 insolidum
458 1797 549 1863 ipfi
583 1814 674 1862 pro
710 1798 1106 1862 sequestracione
1148 1797 1416 1845 earundem
1455 1796 1550 1844 suis
1586 1795 1805 1860 expenfis
1845 1796 2203 1861 respondebunt

256 1930 266 1939 .
321 1891 475 1956 Apud
512 1930 522 1939 .
560 1930 570 1939 .
608 1930 616 1939 .
656 1890 926 1955 capitulum
967 1889 1196 1939 vicesimo
1239 1889 1318 1938 die
1357 1886 1532 1937 menfis
1570 1888 1694 1937 Julii
1732 1904 1860 1936 anno
1900 1888 2103 1936 Domini
2138 1896 2204 1936 m⁰

161 1981 551 2049 quingentesimo
577 1982 766 2048 quint0.

159 2233 533 2322 Pettynkurry
558 2254 802 2308 afl'edatur
826 2255 1116 2304 Alexandro
1142 2255 1334 2305 Burnat
1359 2256 1420 2304 de
1444 2256 1603 2321 Leyis.

165 2478 174 2489 .
221 2479 231 2491 .
280 2440 503 2490 ..Pateat
541 2477 550 2488 .
593 2477 603 2488 .
642 2477 653 2488 .
690 2456 782 2488 nos
824 2439 1100 2505 Georgium
1139 2478 1148 2488 .
1195 2477 1206 2488 .
1250 2476 1261 2487 .
1306 2439 1530 2488 abbatem
1569 2475 1579 2485 .
1622 2476 1632 2486 .
1671 2476 1681 2486 .
1719 2439 1778 2486 de
1802 2438 2021 2487 Arbroth
2061 2476 2071 2486 .
2125 2475 2135 2485 .
2184 2476 2194 2486 .

160 2531 400 2602 afl'edass'ev
432 2570 443 2581 .
495 2569 507 2580 .
559 2570 570 2581 .
620 2531 911 2580 Alexandro
960 2531 1181 2581 Burnate
1228 2533 1289 2581 de
1330 2531 1479 2597 Leyis
1522 2569 1533 2580 .
1574 2568 1584 2579 .
1624 2567 1635 2578 .
1674 2530 1838 2579 villam
1883 2531 2094 2578 nostram
2138 2531 2196 2578 de

163 2623 505 2690 Pettynkurry
530 2624 776 2673 iacentem
811 2623 943 2672 infra
977 2624 1234 2672 baroniam
1264 2623 1476 2672 nostram
1513 2623 1573 2671 de
1609 2622 2056 2687 Banquhoryterny
2089 2638 2196 2669 cum

161 2716 257 2765 suis
298 2754 309 2764 .
355 2753 367 2764 .
413 2754 424 2764 .
457 2716 780 2781 pertinenciis
807 2733 928 2780 quas
951 2733 1085 2764 nunc
1110 2723 1320 2781 occupat
1342 2733 1432 2781 pro
1456 2714 1679 2763 terminis
1702 2713 2024 2762 nouendecim
2050 2729 2197 2762 anno-

161 2825 268 2856 rum
314 2845 326 2857 .
370 2844 381 2856 .
428 2845 440 2856 .
480 2807 731 2858 Soluendo
773 2846 784 2857 .
826 2846 837 2857 .
881 2846 891 2857 .
930 2816 1143 2872 quatuor
1166 2824 1358 2856 marcas
1396 2845 1407 2855 .
1447 2844 1457 2854 .
1497 2844 1508 2855 .
1544 2813 1739 2854 monete
1777 2842 1787 2852 .
1828 2841 1838 2852 .
1878 2841 1889 2851 .
1930 2803 2100 2852 Scocie
2135 2803 2196 2850 ad

163 2936 175 2947 .
214 2937 225 2948 .
265 2936 276 2948 .
313 2900 437 2948 festa
479 2936 491 2948 .
535 2937 547 2949 .
590 2938 600 2947 .
649 2899 1001 2949 Penthecostes
1038 2906 1087 2947 et
1125 2899 1293 2949 Sanfflfi
1317 2898 1526 2948 Martini
1574 2937 1583 2946 .
1633 2938 1642 2946 .
1692 2936 1701 2945 .
1738 2912 1947 2944 vnacum
1972 2895 2196 2943 oneribus

162 2990 525 3040 husbandorum
561 3031 570 3040 .
609 3031 618 3040 .
656 3031 665 3041 .
706 2992 826 3040 ficut
849 2991 987 3055 prius
1012 2991 1232 3040 soluebat
1267 3019 1278 3029 ·
1315 2990 1382 3038 Et
1404 2990 1440 3037 fi
1477 3028 1487 3037 .
1527 3027 1537 3037 .
1577 3026 1588 3037 .
1624 2988 1908 3036 Alexander
1931 2993 1979 3035 et
2002 2986 2072 3033 sui
2094 2985 2195 3033 sub-

165 3089 389 3132 tenentes
422 3123 431 3131 .
459 3123 468 3132 .
495 3123 503 3131 .
537 3083 666 3132 male
690 3082 1026 3148 persoluentes
1057 3122 1066 3131 .
1098 3122 1107 3131 .
1139 3121 1147 3130 .
1182 3082 1262 3129 uel
1286 3079 1506 3129 iniuriosi
1530 3079 1808 3129 tenentibus
1832 3090 1915 3127 aut
1938 3076 2194 3125 husbandis

163 3173 341 3222 nostris
367 3174 622 3224 extiterint
658 3214 666 3222 .
700 3214 709 3224 .
744 3213 752 3222 .
784 3173 953 3222 licebit
976 3172 1119 3221 nobis
1155 3212 1164 3221 .
1197 3213 1206 3222 .
1242 3213 1250 3222 .
1288 3174 1351 3222 ad
1374 3172 1568 3221 libitum
1605 3208 1617 3219 .
1656 3208 1666 3219 .
1707 3207 1717 3218 .
1753 3169 1917 3218 villam
1942 3167 2192 3231 disponere

1143 3267 1173 3312 2
1196 3280 1227 3311 Y
