2762 3834
595 379 1021 430 REGISTRUM
1056 380 1152 429 DE
1188 382 1743 438 ABERBROTHOC.
2086 400 2174 442 351

148 531 317 564 eorum
343 513 487 562 alteri
537 551 546 562 .
587 551 597 560 .
634 551 645 562 .
686 529 778 577 pro
804 520 908 561 toto
934 521 1155 578 tempore
1180 515 1281 564 vite
1319 553 1329 564 .
1369 554 1378 565 .
1415 556 1425 566 .
1461 517 1700 567 brafinam
1723 520 1936 569 nostram
1962 523 2022 571 de
2046 523 2183 572 Dun-

149 606 346 671 nechyn
385 643 395 654 .
433 645 442 654 .
481 645 489 653 .
528 621 638 653 cum
675 604 864 652 duabus
890 604 1017 653 acris
1042 613 1285 655 terrarum
1310 609 1372 656 ad
1398 609 1574 658 dictam
1598 610 1838 660 brafinam
1863 613 2186 677 spectantibus

151 697 272 746 ficut
307 697 555 761 quondam
591 695 882 744 Alexander
919 695 1097 762 Hardy
1121 698 1303 748 habuit
1338 727 1347 737 ·
1388 702 1600 750 termino
1636 720 1752 751 vero
1787 704 2017 754 introitus
2056 746 2064 754 .
2108 746 2116 755 .
2177 747 2186 755 .

155 789 423 853 incipiente
471 788 536 836 ad
581 787 756 836 festum
803 787 1152 838 Pentechostes
1197 790 1305 854 post
1351 793 1514 842 datam
1561 795 1862 859 presencium
1910 798 2187 848 immediate

158 881 359 945 sequens
394 907 405 918 ·
442 879 692 928 Soluendo
729 919 737 928 .
775 919 783 928 .
821 919 831 928 .
867 880 1103 928 tredecim
1128 881 1304 930 solidos
1330 893 1378 933 et
1402 893 1612 949 quatuor
1636 887 1864 935 denarios
1888 928 1897 937 .
1924 928 1933 937 .
1960 929 1968 938 .
1996 899 2187 938 monete

261 1012 270 1022 .
320 971 493 1021 Scocie
519 971 582 1020 ad
623 1011 633 1020 .
678 1011 687 1020 .
731 1009 741 1020 .
785 970 907 1020 festa
930 971 1280 1022 Pentechostes
1304 983 1352 1024 et
1379 975 1544 1025 Sancti
1577 977 1782 1027 Martini
1827 1016 1837 1027 .
1878 1018 1888 1028 .
1928 1018 1938 1029 .
1983 998 2187 1030 vnacum

157 1064 416 1113 duodecim
443 1063 713 1128 eaponibus
739 1071 787 1112 et
812 1063 922 1112 aliis
947 1063 1166 1113 seruiciis
1191 1083 1280 1130 pro
1306 1067 1431 1117 diota
1453 1068 1646 1118 brafina
1692 1110 1701 1120 .
1751 1111 1760 1119 .
1809 1111 1818 1120 .
1867 1073 2043 1122 debitis
2078 1100 2088 1110 ·
2124 1073 2188 1122 Et

158 1157 275 1206 diffiti
314 1194 324 1205 .
355 1196 361 1201 .
395 1194 405 1205 .
439 1174 529 1221 pro
560 1156 847 1220 receptione
869 1155 1037 1204 nostra
1061 1163 1109 1205 et
1133 1157 1299 1206 nostra
1322 1158 1508 1208 familia
1538 1200 1547 1210 .
1581 1201 1590 1210 .
1623 1201 1632 1210 .
1670 1165 1968 1227 reparabunt
1992 1166 2187 1213 domum

158 1248 409 1297 honestam
447 1257 496 1297 et
533 1264 777 1296 cameram
817 1265 927 1296 cum
959 1248 1098 1296 lectis
1134 1248 1346 1299 honestis
1383 1269 1492 1300 cum
1528 1254 1714 1302 stabulo
1751 1272 1985 1319 equorum
2017 1266 2064 1306 et
2098 1258 2190 1305 suis

159 1341 436 1390 necessariis
471 1369 481 1379 ·
526 1341 590 1390 Et
630 1340 664 1388 fi
700 1380 710 1390 .
749 1377 760 1387 .
793 1380 804 1390 .
847 1341 899 1389 in
942 1340 1191 1389 solucione
1229 1342 1368 1391 firme
1409 1344 1626 1408 predicte
1667 1353 1751 1394 aut
1786 1346 1837 1394 in
1874 1349 2190 1411 reparacione

158 1434 377 1499 predicta
413 1473 422 1483 .
461 1473 470 1482 .
509 1473 519 1482 .
557 1433 685 1482 tardi
712 1433 897 1482 fuerint
927 1440 1011 1482 aut
1046 1433 1385 1483 inobedientes
1408 1435 1548 1484 nobis
1583 1475 1592 1485 .
1630 1475 1639 1485 .
1677 1476 1686 1486 .
1722 1436 1889 1486 licebit
1912 1439 2051 1487 nobis
2087 1479 2096 1487 .
2134 1480 2142 1488 .
2181 1480 2188 1488 .

158 1524 399 1573 brafinam
438 1542 548 1573 cum
582 1565 591 1574 .
627 1565 637 1574 .
675 1565 684 1574 .
720 1525 850 1574 acris
886 1565 895 1574 .
931 1565 939 1574 .
973 1564 982 1574 .
1019 1525 1083 1573 ad
1119 1564 1128 1574 .
1167 1565 1176 1574 .
1214 1565 1223 1575 .
1258 1526 1450 1575 libitum
1486 1567 1495 1577 .
1534 1567 1543 1576 .
1579 1568 1588 1577 .
1629 1528 1770 1577 alteri
1797 1528 2050 1593 disponere
2087 1570 2095 1577 .
2135 1570 2143 1578 .
2181 1570 2190 1578 .

159 1618 307 1682 Apud
348 1656 358 1666 .
399 1657 408 1666 .
450 1658 459 1667 .
498 1618 770 1682 capitulum
806 1657 815 1666 .
859 1657 868 1666 .
906 1658 916 1667 .
955 1617 1183 1667 vicefimo
1219 1636 1350 1667 nono
1386 1619 1466 1668 die
1504 1619 1683 1669 Marcii
1708 1637 1837 1668 anno
1861 1620 2065 1669 Domini
2090 1621 2192 1670 mil-

158 1709 320 1758 lefimo
347 1708 738 1776 quingentesimo
765 1710 950 1774 quinto.

159 1966 481 2038 Northterre
507 2006 597 2054 pro
623 1989 780 2038 tercia
802 1997 945 2054 parte
970 1989 1213 2038 affedatur
1236 1987 1272 2037 J
1273 1988 1427 2037 acobo
1453 1988 1657 2038 Guthre.

277 2214 285 2223 .
335 2174 511 2223 Pateat
558 2214 567 2222 .
610 2213 619 2222 .
661 2211 672 2221 .
719 2190 810 2222 nos
847 2173 1118 2239 Georgium
1157 2210 1168 2220 .
1205 2210 1215 2221 .
1254 2210 1264 2220 .
1302 2173 1524 2221 abbatem
1565 2211 1575 2220 .
1613 2209 1623 2220 .
1662 2210 1671 2219 .
1718 2173 1778 2221 de
1814 2173 2034 2221 Arbroth
2077 2212 2085 2220 .
2131 2210 2140 2219 .
2185 2209 2194 2218 .

160 2264 385 2314 affedass'e
433 2305 442 2314 .
487 2306 498 2314 .
542 2305 550 2314 .
600 2265 792 2315 Jacobo
818 2265 1012 2315 Guthre
1034 2265 1214 2314 seniori
1261 2294 1272 2304 ·
1315 2265 1526 2314 Katrine
1550 2264 1690 2330 Lyne
1717 2264 1855 2312 vxori
1879 2264 1959 2312 sue
2000 2303 2010 2312 .
2048 2303 2058 2312 .
2096 2304 2104 2312 .
2148 2272 2194 2311 et

160 2357 351 2406 Jacobo
391 2357 587 2407 Guthre
622 2358 723 2406 filio
761 2359 844 2406 suo
887 2397 896 2406 .
944 2394 954 2405 .
994 2397 1004 2406 .
1048 2357 1252 2406 terciam
1287 2364 1476 2421 partem
1514 2363 1754 2404 terrarum
1794 2355 1906 2403 ville
1941 2354 2099 2402 nostre
2135 2356 2194 2402 de

162 2449 460 2498 Northterre
509 2489 518 2498 .
567 2487 578 2498 .
625 2487 635 2498 .
682 2466 829 2514 quam
871 2466 1006 2497 nunc
1053 2489 1062 2497 .
1114 2489 1122 2497 .
1175 2487 1185 2496 .
1234 2457 1447 2514 ocupant
1483 2448 1651 2496 Dauid
1693 2447 1854 2512 Terry
1891 2455 1938 2495 et
1980 2446 2194 2494 Thomas

162 2541 413 2591 Vannand
436 2559 527 2607 pro
553 2549 657 2590 toto
683 2550 904 2607 tempore
932 2541 1031 2590 vite
1063 2581 1072 2590 .
1113 2579 1124 2590 .
1161 2580 1170 2588 .
1211 2539 1458 2589 Soluendo
1490 2578 1499 2587 .
1541 2576 1551 2586 .
1590 2577 1600 2587 .
1638 2538 1965 2602 quadraginta
1987 2546 2194 2601 quatuor

163 2633 341 2682 solidos
367 2641 415 2682 et
440 2633 659 2698 quinque
685 2633 916 2681 denarios
941 2650 1050 2681 cum
1077 2632 1223 2680 obulo
1258 2669 1268 2680 .
1308 2669 1319 2680 .
1356 2669 1367 2679 .
1403 2639 1595 2678 monete
1638 2667 1647 2677 .
1692 2667 1702 2677 .
1743 2642 1770 2678 .'
1798 2627 1968 2678 Scocie
1994 2629 2055 2676 ad
2091 2668 2099 2676 .
2138 2667 2146 2676 .
2183 2664 2194 2675 .

164 2725 399 2774 terminos
435 2724 787 2775 Penthecostes
826 2762 836 2773 .
876 2762 887 2773 .
928 2761 940 2773 .
985 2731 1034 2773 et
1065 2723 1231 2772 Sancti
1263 2723 1469 2772 Martini
1508 2761 1518 2771 .
1562 2761 1572 2771 .
1617 2759 1628 2771 .
1672 2739 1782 2771 cum
1813 2730 2021 2785 quatuor
2055 2738 2194 2785 capo-

165 2818 308 2866 nibus
333 2826 381 2867 et
406 2818 515 2866 aliis
540 2826 752 2883 quatuor
776 2817 923 2883 pullis
960 2817 1140 2865 adultis
1174 2812 1607 2882 rynmart'weddir
1632 2821 1680 2862 et
1704 2813 1811 2862 aliis
1837 2812 2193 2861 husbandorum

165 2909 396 2958 oneribus
431 2948 442 2959 .
484 2948 495 2958 .
532 2949 541 2958 .
580 2910 645 2959 Et
665 2909 768 2975 ipso
791 2909 827 2958 J
830 2910 983 2959 acobo
1004 2909 1193 2957 seniore
1218 2908 1279 2956 ab
1302 2907 1396 2955 hac
1421 2906 1529 2954 luce
1553 2905 1738 2954 sublato
1763 2904 1892 2952 dieta
1915 2903 2125 2951 Katrina
2148 2911 2194 2950 et

166 3001 293 3050 filius
315 3002 427 3051 suus
451 3002 671 3051 Jacobus
712 3040 722 3051 .
767 3041 777 3051 .
823 3039 834 3050 .
881 2999 1113 3067 [soluent]
1161 3037 1172 3048 .
1211 3038 1220 3048 .
1262 3035 1273 3046 .
1315 2998 1437 3046 duas
1463 2996 1653 3045 celdras
1688 3012 1953 3044 auenarum
1977 2994 2192 3041 mensure

168 3092 262 3140 fori
285 3094 530 3143 currentis
552 3095 616 3143 ad
639 3094 875 3143 terminos
899 3091 1175 3141 huiusmodi
1201 3090 1455 3138 consuetos
1480 3105 1590 3137 cum
1613 3086 1893 3151 prescriptis
1924 3113 1935 3124 ·
1967 3085 2194 3132 Preterea

169 3181 203 3230 fi
239 3221 248 3231 .
285 3220 295 3231 .
334 3221 345 3231 .
385 3184 513 3232 male
537 3184 819 3249 persoluent
842 3183 1013 3232 licebit
1037 3182 1178 3230 nobis
1215 3220 1225 3231 .
1260 3219 1271 3229 .
1309 3219 1318 3230 .
1356 3181 1417 3229 de
1457 3217 1469 3228 .
1515 3218 1525 3229 .
1572 3216 1583 3227 .
1618 3178 1773 3227 tercia
1796 3184 1934 3241 parte
1976 3212 1986 3223 .
2028 3213 2038 3222 .
2078 3213 2088 3222 .
2131 3176 2188 3235 ad
