2762 3834
16 2290 20 2310 '‘
48 2288 138 2337 163

642 402 1069 455 REGISTRUM
1102 404 1201 455 DE
1235 405 1789 457 ABERBROTHOC.
2145 411 2238 456 145

192 535 346 584 dictas
369 540 528 584 terras
556 571 566 582 .
596 570 608 583 .
636 571 647 582 .
675 542 724 584 et
748 536 964 585 decimas
986 538 1213 603 garbales
1238 540 1507 589 earundem
1528 568 1539 581 ·
1561 540 1863 605 Quiquidem
1885 577 1896 588 .
1919 576 1931 589 .
1954 577 1965 588 .
1986 539 2239 604 episcopus

246 665 257 675 .
297 663 309 674 .
347 643 513 675 coram
551 633 656 675 toto
695 627 830 676 clero
866 629 1166 694 respondens
1208 630 1404 681 asseruit
1441 669 1453 681 .
1494 669 1506 682 .
1544 670 1556 682 .
1594 634 1728 698 quod
1764 631 1927 681 coloni
1964 639 2014 681 et
2049 631 2240 679 inhabi-

192 725 352 768 tantes
377 718 532 767 dictas
557 724 715 766 terras
753 755 764 767 .
804 756 816 768 .
856 756 868 768 .
902 720 1086 770 habent
1109 721 1197 771 fibi
1234 761 1246 772 .
1284 762 1295 772 .
1334 761 1346 773 .
1382 725 1680 790 respondere
1716 726 1778 774 de
1815 731 2026 791 quatuor
2061 724 2240 772 marcis

193 811 369 860 vsualis
403 818 600 860 monete
626 809 800 859 Scocie
837 812 901 860 ad
936 813 1057 861 duos
1093 815 1211 863 anni
1246 816 1482 865 terminos
1508 817 1695 867 vsuales
1733 855 1744 866 .
1780 855 1791 866 .
1831 855 1842 866 .
1880 825 1929 866 et
1954 817 2088 882 quod
2124 853 2135 865 .
2175 853 2186 864 .
2225 853 2237 864 .

191 903 380 953 decime
403 903 632 969 garbales
656 902 900 951 dictarum
925 912 1171 954 terrarum
1209 942 1220 954 .
1259 944 1270 956 .
1310 945 1320 956 .
1357 909 1524 958 abbati
1549 911 1610 958 de
1634 909 1969 958 Abirbrothoc
2004 947 2015 957 .
2051 945 2062 957 .
2099 945 2111 957 .
2137 908 2237 956 fine

192 997 341 1046 dubio
365 996 583 1062 spectant
609 1033 620 1044 .
649 1032 661 1043 .
689 1031 701 1043 .
729 995 795 1044 Et
820 995 1018 1060 insuper
1041 996 1173 1045 idem
1199 1035 1210 1046 .
1243 1034 1255 1046 .
1289 1036 1300 1046 .
1327 1000 1580 1065 episcopus
1620 1038 1630 1050 .
1673 1038 1684 1049 .
1720 1038 1731 1050 .
1767 999 2081 1049 renunciauit
2104 1000 2237 1049 omni

189 1089 288 1138 iuri
326 1127 337 1138 .
381 1127 392 1138 .
437 1126 447 1138 .
486 1106 544 1138 ac
581 1088 704 1137 iuris
743 1087 888 1136 titulo
930 1105 1025 1152 que
1062 1089 1150 1137 fibi
1191 1090 1443 1141 occafione
1476 1093 1715 1142 dictarum
1751 1101 1994 1142 terrarum
2037 1100 2086 1141 et
2122 1130 2133 1140 .
2173 1130 2184 1141 .
2225 1129 2235 1139 .

193 1181 494 1230 decimarum
533 1188 814 1246 competere
849 1178 1028 1244 poffint
1066 1217 1077 1228 .
1118 1218 1128 1228 .
1167 1216 1180 1229 .
1216 1183 1434 1247 exceptis
1476 1184 1618 1233 dietis
1660 1192 1871 1249 quatuor
1911 1184 2088 1234 marcis
2122 1221 2133 1232 .
2172 1221 2184 1232 .
2224 1220 2235 1232 .

194 1272 354 1338 Super
392 1273 569 1337 quibus
607 1309 619 1320 .
657 1309 669 1321 .
709 1308 721 1321 .
758 1271 908 1320 abbas
954 1309 965 1319 .
1018 1308 1028 1319 .
1080 1308 1091 1319 .
1135 1289 1165 1320 a
1204 1290 1282 1321 me
1326 1311 1337 1322 .
1382 1310 1393 1322 .
1439 1311 1450 1323 .
1486 1276 1637 1340 peciit
1673 1313 1684 1324 .
1723 1314 1735 1325 .
1775 1314 1786 1326 .
1825 1276 2200 1326 instrumentum
2226 1302 2236 1312 ·

189 1366 315 1415 Aaa
350 1373 493 1414 erant
526 1365 619 1413 hec
655 1381 821 1413 coram
858 1380 1040 1429 magno
1075 1364 1235 1429 gradu
1269 1367 1477 1429 pretorii
1511 1367 1655 1432 burgi
1692 1368 1752 1416 de
1776 1367 1929 1416 Perth
1958 1368 2080 1416 hora
2104 1368 2235 1432 quafi

191 1459 452 1507 vndecima
486 1465 600 1507 ante
632 1457 903 1506 merediem
951 1494 961 1505 .
1018 1494 1030 1505 .
1082 1493 1093 1505 .
1131 1457 1438 1521 presentibus
1477 1496 1487 1506 .
1541 1495 1552 1507 .
1605 1496 1616 1507 .
1653 1459 1823 1507 Dauid
1845 1461 2010 1524 priore
2036 1458 2235 1509 ecclesie

190 1551 489 1600 cathedralis
540 1550 894 1601 Sanctiandree
942 1567 1001 1599 ac
1049 1550 1161 1598 sede
1209 1549 1425 1598 eiusdem
1472 1557 1678 1599 vacante
1726 1551 1911 1599 vicario
1957 1551 2177 1615 generali
2226 1582 2235 1591 -

189 1643 421 1693 Johanne
469 1644 645 1693 abbate
693 1644 754 1692 de
799 1642 1048 1692 Lundoris
1094 1671 1104 1681 ·
1152 1642 1383 1691 Johanne
1431 1642 1607 1691 abbate
1654 1642 1715 1690 de
1760 1640 2189 1707 Cambuskynneth
2226 1671 2236 1680 -

186 1738 421 1802 magistro
445 1737 678 1786 Johanne
723 1736 928 1787 Cristini
954 1764 964 1774 ·
990 1743 1039 1785 et
1073 1733 1306 1801 magistro
1342 1734 1493 1783 Petro
1529 1735 1590 1782 de
1629 1732 1913 1784 Crechtoun
1954 1735 2143 1782 rectore
2178 1734 2238 1781 de

189 1830 424 1896 Kynoule
449 1857 459 1867 ·
485 1847 596 1879 cum
622 1829 790 1878 multis
826 1829 935 1878 aliis
970 1828 1176 1894 prelatis
1208 1834 1257 1876 et
1283 1826 1493 1875 clericis.
1522 1863 1533 1874 .
1564 1863 1575 1874 .

255 1922 517 1971 Donaldus
542 1923 654 1971 Ade
681 1960 692 1971 .
723 1960 733 1970 .
764 1960 774 1971 .
800 1921 1024 1971 notarius
1049 1959 1060 1971 .
1090 1959 1101 1970 .
1131 1959 1141 1970 .

189 2097 362 2171 Carta
387 2118 656 2168 tenementi
679 2135 836 2183 prope
861 2117 1101 2166 fabricam
1125 2117 1177 2165 in
1202 2117 1248 2166 le
1272 2116 1498 2182 Almory.

190 2266 468 2340 Uniuerfis
491 2324 503 2338 .
534 2325 546 2337 .
574 2326 585 2338 .
609 2288 886 2337 Malcomus
927 2325 938 2337 .
974 2325 985 2336 .
1020 2327 1029 2337 .
1067 2289 1217 2337 abbas
1268 2325 1279 2337 .
1319 2325 1329 2336 .
1372 2324 1382 2336 .
1421 2287 1482 2335 de
1508 2284 1844 2335 Abirbrothoc
1884 2321 1895 2332 .
1936 2321 1947 2332 .
1986 2321 1996 2331 .
2035 2283 2237 2332 salutem

189 2420 199 2430 .
240 2420 249 2429 .
296 2420 305 2429 .
350 2380 609 2431 Noueritis
650 2398 740 2429 nos
781 2419 791 2430 .
829 2418 841 2431 .
878 2418 889 2429 .
933 2380 1157 2430 affedafl'e
1200 2418 1210 2429 .
1255 2418 1267 2429 .
1313 2418 1325 2430 .
1372 2380 1576 2446 Symoni
1603 2378 1750 2444 Tody
1774 2376 2000 2442 burgenfi
2037 2416 2046 2425 .
2083 2415 2093 2425 .
2130 2414 2140 2425 .
2176 2377 2236 2424 de

186 2472 522 2523 Abirbrothoc
561 2512 572 2522 .
618 2511 629 2522 .
670 2511 681 2522 .
719 2472 941 2522 nostrum
966 2480 1302 2522 tenementum
1336 2473 1504 2522 iacens
1533 2488 1688 2536 prope
1713 2468 2060 2518 monasterium
2103 2505 2114 2516 .
2159 2504 2171 2516 .
2223 2503 2235 2514 .

186 2564 317 2614 inter
341 2573 524 2615 terram
550 2566 737 2615 fabrice
762 2566 928 2615 nostre
968 2584 1028 2615 ex
1066 2573 1207 2631 parte
1242 2564 1472 2614 orientali
1497 2563 1712 2612 eiusdem
1755 2597 1767 2609 .
1809 2598 1820 2609 .
1863 2597 1873 2608 .
1914 2568 1963 2609 et
1996 2558 2236 2607 venellam

190 2673 497 2706 communem
534 2659 821 2708 tendentem
857 2659 922 2708 ad
957 2676 1132 2723 aquam
1166 2659 1226 2707 de
1253 2657 1473 2706 Brothoc
1508 2672 1568 2704 ex
1602 2661 1744 2719 parte
1781 2651 2076 2701 occidentali
2111 2687 2122 2699 .
2166 2686 2178 2700 .
2224 2687 2234 2697 .

194 2748 489 2798 Tenendum
532 2787 543 2799 .
583 2787 595 2799 .
635 2788 645 2799 .
686 2751 738 2799 in
778 2751 925 2800 feodo
968 2758 1017 2800 et
1051 2750 1328 2799 hereditate
1363 2750 1710 2813 inperpetuum
1731 2783 1742 2794 .
1769 2785 1778 2794 .
1808 2782 1818 2793 .
1845 2744 2117 2793 Reddendo
2144 2779 2155 2791 .
2184 2780 2194 2790 .
2222 2778 2233 2789 .

192 2841 434 2890 monacho
471 2842 655 2890 iuniori
692 2843 988 2892 deseruienti
1031 2843 1176 2892 altari
1219 2841 1385 2892 Sancti
1425 2840 1560 2889 Petri
1591 2839 1643 2887 in
1680 2836 1883 2887 ecclesia
1905 2833 2236 2884 monasteriali

192 2933 413 2996 preditum
454 2971 465 2982 .
516 2972 527 2983 .
579 2972 590 2983 .
639 2952 731 2999 pro
772 2935 1094 3000 reparacione
1127 2934 1296 2983 altaris
1338 2941 1387 2983 et
1429 2931 1616 2996 capelle
1658 2929 1872 2978 eiusdem
1914 2931 2022 2976 οᾶο
2060 2926 2234 2974 solidos

193 3024 368 3073 vsualis
405 3033 602 3074 monete
638 3025 782 3090 regni
823 3024 996 3075 Scocie
1035 3063 1046 3074 .
1075 3063 1086 3074 .
1115 3063 1126 3074 .
1165 3026 1229 3074 ad
1266 3026 1389 3073 duos
1427 3023 1545 3073 anni
1586 3021 1821 3072 terminos
1863 3020 2116 3068 consuetos
2142 3054 2152 3065 .
2181 3053 2230 3064 ..

191 3115 340 3180 Apud
364 3116 710 3166 monasterium
736 3154 746 3165 .
777 3153 788 3165 .
816 3154 827 3165 .
855 3117 1083 3166 vicefimo
1120 3134 1253 3165 nono
1292 3116 1372 3165 die
1410 3113 1584 3163 menfis
1623 3111 1835 3177 Augusti
1869 3127 1998 3159 anno
2032 3107 2231 3156 Domini

190 3207 442 3257 millesimo
468 3207 947 3273 quadringentesimo
972 3208 1265 3273 sexagefimo
1290 3207 1479 3271 quinto.

1192 3315 1221 3346 'r
