2762 3834
470 1650 499 1697 9

554 403 583 447 8
1007 392 1436 446 REGISTRUM
1469 390 1567 440 DE
1603 387 2170 439 ABERBROTHOC.

554 532 786 583 uentibus
810 536 1149 595 competenter
1173 534 1220 577 et
1246 526 1411 575 debite
1437 523 1748 573 deseruiatur
1786 552 1797 563 ·
1835 521 1902 571 Et
1927 522 2088 572 dfflzus
2113 522 2309 572 Alanus
2335 533 2385 574 et
2409 523 2618 573 heredes

606 661 616 672 .
652 661 664 673 .
700 640 855 672 onera
878 630 928 672 et
954 620 1162 670 seruicia
1186 619 1354 667 debita
1391 654 1402 666 .
1445 653 1456 664 .
1500 653 1511 665 .
1551 615 1859 664 sustinebunt
1891 614 2012 664 ficut
2047 615 2149 681 ipse
2175 615 2257 664 seu
2300 654 2311 665 .
2357 654 2368 665 .
2413 653 2425 664 .
2463 615 2618 681 aliqui

555 718 732 766 dictam
772 724 956 765 terram
997 712 1332 762 inhabitantes
1371 708 1623 773 hucusque
1672 707 2008 758 sustinuerunt
2055 735 2066 745 ·
2116 708 2353 758 Preterea
2397 709 2619 774 prefatus

555 810 748 858 Alanus
773 816 823 857 et
845 807 1055 855 heredes
1098 842 1110 854 .
1153 842 1164 853 .
1207 841 1220 852 .
1259 802 1397 851 nullo
1433 802 1582 851 modo
1618 809 1807 851 terram
1856 838 1868 850 .
1920 838 1932 850 .
1983 837 1995 850 .
2044 801 2335 851 alienabunt
2366 801 2467 850 fine
2505 819 2620 851 con-

553 900 688 949 sensu
736 899 925 949 abbatis
973 906 1022 946 et
1070 902 1345 945 conuentus
1408 931 1420 943 .
1484 931 1496 943 .
1556 931 1567 943 .
1628 894 1689 943 In
1731 894 1871 944 cuius
1913 893 1988 943 rei
2025 893 2362 943 testimonium
2402 895 2620 959 presenti

554 999 688 1041 carte
733 1029 744 1040 .
791 1028 801 1039 .
846 1028 857 1039 .
901 989 1113 1055 figillum
1157 1026 1168 1037 .
1214 1026 1225 1036 .
1271 1025 1283 1036 .
1328 986 1536 1053 capituli
1580 1025 1591 1036 .
1638 1026 1649 1037 .
1694 1024 1705 1037 .
1745 988 1953 1037 fecimus
2001 988 2187 1054 apponi
2228 989 2309 1038 die
2351 988 2622 1037 Dominica

551 1084 775 1148 proxima
811 1083 920 1149 post
957 1083 1133 1132 festum
1175 1080 1344 1131 saneti
1384 1079 1637 1130 Dunstani
1675 1098 1807 1130 anno
1840 1088 1936 1131 etc.
1964 1081 2211 1131 tricesimo
2251 1109 2261 1118 ·
2299 1080 2420 1131 teste
2446 1081 2618 1131 eodem

551 1176 783 1242 capitulo.

551 1438 770 1510 Diuersi
796 1458 950 1508 annui
975 1458 1201 1509 redditus
1225 1458 1280 1508 in
1307 1457 1426 1508 villa
1449 1458 1511 1508 de
1537 1457 1711 1508 Perth.

554 1623 965 1697 Memorandum
995 1643 1131 1709 quod
1165 1651 1302 1692 terra
1337 1642 1507 1691 nostra
1540 1641 1594 1690 in
1631 1641 1758 1691 tofto
1785 1641 1846 1699 de
1870 1641 2028 1691 Perth
2060 1641 2231 1691 iacens
2267 1642 2401 1692 inter
2434 1651 2622 1693 terram

553 1738 797 1804 Wethyni
843 1737 1061 1786 Ladmar
1103 1754 1253 1801 quam
1298 1736 1360 1785 de
1408 1735 1552 1785 nobis
1599 1735 1762 1784 tenuit
1810 1752 1868 1784 ex
1917 1742 2062 1800 parte
2107 1735 2290 1786 boriali
2339 1745 2388 1786 et
2435 1745 2622 1787 terram

552 1831 797 1880 Johannis
838 1830 1190 1880 Hailbotished
1231 1847 1293 1879 ex
1332 1836 1475 1894 parte
1518 1828 1723 1878 australi
1758 1827 2005 1878 affedatur
2041 1829 2267 1880 Henrico
2308 1830 2413 1879 filio
2450 1831 2624 1881 Dauid

553 1925 854 1974 hereditarie
877 1941 969 1989 pro
995 1924 1063 1974 vii
1095 1923 1264 1973 solidis
1299 1922 1478 1972 annuis
1511 1922 1576 1972 ad
1612 1922 1851 1972 terminos
1890 1921 2063 1972 Sanfi'd
2088 1922 2301 1973 Martini
2326 1924 2379 1973 in
2403 1942 2548 1991 yeme
2574 1933 2623 1974 et

555 2017 905 2068 Pentheoostes
929 2017 1400 2084 proporcionaliter.

623 2110 751 2160 Item
791 2117 925 2159 terra
961 2110 1243 2159 Alexandri
1275 2109 1467 2176 Douny
1498 2108 1668 2158 iacens
1698 2109 1832 2158 inter
1868 2116 2055 2159 terram
2080 2109 2322 2159 Willelmi
2366 2110 2623 2160 Holifarth

558 2222 615 2252 ex
640 2211 782 2269 parte
808 2203 1039 2253 orientali
1064 2211 1113 2253 et
1137 2206 1325 2253 terram
1344 2203 1499 2253 Alani
1524 2203 1586 2251 de
1620 2200 1857 2268 Brechyn
1892 2219 1953 2252 ex
1985 2209 2129 2268 parte
2155 2202 2455 2252 occidentali
2478 2203 2624 2253 soluit

557 2298 663 2344 οὸὶο
684 2296 864 2345 solidos
888 2303 943 2345 ut
966 2297 1129 2361 supra.

625 2389 753 2439 Item
776 2398 912 2439 terra
929 2390 964 2439 J
967 2390 1178 2439 ohannis
1202 2389 1457 2455 Ingerami
1475 2390 1645 2438 iacens
1669 2389 1803 2439 inter
1827 2397 2014 2439 terram
2039 2391 2101 2440 de
2126 2390 2371 2441 Anmund
2395 2409 2456 2441 ex
2480 2401 2622 2457 parte

560 2481 789 2530 orientali
822 2489 871 2531 et
902 2489 1087 2531 terram
1120 2482 1376 2548 Radulphi
1404 2482 1655 2533 Cordwan
1686 2500 1747 2532 ex
1777 2490 1921 2548 parte
1956 2483 2258 2534 occidentali
2295 2484 2441 2535 soluit
2480 2486 2622 2551 quin—

561 2590 655 2636 que
678 2574 855 2622 solidos
877 2602 888 2613 ·
915 2583 964 2624 et
989 2575 1190 2641 colliget
1213 2576 1406 2625 firmam
1430 2577 1647 2626 reddens
1670 2586 1955 2643 compotum
1980 2578 2043 2627 de
2069 2578 2268 2628 eisdem.

628 2664 756 2713 Item
786 2674 921 2715 terra
958 2666 1210 2733 Radulphi
1252 2668 1502 2719 Cordwan
1537 2669 1669 2719 iacet
1698 2670 1831 2719 inter
1866 2678 2053 2720 terram
2083 2670 2332 2721 Johannis
2368 2672 2623 2739 Ingerami

563 2775 623 2805 ex
651 2765 792 2822 parte
829 2758 1057 2809 orientali
1093 2778 1153 2810 ex
1188 2770 1330 2827 parte
1355 2780 1456 2812 vna
1482 2770 1532 2812 et
1565 2770 1751 2813 terram
1775 2765 1965 2814 domini
1987 2764 2230 2815 Willelmi
2264 2765 2537 2834 Holyfarth
2562 2785 2622 2816 ex

562 2858 704 2915 parte
727 2851 1023 2902 occidentali
1049 2870 1107 2902 ex
1132 2855 1290 2905 altera
1310 2863 1360 2906 et
1384 2856 1523 2906 dabit
1547 2858 1805 2908 annuatim
1830 2859 1912 2908 sex
1935 2858 2131 2908 solidos.
