2742 3848
31 1232 122 1288 766

32 1968 119 2024 767

45 3077 123 3127 ³68

623 355 1051 407 REGISTRUM
1086 356 1184 406 DE
1220 354 1782 409 ABERBROTHOC.
2134 360 2231 412 509

172 489 302 537 infra
325 489 539 554 burgum
575 490 636 539 de
671 491 929 555 Arbroyth
969 491 1196 541 fituatum
1224 493 1432 542 tradidit
1457 494 1590 542 saluo
1614 493 1723 542 iure
1750 491 2006 542 cuiussibet
2048 520 2057 530 ·
2104 492 2232 538 Aeta

170 582 221 629 in
262 580 390 629 (11ἃο
429 581 586 647 burgo
625 582 750 631 hora
791 584 947 633 tercia
985 585 1096 649 post
1134 585 1395 635 meridiem
1434 595 1520 635 aut
1562 586 1759 635 eocirea
1797 585 2001 634 testibus
2038 583 2230 632 Jacobo

172 676 334 725 Grant
357 704 367 714 ·
397 674 595 723 Thoma
619 675 831 742 Ramsay
856 678 1117 742 sergiando
1143 705 1153 715 ·
1181 678 1392 728 Andrea
1420 678 1642 745 Seygayt
1674 710 1684 720 ·
1713 677 1923 728 Carralo
1949 676 2194 726 Browster
2220 706 2228 714 -

173 769 396 818 Waltero
426 767 623 818 Saidlar
660 797 670 807 ·
706 769 900 819 Jacobo
927 770 1129 820 Hunter
1167 802 1178 812 ·
1220 771 1394 822 Dauid
1417 772 1640 821 Dauison
1685 802 1695 811 -
1734 770 1969 820 Johanne
1998 769 2228 821 Saidlar·

173 863 388 912 Roberto
413 861 578 911 Smart
599 890 608 900 ·
629 862 799 911 Dauid
820 863 1067 912 Haldston
1089 893 1099 904 ·
1121 874 1170 914 et
1190 866 1389 913 domino
1407 865 1662 914 Willelmo
1682 865 1923 931 Gwyrlay
1943 865 2201 929 capellano
2221 902 2231 910 .

172 973 281 1005 cum
308 955 512 1004 diuerfis
538 955 649 1004 aliis
686 985 696 994 ·
737 955 1074 1006 Confirmaeio
1100 958 1217 1006 data
1245 962 1306 1005 13
1335 956 1526 1022 Aprilis
1557 961 1702 1006 1532.

172 1210 301 1282 The
326 1232 475 1281 abbot
509 1232 604 1281 lets
639 1232 717 1280 for
753 1232 991 1281 nineteen
1016 1250 1161 1298 years
1197 1240 1248 1281 to
1284 1232 1420 1281 John
1449 1232 1650 1298 Couper
1687 1234 1787 1282 and
1820 1233 1974 1283 Jonet
2002 1232 2120 1283 Scot
2155 1233 2231 1281 his

172 1326 294 1383 wife,
324 1326 424 1374 and
447 1325 579 1374 their
605 1316 842 1390 affignees
870 1325 924 1373 of
954 1343 1018 1373 no
1044 1325 1223 1390 higher
1248 1324 1444 1392 degree,
1484 1327 1568 1375 the
1594 1344 1709 1376 acre
1734 1327 1790 1375 of
1808 1326 1926 1376 land
1963 1327 2123 1376 called
2147 1328 2231 1376 the

173 1418 368 1468 Medow
404 1418 553 1484 Akyr
590 1418 764 1466 within
803 1418 887 1466 the
923 1419 1117 1467 bounds
1160 1419 1214 1467 of
1250 1417 1812 1485 Sowthterre——paying
1846 1419 2022 1484 yearly
2058 1427 2109 1467 to
2148 1419 2231 1468 the

173 1513 319 1562 abbot
348 1516 364 1558 l
395 1511 498 1561 boll
524 1512 578 1559 of
603 1491 724 1560 beer
749 1519 799 1560 at
827 1510 1132 1577 Candylmes
1158 1529 1214 1559 or
1239 1511 1463 1577 thereby,
1504 1512 1602 1559 and
1629 1512 1681 1560 in
1707 1511 1789 1561 the
1812 1512 1930 1561 time
1953 1512 2006 1559 of
2036 1511 2233 1560 harvest

172 1605 253 1654 the
273 1605 410 1653 teind
432 1604 635 1652 sheaves
654 1612 705 1653 to
725 1604 808 1653 the
830 1605 1021 1653 abbot’s
1046 1605 1334 1670 teyndarys,
1356 1605 1474 1654 with
1496 1605 1580 1654 the
1598 1604 1816 1669 keeping
1836 1604 1890 1653 of
1909 1604 1992 1653 the
2011 1606 2231 1654 meadow

171 1698 217 1745 so
243 1697 350 1745 that
374 1696 458 1745 the
483 1696 619 1762 grass
644 1695 821 1745 should
846 1705 933 1746 not
957 1697 1018 1745 be
1044 1697 1261 1760 injured.
1334 1701 1394 1745 21
1742 1701 1883 1745 1532.

173 1951 366 2024 Abbas
393 1973 575 2022 affedat
600 1991 691 2038 pro
718 1974 822 2022 vita
843 1972 879 2022 J
882 1973 1069 2022 ohanni
1095 1971 1226 2038 Myll
1251 1972 1565 2038 carpentario
1593 2002 1602 2011 -
1631 1972 1872 2021 Mariorie
1897 1972 2127 2039 Lychton
2153 1974 2234 2021 sue

171 2050 338 2131 sponse
378 2094 387 2104 ·
428 2074 477 2116 et
505 2066 702 2116 Thome
729 2066 860 2132 Myll
885 2083 1057 2115 eorum
1081 2066 1184 2114 filio
1223 2094 1234 2105 ·
1274 2065 1615 2114 molendinum
1641 2066 1702 2114 de
1727 2065 1983 2131 Raysmyll
2006 2073 2234 2114 vocatum

174 2177 282 2208 cum
308 2161 403 2209 suis
429 2161 577 2210 terris
613 2169 664 2210 et
700 2161 931 2210 multuris
963 2177 1176 2209 vnacum
1211 2158 1311 2207 illis
1348 2159 1538 2207 duabus
1575 2158 1799 2223 partibus
1833 2158 1949 2206 ville
1985 2158 2031 2206 le
2066 2157 2233 2223 Estyr-

172 2270 324 2320 greyn
352 2262 526 2304 vocate
553 2272 674 2319 quas
699 2254 734 2304 J
738 2255 959 2303 ohannes
985 2260 1198 2319 occupat
1235 2279 1245 2290 ·
1287 2250 1537 2300 Soluendo
1565 2267 1656 2314 pro
1682 2249 1968 2298 molendino
1994 2250 2231 2313 quinqua-

172 2346 308 2410 ginta
330 2354 431 2396 tres
455 2347 636 2396 solidos
662 2354 712 2396 et
737 2354 952 2411 quatuor
977 2345 1208 2395 denarios
1234 2350 1431 2391 monete
1460 2341 1635 2391 Seocie
1671 2341 1734 2389 ad
1770 2341 2007 2390 terminos
2044 2341 2231 2388 vsuales

173 2445 221 2486 et
245 2439 504 2488 duodecim
531 2456 747 2504 capones
781 2468 790 2479 ·
828 2446 878 2487 et
913 2456 1004 2504 pro
1029 2438 1076 2487 le
1101 2437 1411 2502 Estyrgreyn
1449 2434 1620 2482 decem
1644 2433 1801 2482 bollas
1826 2433 1947 2481 duas
1970 2432 2157 2481 firlotas
2183 2441 2231 2480 et

173 2537 270 2579 tres
294 2532 484 2580 modios
509 2532 649 2580 ordei
674 2531 794 2580 boni
817 2531 992 2579 mundi
1018 2537 1066 2579 et
1091 2528 1205 2577 ficei
1229 2527 1456 2575 mensure
1479 2525 1576 2574 fori
1612 2525 1858 2574 currentis
1893 2525 1956 2573 ad
1992 2524 2229 2573 terminos

175 2623 390 2673 soluendi
415 2642 474 2673 ac
499 2624 656 2674 eciam
684 2624 1018 2688 quadraginta
1041 2622 1123 2671 sex
1147 2621 1327 2669 solidos
1351 2625 1549 2667 monete
1572 2616 1746 2667 Scocie
1772 2618 1834 2666 ad
1859 2617 2096 2667 terminos
2116 2634 2228 2666 con-

173 2714 328 2763 suetos
355 2734 465 2765 cum
491 2719 598 2764 0610
626 2717 897 2781 caponibus
923 2724 972 2765 et
996 2716 1204 2765 totidem
1236 2711 1384 2777 pullis
1420 2711 1601 2760 adultis
1637 2719 1686 2760 et
1721 2710 1830 2759 aliis
1865 2710 2228 2758 husbandorum

175 2807 402 2856 oneribus
429 2837 438 2846 ·
466 2813 496 2855 4
523 2807 648 2856 Maii
677 2812 823 2857 1532.

175 3056 366 3128 Abbas
405 3080 679 3129 confirmat.
697 3080 844 3129 saluis
879 3079 975 3127 suis
1011 3079 1200 3128 iuribus
1225 3086 1410 3128 cartam
1439 3077 1680 3127 Willelmi
1704 3077 1838 3126 Wod
1862 3077 1923 3125 de
1956 3076 2221 3139 Bonnyton

137 3185 271 3232 *qua
314 3188 404 3234 pro
452 3172 771 3236 implemento
821 3171 1070 3220 cuiusdam
1121 3175 1400 3220 contradaus
1448 3169 1752 3219 matrimonii
1800 3169 1929 3217 inter
1973 3167 2127 3231 ipsum
2172 3175 2219 3213 et
