2762 3834
50 756 132 802 401
189 788 198 797 .

634 339 1056 393 REGISTRUM
1089 341 1187 392 DE
1222 343 1778 400 ABERBROTHOC.
2123 360 2218 403 325

186 543 420 630 Bagraw
443 563 686 614 affedatur
709 564 1001 614 Alexandro
1026 566 1238 616 Annane
1264 576 1313 618 et
1336 568 1560 619 Esobelle
1585 573 1667 620 sue
1693 573 1874 635 sponse.

252 788 262 797 .
314 787 323 797 .
372 748 549 797 Pateat
596 786 606 797 .
656 786 665 797 .
725 786 735 796 .
793 764 885 796 nos
931 746 1103 797 Dauid
1149 787 1159 798 .
1208 789 1218 798 .
1267 789 1277 799 .
1325 753 1550 802 abbatem
1604 793 1614 803 .
1663 793 1672 803 .
1722 793 1732 803 .
1779 755 1840 803 de
1885 755 2218 804 Abirbrothoc

190 878 201 889 .
230 878 241 889 .
269 877 280 889 .
307 840 532 889 affedafl'e
563 878 574 889 .
613 877 624 888 .
666 878 676 889 .
718 838 1007 887 Alexandro
1032 839 1248 890 Annane
1272 851 1322 892 et
1345 843 1567 894 Esobelle
1590 846 1672 894 sue
1696 847 1862 910 sponse
1898 886 1908 895 .
1948 885 1958 895 .
1995 884 2006 895 .
2048 855 2096 895 et
2123 847 2219 895 suis

188 932 435 997 affignatis
460 931 725 981 dummodo
750 948 852 979 non
876 931 972 980 fint
994 932 1195 980 maioris
1221 934 1370 983 status
1406 973 1416 984 .
1458 974 1468 984 .
1510 972 1522 984 .
1564 954 1708 1001 quam
1732 938 1832 1002 ipse
1870 975 1880 986 .
1920 977 1929 987 .
1971 975 1983 986 .
2022 946 2071 987 et
2109 978 2117 987 .
2159 975 2170 986 .
2207 977 2217 986 .

188 1024 512 1073 admittantur
529 1040 620 1089 per
633 1040 724 1071 nos
748 1061 759 1073 .
785 1059 795 1072 .
823 1060 835 1071 .
860 1040 952 1088 pro
978 1023 1201 1072 terminis
1226 1025 1397 1074 decem
1421 1034 1470 1075 et
1487 1044 1665 1076 nouem
1681 1045 1920 1077 annorum
1954 1064 1966 1076 .
1995 1066 2005 1076 .
2035 1066 2045 1077 .
2066 1036 2218 1078 terras

189 1115 303 1164 ville
327 1115 492 1164 nostre
518 1115 579 1164 de
600 1114 975 1181 Myddilpersye
1000 1131 1095 1179 que
1117 1123 1323 1165 vocatur
1348 1116 1556 1182 Bagraw
1579 1136 1689 1168 cum
1714 1119 1915 1168 decimis
1938 1120 2218 1185 garbalibus

192 1246 202 1256 .
247 1243 259 1255 .
299 1244 311 1256 .
352 1208 566 1256 termino
592 1224 712 1256 vero
735 1206 969 1256 introitus
1009 1244 1021 1256 .
1060 1245 1072 1256 .
1114 1246 1124 1256 .
1162 1208 1434 1273 incipiente
1458 1210 1509 1258 in
1541 1210 1662 1259 festo
1686 1211 2031 1260 Penthecostes
2055 1213 2220 1261 datam

189 1299 495 1364 presencium
518 1299 801 1348 immediate
825 1300 1058 1363 sequente
1096 1339 1106 1349 .
1145 1335 1158 1349 .
1194 1337 1221 1367 ‚⁴
1249 1299 1497 1349 Soluendo
1530 1340 1541 1350 .
1581 1339 1591 1350 .
1635 1339 1646 1358 ,
1687 1303 1857 1352 decem
1879 1299 2069 1352 ma‘rcas
2107 1341 2118 1350 .
2157 1342 2165 1349 .
2207 1340 2217 1349 .

190 1399 384 1441 monete
423 1431 432 1441 .
474 1430 484 1441 .
527 1431 538 1441 .
579 1391 755 1442 Scocie
781 1391 846 1440 ad
869 1392 992 1440 duos
1016 1393 1134 1441 anni
1166 1394 1404 1442 terminos
1447 1431 1458 1442 .
1502 1432 1512 1443 .
1556 1431 1567 1442 .
1607 1411 1718 1442 cum
1743 1396 1966 1444 omnibus
1991 1396 2220 1444 oneribus

102 1527 112 1531 -
188 1484 554 1533 husbandorum
597 1501 697 1533 vna
739 1501 851 1533 cum
893 1491 1121 1550 rynmart
1156 1492 1206 1533 et
1241 1486 1443 1551 weddyr
1478 1493 1528 1535 et
1568 1487 1828 1535 duodecim
1863 1487 2128 1551 caponibus
2164 1503 2220 1533 ac

64 2467 146 2536 l2102

189 1577 393 1626 totidem
425 1577 573 1641 pullis
603 1577 731 1626 bene
760 1575 911 1641 pastis
953 1615 963 1626 .
1002 1614 1014 1625 .
1054 1615 1064 1626 .
1107 1576 1218 1626 Nec
1252 1577 1421 1626 licebit
1454 1577 1684 1641 prediffls
1725 1615 1736 1626 .
1779 1615 1789 1625 .
1830 1614 1842 1625 .
1881 1578 2033 1626 dictas
2068 1584 2223 1625 terras

242 1707 253 1717 .
293 1706 305 1717 .
342 1686 455 1719 cum
479 1669 685 1718 decimis
709 1708 720 1719 .
747 1706 759 1718 .
793 1708 803 1719 .
841 1668 992 1718 alicui
1028 1706 1039 1718 .
1079 1705 1090 1717 .
1127 1707 1138 1718 .
1175 1669 1389 1718 affedare
1414 1668 1513 1717 fine
1537 1669 1703 1716 nostra
1725 1668 1936 1717 licencia
1964 1706 2010 1717 ..
2048 1705 2058 1715 .
2096 1675 2223 1715 cota·

190 1761 276 1810 riis
313 1800 323 1810 .
356 1800 366 1810 .
399 1800 409 1810 .
445 1761 665 1826 exceptis
689 1789 700 1799 ·
724 1761 791 1811 Et
815 1761 850 1810 fi
885 1799 897 1811 .
934 1798 946 1809 .
984 1799 995 1811 .
1033 1761 1162 1810 male
1202 1761 1536 1826 persoluentes
1575 1760 1654 1808 vel
1693 1759 1832 1808 nobis
1868 1796 1879 1808 .
1916 1797 1926 1807 .
1962 1797 1971 1807 .
2008 1759 2224 1806 iniuriofi

190 1854 444 1904 extiterint
482 1893 492 1904 .
530 1891 540 1902 .
578 1892 588 1902 .
628 1854 800 1904 licebit
833 1854 976 1903 nobis
1012 1892 1024 1903 .
1061 1891 1072 1903 .
1111 1891 1120 1901 .
1158 1854 1220 1902 de
1258 1891 1269 1902 .
1297 1891 1309 1902 .
1335 1892 1345 1903 .
1372 1853 1519 1902 terris
1545 1869 1657 1901 cum
1682 1851 1882 1900 decimis
1908 1888 1918 1898 .
1945 1888 1956 1899 .
1982 1889 1992 1899 .
2025 1851 2086 1898 ad
2123 1887 2134 1897 .
2171 1888 2181 1898 .
2215 1889 2224 1897 .

190 1946 383 1996 libitum
418 1984 430 1995 .
468 1984 479 1995 .
513 1984 524 1994 .
559 1946 818 2011 disponere
856 1983 869 1995 .
909 1983 921 1995 .
955 1985 966 1995 .
1005 1945 1160 2011 Apud
1203 1982 1215 1994 .
1255 1983 1267 1994 .
1305 1982 1317 1994 .
1353 1943 1701 1993 monasterium
1724 1943 1925 2008 septimo
1950 1942 2029 1990 die
2053 1941 2225 1990 menfis

190 2037 404 2104 Augusti
427 2055 557 2087 anno
581 2037 790 2088 Domini
812 2037 1068 2087 millesimo
1093 2037 1572 2102 quadringentesimo
1597 2034 1907 2098 nonogesimo
1933 2051 2078 2082 nono.

191 2284 356 2374 Fyvy
377 2309 687 2374 presentatur
710 2309 940 2359 dominus
961 2309 1192 2358 Andreas
1216 2308 1435 2358 Paniter.

196 2527 208 2539 .
249 2528 261 2539 .
302 2529 313 2539 .
356 2491 610 2542 Willelmo
649 2530 660 2541 .
701 2529 713 2541 .
755 2530 767 2542 .
799 2493 1026 2558 episcopo
1069 2492 1413 2541 Aberdonenfi
1453 2492 1623 2542 Dauid
1654 2493 1801 2541 abbas
1838 2529 1849 2540 .
1889 2529 1900 2540 .
1939 2529 1950 2539 .
1993 2492 2053 2539 de
2077 2490 2223 2539 Abir-

193 2583 399 2633 brothoc
433 2623 444 2634 .
484 2621 495 2633 .
536 2622 548 2633 .
585 2585 899 2635 reuerencias
929 2622 941 2634 .
978 2621 990 2633 .
1021 2623 1032 2635 .
1068 2584 1153 2635 Ad
1177 2584 1410 2633 vicariam
1435 2583 1794 2649 penflonariam
1818 2583 2075 2631 duodecim
2099 2599 2222 2630 mar-

193 2690 360 2724 carum
397 2712 409 2724 .
449 2712 461 2724 .
498 2712 510 2724 .
547 2684 745 2726 monete
783 2714 795 2726 .
834 2714 846 2726 .
885 2714 898 2726 .
940 2676 1112 2726 Scocie
1147 2676 1349 2726 ecclefie
1373 2675 1695 2740 parrochialis
1719 2676 1779 2723 de
1802 2674 1945 2740 Fyvy
1970 2682 2222 2723 vacantem

194 2803 204 2814 .
241 2804 250 2814 .
293 2805 303 2814 .
342 2783 432 2831 per
463 2767 652 2816 obitum
686 2803 699 2816 .
737 2805 747 2816 .
786 2806 797 2817 .
839 2768 1028 2817 domini
1065 2768 1344 2818 Alexandri
1384 2767 1642 2832 Lychtone
1677 2803 1688 2815 .
1728 2803 1740 2814 .
1780 2802 1791 2814 .
1834 2765 2082 2814 dominum
2118 2764 2222 2812 An-

194 2857 363 2907 dream
385 2858 591 2908 Paniter
613 2859 936 2924 presbiterum
965 2858 1320 2909 Sanffiandree
1352 2858 1554 2908 diocefis
1589 2858 1875 2923 paternitati
1898 2857 2054 2907 vestre
2086 2873 2220 2904 reue-

195 2950 347 2999 rende
386 2951 721 3015 presentamus
768 2990 778 3000 .
832 2990 842 3000 .
896 2988 907 2999 .
949 2950 1104 3015 Apud
1146 2987 1158 2998 .
1203 2988 1214 2999 .
1259 2989 1270 3000 .
1314 2951 1582 3015 capitulum
1622 2951 1842 2999 vicefimo
1879 2965 2008 2997 nono
2051 2947 2220 2995 menfis

193 3038 422 3090 Januarii
445 3059 575 3091 anno
600 3042 806 3091 Domini
831 3047 899 3089 m⁰
923 3047 1087 3091 cccc¹¹²⁰
1110 3043 1423 3107 nonogefimo
1448 3042 1533 3090 ix0.
