2762 3834
599 361 695 410 :368
1047 355 1472 409 REGISTRUM
1506 355 1603 403 DE
1632 352 2196 418 *ABERBROTHOO

600 493 785 541 boriam
825 522 835 532 ·
873 509 931 540 ac
967 491 1120 540 eciam
1160 491 1284 538 illud
1320 489 1569 552 integrum
1603 494 1942 536 tenementum
1979 503 2091 535 cum
2122 487 2444 551 pertinenciis
2482 487 2645 537 iacens

600 586 650 634 in
675 586 848 634 eodem
872 585 1028 648 burgo
1054 600 1113 631 ex
1138 590 1278 646 parte
1304 578 1603 628 occidentali
1627 578 1681 626 in
1707 577 1997 627 Rattonraw
2022 578 2153 627 inter
2182 586 2366 627 terram
2400 579 2436 628 J
2440 579 2645 629 ohannis

604 676 865 726 Galbraith
908 675 970 722 ad
1011 673 1201 721 boriam
1237 679 1285 720 et
1325 679 1508 719 terram
1550 669 1585 718 J
1590 669 1798 717 ohannis
1828 669 2075 719 Aldstone
2111 671 2175 719 ad
2206 669 2422 719 austrum
2460 698 2469 707 ·
2499 682 2646 735 prout

602 779 771 818 tenore
796 765 1102 831 presencium
1130 764 1331 812 confero
1352 763 1572 811 concedo
1598 762 1661 809 do
1687 768 1736 810 et
1761 761 1999 810 confirmo
2024 789 2035 800 ·
2059 761 2192 810 Volo
2212 770 2376 811 autem
2401 770 2450 811 et
2472 763 2645 812 ordino

602 861 674 907 ius
697 866 987 923 patronatus
1013 856 1338 905 collacionem
1365 854 1463 902 siue
1489 853 1814 902 donacionem
1840 852 1957 901 diai
1981 853 2153 903 altaris
2179 872 2290 903 cum
2320 855 2519 920 singulis
2552 854 2646 904 suis

599 949 917 1016 pertinenciis
953 949 1017 997 ad
1052 965 1130 996 me
1161 947 1397 1011 quamdiu
1431 946 1584 994 vitam
1619 946 1672 994 in
1706 946 1935 995 humanis
1960 947 2148 996 duxero
2173 955 2222 996 et
2246 948 2368 997 meis
2393 949 2646 1013 completis

602 1045 697 1092 vite
734 1043 905 1091 diebus
941 1042 1005 1090 ad
1039 1040 1367 1105 principalem
1403 1039 1525 1087 mihi
1567 1038 1992 1103 consanguinitate
2031 1039 2250 1088 iunctum
2292 1040 2344 1088 in
2385 1040 2649 1105 parrochia

600 1137 725 1185 diste
762 1133 962 1183 ecclesie
997 1132 1326 1198 parrochialis
1363 1133 1425 1181 de
1461 1130 1704 1180 Arbroith
1735 1138 1956 1196 tempore
1982 1132 2254 1181 vacationis
2278 1132 2397 1180 diai
2421 1133 2648 1200 altaragii

599 1245 686 1292 per
734 1224 978 1275 decessum
1025 1233 1111 1274 aut
1156 1223 1539 1290 resignationem
1587 1223 1670 1272 seu
1717 1223 2040 1272 dimissionem
2087 1224 2236 1289 pleno
2283 1225 2391 1273 iure
2431 1225 2646 1290 spectare
2689 1282 2702 1290 ‚

600 1319 862 1367 dummodo
922 1317 1231 1382 capellanum
1290 1317 1542 1382 ydoneum
1598 1315 1731 1363 infra
1783 1314 1991 1380 triginta
2037 1315 2229 1364 dierum
2275 1316 2491 1381 spacium
2542 1318 2648 1383 post
2723 1349 2727 1354 Α

598 1419 805 1460 mortem
842 1410 1041 1458 discreti
1075 1409 1171 1457 viri
1203 1407 1558 1473 consanguinei
1593 1407 1692 1455 mei
1731 1407 1917 1455 domini
1955 1407 2234 1456 Alexandri
2272 1408 2484 1458 Browne
2514 1427 2645 1460 nunc

599 1521 687 1567 per
720 1520 797 1551 me
831 1503 895 1551 ad
922 1502 1079 1566 ipsum
1109 1500 1370 1550 seruicium
1403 1499 1681 1549 institutum
1705 1499 1786 1548 uel
1812 1499 2146 1564 cuiuscunque
2171 1500 2373 1550 alterius
2403 1503 2646 1568 capellani

598 1595 815 1644 ciusdem
862 1594 1086 1643 instituat
1134 1621 1143 1631 ·
1191 1592 1411 1657 alioquin
1454 1592 1730 1657 plenariam
1778 1592 2147 1657 disposicionem
2194 1593 2520 1643 donacionem
2566 1595 2647 1645 seu

599 1688 917 1735 collacionem
956 1686 1084 1734 diae
1122 1684 1396 1750 capellanie
1431 1701 1523 1749 pro
1557 1683 1649 1733 hac
1674 1684 1783 1734 vice
1808 1691 2002 1739 tantum
2027 1685 2239 1733 dominis
2263 1686 2385 1735 meis
2409 1687 2576 1737 abbati
2599 1695 2647 1737 et

599 1780 866 1828 conuentui
913 1777 1195 1827 monasterii
1243 1776 1410 1827 San&i
1450 1777 1644 1827 Thome
1692 1777 1909 1826 martiris
1946 1778 2009 1826 de
2049 1778 2290 1827 Arbroith
2328 1787 2376 1827 et
2414 1781 2647 1843 quociens

598 1873 667 1920 ita
704 1871 969 1935 contigerit
1002 1872 1244 1919 duntaxat
1269 1870 1382 1919 volo
1422 1869 1674 1935 pertinere
1711 1898 1721 1908 ·
1761 1868 1893 1917 Volo
1935 1869 2092 1918 eciam
2133 1879 2183 1919 et
2223 1871 2399 1919 ordino
2440 1872 2574 1935 quod
2611 1871 2645 1921 fi

600 1965 856 2028 contingat
881 1964 999 2011 diffi
1025 1964 1194 2012 altaris
1221 1963 1530 2028 capellanum
1555 1978 1645 2026 pro
1670 1968 1893 2025 tempore
1918 1961 2207 2010 existentem
2232 1980 2262 2010 a
2285 1963 2414 2011 disto
2439 1963 2644 2013 seruicio

600 2057 686 2104 nifi
718 2057 1017 2105 infirmitatis
1053 2057 1213 2105 alioue
1246 2055 1487 2104 racionali
1520 2055 1876 2119 impedimento
1918 2053 2074 2103 abesse
2116 2055 2248 2104 idem
2289 2055 2551 2105 seruicium
2588 2073 2645 2106 eo
2724 2120 2726 2124 ‚

600 2149 701 2212 ipso
727 2148 832 2213 post
859 2149 1064 2213 triginta
1096 2149 1284 2197 dierum
1312 2148 1530 2213 spacium
1555 2164 1584 2195 a
1606 2147 1768 2211 primo
1793 2146 1873 2195 die
1898 2146 1980 2195 sue
2005 2146 2230 2196 absencie
2264 2149 2645 2213 computandum

602 2259 776 2289 vacare
826 2241 1012 2289 censeri
1058 2240 1150 2290 ista
1196 2241 1496 2289 fundacione
1540 2256 1640 2287 non
1690 2237 1913 2286 obstante
1961 2238 2159 2287 declaro
2204 2248 2253 2288 et
2298 2257 2448 2289 vnum
2496 2241 2644 2290 alium

601 2333 910 2397 capellanum
945 2333 1192 2398 ydoneum
1229 2332 1584 2380 instituendum
1619 2332 1672 2379 in
1708 2330 1917 2379 seruicio
1959 2332 2205 2380 antedicsto
2246 2362 2256 2372 ·
2297 2332 2355 2381 In
2400 2334 2538 2382 cuius
2572 2335 2643 2383 rei

600 2423 929 2483 testimonium
962 2424 1170 2489 sigillum
1203 2441 1365 2472 meum
1398 2423 1514 2471 huic
1547 2422 1763 2487 presenti
1797 2422 2077 2471 fundationi
2109 2423 2178 2472 est
2214 2426 2479 2489 appensum
2515 2426 2644 2491 apud

606 2515 939 2563 Abirbrothoc
965 2524 1055 2564 etc.
1083 2533 1213 2564 anno
1233 2516 1439 2564 Domini
1459 2521 1526 2563 m⁰
1545 2515 1782 2580 quingen⁰
1801 2515 1868 2562 vi⁰
1893 2544 1903 2555 ·
1931 2514 2297 2579 Quamquidem
2322 2518 2643 2567 donacionem

604 2606 930 2670 predi&arum
985 2616 1229 2656 terrarum
1278 2618 1326 2657 et
1371 2608 1646 2672 capellanie
1701 2607 2051 2655 fundacionem
2099 2615 2153 2656 ut
2198 2608 2528 2673 supratastum
2576 2609 2643 2658 est

606 2715 715 2746 cum
743 2698 968 2746 omnibus
994 2707 1043 2747 et
1067 2699 1265 2763 fingulis
1301 2700 1623 2763 pertinenciis
1661 2707 1710 2748 et
1745 2698 1968 2747 articulis
2003 2699 2162 2748 modis
2186 2707 2235 2748 et
2259 2700 2643 2750 circumstanciis

606 2790 700 2840 suis
742 2790 899 2837 forma
944 2790 1130 2853 pariter
1173 2798 1221 2838 et
1259 2791 1431 2838 effe&u
1479 2793 1809 2856 approbamus
1850 2792 2149 2842 ratificamus
2191 2801 2240 2842 et
2285 2793 2643 2859 imperpetuum

607 2882 950 2933 confirmamus
974 2898 1063 2946 per
1086 2882 1337 2946 presentes
1373 2911 1383 2920 ·
1419 2883 1479 2932 In
1510 2885 1648 2932 cuius
1680 2884 1755 2932 rei
1790 2883 2119 2932 testimonium
2155 2884 2363 2950 sigillum
2391 2902 2643 2935 commune

608 2974 810 3038 capituli
835 2974 988 3021 nostri
1019 2974 1323 3038 presentibus
1360 2975 1430 3023 est
1466 2977 1731 3040 appensum
1763 2976 1896 3040 apud
1919 2976 2050 3025 idem
2076 2977 2344 3041 capitulum
2370 2978 2542 3041 quinto
2566 2977 2642 3026 dio

608 3064 779 3116 mensis
804 3064 838 3113 J
842 3064 929 3119 ulii
955 3082 1085 3122 anno
1110 3064 1317 3113 Domini
1341 3072 1408 3112 m⁰
1433 3065 1822 3131 quingentesimo
1848 3067 1925 3117 vi⁰.
