2762 3834
596 420 658 466 38
1040 401 1467 460 REGISTRUM
1501 400 1600 450 DE
1636 395 2201 449 ABERBROTHOC.

595 548 828 598 Andreas
850 544 979 593 filius
1003 542 1122 591 diai
1146 540 1180 589 J
1183 537 1393 588 ohannis
1416 551 1508 600 pro
1533 532 1579 581 se
1607 538 1656 580 et
1678 530 1946 580 heredibus
1968 529 2067 580 suis
2097 531 2341 597 legittime
2371 534 2647 598 procreatis

595 648 646 692 et
680 635 1009 705 procreandis·
1037 633 1184 681 modo
1222 646 1320 694 quo
1358 628 1506 708 supra
1540 625 1721 673 dietam
1753 630 1941 673 terram
1971 622 2129 673 libere
2160 622 2419 688 poffidebit
2461 654 2483 672 -.
2515 625 2582 674 Et
2612 625 2647 673 fi

595 732 851 795 contingat
875 728 1057 776 dietum
1083 724 1338 773 Andream
1387 757 1400 769 .
1445 755 1456 767 .
1502 755 1515 768 .
1565 716 1646 765 vel
1669 715 1880 764 heredes
1905 714 2014 764 suos
2036 715 2090 765 in
2114 715 2219 765 fata
2242 717 2486 767 decedere
2508 718 2647 766 nullo

592 824 775 873 herede
824 857 836 869 .
886 857 898 870 .
949 857 960 867 .
1008 815 1264 882 superstite
1306 811 1590 861 Willelmus
1639 807 1821 856 Fraser
1866 807 2023 857 frater
2070 808 2177 857 eius
2225 815 2274 857 et
2319 808 2531 858 heredes
2576 810 2648 858 sui

592 914 833 980 legittime
874 912 936 960 de
974 925 1181 973 corpore
1222 906 1308 954 suo
1342 901 1594 969 procreati
1633 938 1644 950 .
1685 938 1697 949 .
1737 937 1749 949 .
1787 907 1976 949 terram
2011 901 2074 950 de
2109 900 2329 966 Forglen
2364 902 2513 951 modo
2550 920 2648 967 quo

592 1006 812 1072 superius
848 1040 860 1053 .
900 1039 912 1051 .
951 1039 962 1049 .
998 998 1318 1066 poffidebunt-
1347 995 1484 1044 salua
1519 994 1664 1043 nobis
1714 1030 1726 1042 .
1777 1028 1789 1041 .
1840 1030 1852 1042 .
1900 993 2166 1060 regalitate
2204 994 2257 1043 in
2299 995 2473 1043 eadem
2514 1002 2651 1044 terra

591 1099 724 1147 saluo
750 1095 906 1145 eciam
931 1094 1037 1141 iure
1062 1089 1319 1142 cuiussibet
1354 1117 1364 1127 ·
1402 1087 1683 1137 Reddendo
1714 1085 1834 1135 inde
1871 1122 1884 1134 .
1926 1123 1937 1134 .
1977 1123 1989 1134 .
2027 1086 2286 1149 annuatim
2318 1086 2652 1151 quadraginta

593 1190 769 1239 solidos
788 1186 1143 1251 'sterlingorum
1172 1182 1236 1231 ad
1261 1182 1384 1230 duos
1409 1180 1527 1229 anni
1566 1177 1806 1228 terminos
1855 1214 1867 1226 .
1918 1215 1930 1227 .
1982 1215 1992 1226 .
2043 1178 2201 1226 distus
2235 1196 2354 1227 vero
2390 1179 2426 1228 J
2430 1180 2650 1230 ohannes

593 1290 641 1332 et
682 1281 891 1330 heredes
931 1278 1003 1326 sui
1063 1314 1074 1325 .
1138 1313 1149 1325 .
1210 1312 1221 1323 .
1279 1291 1337 1323 ac
1377 1273 1536 1322 eciam
1576 1272 1808 1321 Andreas
1850 1279 1900 1321 et
1942 1271 2222 1321 Willelmus
2265 1291 2323 1323 ac
2360 1273 2451 1323 filii
2491 1276 2564 1324 sui
2603 1284 2651 1325 et

591 1373 798 1423 heredes
821 1371 894 1419 sui
934 1408 945 1419 .
989 1407 999 1418 .
1043 1406 1053 1417 .
1090 1367 1232 1416 nobis
1269 1404 1281 1415 .
1321 1403 1333 1416 .
1373 1403 1385 1414 .
1421 1365 1709 1430 homagium
1747 1371 1797 1414 et
1833 1364 2095 1414 seruicium
2120 1365 2509 1416 nichilhominus
2533 1368 2652 1417 faci-

594 1468 721 1517 endo
759 1494 769 1504 ·
807 1464 942 1514 Diffi
982 1462 1140 1511 eciam
1182 1461 1442 1510 Johannes
1480 1467 1529 1508 et
1565 1457 1777 1507 heredes
1801 1457 1874 1506 sui
1913 1495 1924 1506 .
1964 1494 1976 1506 .
2015 1495 2027 1506 .
2065 1475 2123 1506 ae
2157 1458 2317 1507 eciam
2342 1460 2577 1509 Andreas
2603 1469 2651 1510 et

595 1559 872 1609 Willelmus
910 1574 969 1606 ac
1005 1555 1214 1605 heredes
1251 1554 1324 1602 sui
1362 1590 1374 1602 .
1414 1591 1425 1601 .
1464 1590 1475 1601 .
1513 1552 1653 1601 nullo
1690 1552 1838 1600 modo
1875 1551 2057 1601 dietam
2091 1559 2278 1602 terram
2316 1591 2327 1601 .
2367 1590 2379 1602 .
2419 1591 2431 1603 .
2469 1554 2652 1604 aliena-

592 1655 717 1702 bunt
757 1650 857 1699 fine
898 1648 1066 1698 nostra
1115 1685 1126 1696 .
1176 1685 1187 1696 .
1238 1684 1250 1696 .
1298 1646 1512 1695 licencia
1548 1644 1750 1710 speciali
1799 1682 1811 1694 .
1855 1682 1874 1695 ,.
1923 1682 1934 1692 .
1982 1644 2050 1694 Et
2090 1643 2125 1692 fi
2168 1645 2428 1712 contingat
2469 1647 2653 1697 dmum

593 1745 876 1794 Johannem
918 1749 1003 1791 aut
1040 1740 1248 1790 heredes
1297 1778 1309 1789 .
1360 1777 1371 1789 .
1424 1776 1436 1788 .
1486 1745 1572 1788 aut
1613 1738 1770 1791 dictos
1809 1737 2070 1790 Andream
2112 1748 2162 1788 et
2201 1738 2526 1789 Willelmumv
2553 1738 2653 1789 fiue

593 1837 803 1886 heredes
842 1872 853 1883 .
893 1872 903 1883 .
943 1871 955 1882 .
991 1833 1171 1898 absque
1202 1833 1471 1882 heredibus
1511 1833 1573 1882 de
1613 1832 1907 1897 corporibus
1942 1832 2040 1881 suis
2086 1870 2097 1881 .
2149 1869 2162 1881 .
2213 1869 2226 1883 .
2271 1833 2485 1884 deficere
2524 1835 2653 1885 dicta

596 1938 731 1991 terra
761 1929 823 1977 de
854 1926 1071 1992 Forglen
1109 1962 1121 1975 .
1161 1964 1172 1974 .
1212 1962 1224 1974 .
1261 1926 1325 1975 ad
1362 1963 1373 1974 .
1413 1962 1425 1974 .
1464 1962 1477 1974 .
1515 1926 1745 1975 abbatem
1785 1933 1835 1974 et
1873 1932 2175 1975 conuentum
2214 1927 2276 1976 de
2312 1926 2652 1977 Abirbrothoc

728 2058 741 2070 .
790 2027 1072 2070 reuertetur
1110 2045 1120 2055 ·
1160 2017 1222 2067 In
1261 2018 1400 2067 cuius
1436 2018 1512 2067 rei
1551 2019 1886 2069 testimonium
1923 2019 2142 2085 presenti
2180 2028 2320 2070 carte
2355 2022 2525 2072 nostre
2562 2040 2654 2089 per

596 2115 795 2163 modum
843 2111 1126 2179 cyrograffy
1173 2112 1395 2161 confe&e
1439 2111 1662 2161 nostrum
1710 2113 2027 2179 apposuimus
2072 2111 2286 2179 figillum
2340 2132 2602 2166 commune
2642 2148 2651 2158 ·

597 2206 741 2256 alteri
786 2221 904 2255 vero
951 2203 1082 2270 parti
1140 2204 1287 2254 huius
1335 2213 1472 2255 carte
1521 2204 1734 2271 figillum
1783 2205 1902 2255 diai
1953 2205 1990 2255 J
1992 2205 2203 2255 ohannis
2257 2206 2532 2272 appofitum
2584 2209 2654 2258 e'st

594 2307 824 2365 patenter
862 2327 873 2339 ·
912 2298 1034 2348 teste
1071 2299 1246 2348 eodem
1283 2299 1503 2364 capitulo
1542 2298 1711 2348 nostro
1751 2300 1887 2364 apud
1930 2296 2274 2349 Abirbrothoc
2313 2300 2530 2350 secundo
2572 2302 2655 2351 die

596 2392 772 2442 mensis
797 2392 978 2441 Marcii
1003 2409 1133 2441 anno
1159 2391 1453 2457 supradicto.

600 2574 775 2647 Carta
795 2595 1044 2661 hostilagii
1070 2603 1119 2645 et
1144 2603 1398 2645 terrarum
1418 2596 1479 2645 de
1508 2594 1840 2663 Strewylyng.

488 2767 550 2808 40
602 2738 813 2812 Notum
839 2759 894 2810 fit
936 2798 947 2809 .
995 2798 1006 2809 .
1054 2798 1065 2809 .
1102 2762 1236 2825 quod
1259 2779 1349 2811 nos
1372 2761 1630 2811 Johannes
1674 2800 1686 2812 .
1736 2801 1747 2812 .
1797 2801 1808 2811 .
1851 2763 2004 2813 abbas
2044 2799 2056 2812 .
2104 2799 2116 2812 .
2164 2800 2176 2812 .
2214 2762 2277 2812 de
2312 2761 2654 2812 Abirbrothoc

606 2891 616 2901 .
669 2890 680 2901 .
718 2889 743 2904 ,.
786 2853 848 2901 de
892 2890 904 2901 .
954 2890 966 2901 .
1016 2890 1029 2901 .
1071 2853 1304 2902 consensu
1347 2889 1360 2901 .
1412 2893 1423 2903 .
1474 2893 1486 2904 .
1528 2855 1734 2921 capituli
1763 2854 1918 2904 nostri
1942 2856 2117 2904 damus
2163 2892 2175 2904 .
2227 2892 2238 2904 .
2289 2892 2301 2904 .
2344 2854 2567 2904 Roberto
2592 2855 2654 2902 de
2708 2901 2712 2904 ⁴

601 2943 950 3013 Dunbrettane
975 2952 1024 2994 et
1047 2944 1309 2994 heredibus
1332 2946 1428 2995 suis
1450 2964 1619 2997 omnes
1642 2956 1802 2998 terras
1825 2948 2019 2998 nostras
2038 2949 2263 3013 jacentes
2285 2947 2419 2996 infra
2440 2948 2653 3012 burgum

604 3037 666 3085 de
694 3034 991 3101 Strevelyng
1015 3063 1027 3074 ·
1052 3036 1316 3086 Tenendas
1353 3075 1364 3086 .
1403 3075 1415 3087 .
1458 3076 1470 3088 .
1506 3040 1560 3089 in
1578 3040 1790 3089 liberum
1813 3041 2113 3107 burgagium
2136 3040 2188 3088 in
2214 3040 2361 3089 feodo
2387 3047 2437 3089 et
2459 3039 2652 3089 heredi-

603 3135 704 3178 tate
738 3128 1099 3193 imperpetuum
1137 3165 1149 3177 .
1188 3166 1200 3176 .
1239 3166 1252 3177 .
1290 3147 1399 3179 cum
1440 3133 1665 3182 omnibus
1702 3170 1715 3183 .
1756 3170 1767 3182 .
1807 3170 1818 3182 .
1854 3133 2181 3198 pertinenciis
2211 3133 2308 3182 suis
2343 3132 2478 3182 salua
2511 3132 2653 3187 nobis

601 3220 796 3270 iusticia
818 3220 1090 3285 regalitatis
1115 3228 1164 3269 et
1198 3221 1308 3270 aliis
1341 3222 1537 3287 placitis
1571 3225 1751 3275 nostris
1785 3226 1838 3275 in
1861 3225 2005 3275 ‚dietis
2041 3225 2190 3276 terris
2214 3242 2327 3275 cum
2352 3225 2653 3275 voluerimus
