2762 3834
639 391 734 440 166
1079 384 1495 440 REGISTRUM
1527 383 1625 433 DE
1660 382 2218 434 ABERBROTHOC.

636 523 848 571 eiusdem
870 522 1148 586 ordinisque
1171 518 1427 585 profefl'um
1453 524 1502 565 et
1524 516 1741 580 priorem
1765 516 1884 564 diffl
1910 515 2064 563 nostri
2092 515 2375 564 monasterii
2397 516 2450 563 in
2477 516 2667 579 spiritu·

636 613 793 661 alibus
816 620 865 661 et
887 611 1236 677 temporalibus
1263 609 1421 656 virum
1446 605 1844 669 circumspefilmm
1869 605 2153 670 religiosum
2178 613 2228 654 et
2250 606 2499 671 ydoneum
2524 606 2668 655 etatis

635 703 872 765 legittime
895 720 953 751 ac
976 703 1028 750 in
1053 700 1332 750 sacerdocio
1357 697 1670 747 constitutum
1696 703 1813 744 vota
1834 695 2003 745 nostra
2026 706 2075 746 et
2099 713 2209 745 cum
2237 714 2335 745 vna
2358 714 2477 751 voce
2497 714 2555 746 ac
2574 714 2667 745 vno

635 793 802 856 spiritu
824 793 874 840 in
899 792 1116 839 nostrum
1152 828 1163 839 .
1203 827 1214 838 .
1254 827 1265 837 .
1303 788 1540 853 elegimus
1554 787 1780 836 abbatem
1811 824 1822 835 .
1852 824 1863 835 .
1892 824 1904 835 .
1930 787 2062 836 dieto
2079 788 2333 852 suppriore
2360 825 2371 836 .
2398 825 2409 836 .
2433 825 2444 836 .
2470 789 2668 836 nomine

633 883 847 931 nostrum
887 919 899 930 .
937 919 948 930 .
988 918 999 929 .
1037 881 1323 936 eleffionem
1358 879 1719 944 pronunciante
1753 877 1806 925 in
1848 877 2007 926 forma
2047 878 2279 942 sequente
2319 907 2329 917 -
2371 877 2432 926 In
2468 879 2668 926 nomine

634 975 794 1022 Patris
818 981 867 1022 et
890 973 1006 1021 Filii
1028 980 1077 1021 et
1104 972 1317 1036 Spiritus
1344 970 1510 1020 Sanffi
1529 987 1621 1035 ego
1642 969 1678 1017 J
1680 968 1900 1017 ohannes
1924 969 2150 1034 supprior
2174 969 2446 1018 claustralis
2470 969 2668 1018 ecclesie

634 1063 984 1112 monasterialis
1010 1065 1070 1112 de
1094 1062 1429 1112 Abirbrothoc
1465 1062 1573 1110 vice
1607 1078 1719 1110 mea
1753 1069 1803 1110 et
1833 1061 1991 1110 tocius
2027 1069 2300 1110 conuentus
2335 1078 2395 1109 ex
2429 1062 2669 1126 potestate

632 1156 749 1203 mihi
769 1164 818 1204 et
835 1155 925 1204 toti
942 1155 1157 1219 capitulo
1176 1155 1360 1203 tradita
1379 1162 1428 1202 et
1443 1153 1664 1203 concessa
1690 1191 1700 1202 .
1725 1191 1735 1201 .
1764 1191 1775 1202 .
1795 1154 2082 1219 magistrum
2102 1153 2372 1203 Ricardum
2391 1154 2452 1202 de
2474 1154 2668 1203 Guthre

631 1249 860 1295 inuocata
896 1284 907 1294 .
946 1284 957 1294 .
998 1283 1009 1294 .
1047 1245 1258 1310 Spiritus
1285 1245 1453 1295 Sanffi
1476 1246 1648 1310 gracia
1672 1245 1802 1309 eligo
1825 1245 1878 1293 in
1895 1245 2123 1294 abbatem
2142 1244 2344 1294 ecclesie
2381 1285 2390 1293 .
2424 1284 2433 1294 .
2471 1285 2480 1294 .
2504 1247 2669 1310 supra·

633 1338 759 1385 diste
785 1366 795 1376 ·
821 1337 1135 1385 Postmodum
1163 1354 1280 1386 vero
1318 1336 1557 1385 elea-„ione
1594 1336 1877 1385 huiusmodi
1916 1337 2046 1386 disto
2075 1337 2229 1385 eleeto
2253 1354 2342 1401 per
2366 1338 2668 1402 suppriorem

632 1438 680 1477 et
704 1429 969 1493 capitulum
994 1430 1273 1492 presentata
1296 1435 1345 1476 et
1367 1428 1522 1492 petito
1546 1429 1609 1476 ab
1633 1445 1691 1476 eo
1717 1437 1769 1477 vt
1803 1428 1939 1477 suum
1974 1430 2204 1493 preberet
2239 1429 2400 1478 eidem
2435 1430 2668 1478 assensum

631 1523 731 1586 ipse
755 1523 953 1571 tandem
979 1522 1151 1570 nolens
1175 1522 1344 1570 diuine
1368 1520 1588 1571 refistere
1614 1522 1856 1571 voluntati
1882 1522 2117 1570 continuo
2142 1522 2321 1571 annuit
2341 1523 2468 1570 uotis
2491 1522 2669 1570 nostris

632 1615 859 1663 eleffioni
885 1614 1190 1664 consenfiens
1215 1616 1276 1663 de
1299 1616 1347 1663 se
1369 1615 1494 1663 fa&e
1520 1643 1530 1654 ·
1557 1613 1810 1662 Eleffione
1835 1621 1998 1662 autem
2034 1651 2044 1661 .
2088 1652 2097 1662 .
2141 1654 2150 1662 .
2189 1613 2438 1662 celebrata
2461 1614 2667 1662 eandem

632 1723 721 1753 nos
746 1746 755 1753 .
782 1746 791 1753 .
818 1746 827 1754 .
853 1707 1080 1755 monachi
1104 1707 1355 1771 subscripti
1381 1706 1762 1771 approbauimus
1787 1712 1837 1754 et
1862 1705 2108 1753 cantando
2133 1705 2235 1753 alta
2259 1721 2380 1754 voce
2411 1705 2483 1753 Te
2502 1706 2667 1754 Deum

634 1799 889 1846 laudamus
913 1805 995 1847 etc.
1022 1799 1202 1847 dietum
1229 1799 1436 1847 eleetum
1451 1796 1667 1846 nostrum
1695 1797 1758 1845 ad
1784 1813 2015 1861 magnum
2040 1796 2196 1844 altare
2221 1805 2509 1845 reuerenter
2532 1797 2670 1844 duxi-

633 1905 739 1936 mus
764 1890 962 1953 ipsoque
988 1890 1038 1937 in
1061 1898 1241 1938 terram
1266 1888 1509 1955 prostrato
1536 1898 1588 1937 vt
1612 1888 1762 1936 moris
1787 1888 1856 1936 est
1880 1889 2027 1951 vsque
2052 1888 2116 1936 ad
2139 1888 2287 1936 finem
2311 1887 2481 1952 psalmi
2506 1888 2669 1952 supra-

635 1980 749 2027 diai
771 2009 780 2018 ·
804 1980 869 2027 Et
887 1980 1199 2029 incontinens
1218 1981 1373 2029 dietus
1389 1981 1613 2046 supprior
1627 1980 1915 2029 elefflonem
1935 1979 2088 2044 ipsam
2128 2018 2137 2027 .
2172 2018 2182 2028 .
2221 2018 2230 2027 .
2272 1979 2404 2028 clero
2420 1987 2469 2028 et
2489 1980 2669 2043 populo

635 2070 896 2119 solenniter
930 2072 1200 2135 publicauit
1225 2101 1235 2110 ·
1270 2072 1549 2137 Eapropter
1584 2073 1743 2121 vestre
1780 2111 1789 2120 .
1824 2111 1833 2120 .
1868 2110 1878 2121 .
1908 2071 2200 2136 paternitati
2236 2111 2245 2120 .
2279 2111 2288 2120 .
2327 2111 2335 2119 .
2374 2072 2670 2120 vnanimiter

636 2161 958 2225 supplicamus
983 2163 1212 2226 quatinus
1237 2164 1524 2212 eleffionem
1564 2204 1573 2212 .
1613 2203 1622 2213 .
1669 2204 1678 2212 .
1722 2164 2013 2213 ausboritate
2049 2163 2314 2228 apostolica
2351 2202 2359 2211 .
2398 2203 2406 2211 .
2447 2200 2458 2210 .
2496 2164 2670 2211 confir-

636 2269 770 2300 mare
795 2260 1055 2317 ceteraque
1091 2252 1178 2302 fibi
1214 2255 1377 2303 facere
1414 2294 1423 2303 .
1459 2293 1469 2303 .
1504 2293 1513 2304 .
1551 2273 1646 2320 que
1682 2256 1820 2304 vobis
1855 2255 2148 2304 incumbunt
2173 2294 2182 2303 .
2209 2294 2219 2303 .
2247 2293 2258 2303 .
2285 2255 2557 2320 dignemini
2584 2293 2593 2302 .
2620 2292 2630 2302 .
2658 2292 2667 2301 .

639 2343 869 2391 Ceterum
896 2352 947 2392 vt
982 2382 993 2392 .
1026 2381 1036 2392 .
1075 2382 1086 2393 .
1120 2345 1281 2394 vestra
1316 2383 1326 2393 .
1358 2384 1366 2393 .
1396 2385 1404 2393 .
1440 2349 1711 2411 paternitas
1736 2348 2002 2412 cognoscat
2018 2347 2302 2396 euidencius
2322 2354 2436 2396 vota
2450 2347 2667 2395 omnium

639 2433 851 2482 nostrum
875 2435 928 2482 in
962 2436 1193 2499 prediffls
1232 2474 1241 2485 .
1285 2475 1295 2484 .
1337 2475 1346 2485 .
1384 2440 1687 2488 concordare
1724 2477 1735 2487 .
1773 2477 1783 2487 .
1820 2478 1830 2487 .
1866 2439 2066 2504 presens
2102 2438 2353 2487 eleffionis
2389 2439 2552 2486 nostre
2587 2439 2668 2486 de-

641 2532 825 2571 cretum
863 2525 1020 2573 vestre
1057 2563 1067 2573 .
1100 2565 1110 2574 .
1150 2564 1160 2574 .
1195 2529 1483 2591 paternitati
1521 2531 1890 2580 transmittimus
1935 2530 2114 2578 nostris
2149 2567 2160 2576 .
2197 2566 2207 2577 .
2247 2567 2257 2577 .
2293 2529 2516 2578 manibus
2555 2566 2565 2577 .
2605 2567 2616 2576 .
2656 2566 2666 2576 .

643 2614 955 2678 subscriptum
982 2643 992 2653 ·
1019 2617 1150 2679 quod
1174 2619 1310 2666 etad
1343 2619 1576 2668 maiorem
1613 2623 1687 2671 rei
1722 2622 2031 2672 euidenciam
2066 2659 2076 2669 .
2114 2658 2124 2669 .
2163 2658 2174 2670 .
2210 2638 2300 2686 per
2332 2620 2667 2685 infrascriptos

643 2704 858 2752 notarios
881 2705 933 2752 in
957 2705 1161 2754 formam
1186 2709 1430 2772 publicam
1465 2713 1624 2777 redigi
1660 2714 1863 2763 fecimus
1902 2722 1952 2762 et
1988 2712 2144 2779 figillo
2178 2751 2187 2760 .
2228 2750 2238 2761 .
2278 2751 2288 2760 .
2325 2713 2528 2777 capituli
2561 2750 2571 2759 .
2608 2751 2618 2761 .
2655 2750 2665 2760 .

641 2796 864 2844 roborari
889 2798 1018 2860 apud
1048 2798 1392 2848 monasterium
1422 2802 1640 2852 nostrum
1678 2842 1688 2852 .
1724 2843 1734 2852 .
1769 2843 1779 2852 .
1814 2804 2119 2869 presentibus
2158 2842 2169 2852 .
2207 2842 2217 2852 .
2257 2841 2269 2852 .
2307 2803 2529 2852 Henrico
2562 2839 2574 2851 .
2608 2841 2618 2850 .
2654 2840 2665 2851 .

643 2888 868 2952 episcopo
894 2888 1106 2938 Rofl'enfi
1143 2928 1153 2938 .
1191 2929 1200 2938 .
1240 2929 1249 2939 .
1287 2893 1497 2942 dominis
1531 2904 1580 2944 et
1602 2895 1847 2960 magistris
1870 2894 2104 2943 Johanne
2139 2894 2387 2960 Kennedy
2421 2894 2663 2959 preposite

642 2981 828 3044 capelle
852 2981 987 3045 regie
1012 2982 1224 3031 ciuitatis
1262 2983 1612 3035 Sanffiandree
1635 3014 1646 3024 ·
1672 2986 1867 3035 Thoma
1903 2986 2067 3036 Grant
2102 2986 2295 3035 officiali
2333 2985 2631 3034 Morauienfi
2655 3011 2666 3022 ·

642 3072 917 3121 Laurencio
944 3071 1206 3122 Crennoch
1231 3076 1423 3124 notario
1446 3077 1643 3140 publico
1669 3107 1678 3117 ·
1705 3086 1754 3126 et
1780 3078 2008 3128 Gilberto
2035 3078 2174 3144 Tyre
2198 3081 2387 3128 re&ore
2406 3078 2467 3127 de
2491 3078 2631 3144 Lyne
2653 3105 2663 3115 ·

642 3179 752 3211 cum
775 3162 941 3212 multis
965 3163 1073 3212 aliis
1106 3201 1116 3211 .
1153 3203 1161 3212 .
1203 3202 1212 3212 .
