2762 3834
622 345 1052 398 REGISTRUM
1086 344 1184 395 DE
1221 341 1789 394 ABERBROTHOCL.
2141 343 2234 395 117

175 550 351 624 Carta
375 572 594 636 quinque
619 573 860 622 librarum
886 573 1040 622 annui
1063 572 1289 622 redditus
1312 573 1367 621 in
1390 572 1671 621 Abbirden.

29 788 121 832 134
176 757 250 831 In
285 780 387 831 Dei
424 782 626 831 nomine
668 800 811 831 amen
837 811 848 821 ·
872 782 971 832 Per
1005 783 1101 831 hoe
1139 821 1150 831 .
1190 820 1202 831 .
1241 820 1253 831 .
1290 790 1458 847 pateat
1496 821 1507 831 .
1546 821 1557 832 .
1597 820 1608 832 .
1646 783 1780 848 quod
1815 798 1946 831 anno
1980 781 2042 830 ab
2078 781 2235 829 incar·

177 874 387 922 nacione
430 875 639 923 Domini
678 875 932 924 millefimo
976 875 1460 941 quadringentesimo
1503 875 1801 941 sexagesimo
1834 874 1997 939 primo
2022 902 2032 913 ·
2059 872 2236 922 menfis

178 983 296 1015 vero
335 967 462 1015 Maii
500 967 580 1015 die
624 967 817 1015 decimo
853 966 986 1015 sexto
1012 995 1022 1005 ·
1054 967 1325 1017 indiffione
1360 985 1495 1016 nona
1518 995 1528 1005 ·
1552 968 1868 1032 pontificatus
1903 1004 1914 1015 .
1956 1004 1966 1015 .
2002 1003 2012 1014 .
2050 964 2239 1013 domini

177 1059 256 1107 Pii
295 1097 305 1108 .
346 1097 356 1108 .
397 1098 408 1108 .
444 1078 571 1125 pape
607 1060 809 1109 secundi
839 1077 970 1108 anno
996 1061 1152 1109 tercio
1187 1097 1199 1108 .
1235 1098 1245 1108 .
1282 1098 1293 1108 .
1329 1060 1589 1110 Johannes
1613 1060 1716 1127 Fyf
1734 1059 1990 1125 burgensis
2026 1096 2037 1107 .
2077 1096 2088 1106 .
2128 1096 2138 1106 .
2177 1057 2238 1105 de

177 1153 440 1202 Abbirden
478 1190 489 1201 .
529 1191 539 1201 .
581 1190 591 1200 .
630 1152 922 1200 Alexandro
950 1152 1212 1217 Douglace
1251 1153 1336 1201 vni
1373 1152 1674 1201 balliuorum
1711 1152 1828 1201 diffi
1867 1151 2015 1215 burgi
2051 1149 2238 1198 balliuo

177 1246 335 1294 eciam
368 1285 377 1294 .
413 1286 422 1294 .
456 1285 465 1293 .
496 1245 687 1293 abbatis
724 1284 733 1293 .
772 1284 780 1292 .
819 1283 827 1293 .
866 1245 927 1292 de
968 1244 1341 1293 Abbirbrothoc
1380 1245 1512 1293 infra
1553 1245 1765 1294 eundem
1802 1285 1811 1294 .
1847 1284 1856 1294 .
1895 1284 1903 1293 .
1942 1241 2240 1308 supplicauit

177 1337 408 1400 quatinus
444 1336 607 1385 seeum
644 1334 852 1384 transire
890 1335 1010 1383 velit
1046 1336 1110 1383 ad
1147 1335 1268 1383 duas
1307 1343 1466 1385 terras
1502 1337 1609 1385 suas
1646 1337 1982 1385 colateraliter
2018 1336 2240 1385 iacentes

175 1429 227 1477 in
270 1428 400 1477 Vico
440 1426 604 1477 Castri
640 1427 758 1475 dieti
801 1426 947 1490 burgi
984 1426 1119 1474 inter
1155 1434 1342 1476 terram
1378 1427 1586 1477 Patrieii
1630 1429 1954 1496 Baidyenach
1997 1445 2057 1476 ex
2097 1434 2258 1492 parte·

175 1519 406 1568 orientali
443 1559 452 1568 .
489 1559 498 1567 .
537 1558 545 1568 .
585 1526 634 1567 et
659 1525 844 1566 terram
870 1517 1077 1566 Ricardi
1108 1518 1237 1568 Blak
1273 1537 1333 1568 ex
1370 1521 1671 1569 occidentali
1710 1561 1719 1570 .
1756 1563 1764 1571 .
1800 1562 1809 1571 .
1845 1529 1894 1570 et
1929 1537 2240 1570 communem

176 1613 306 1661 viam
329 1612 518 1676 regiam
544 1612 713 1659 uersus
745 1611 964 1659 austrum
987 1611 1051 1659 ad
1090 1612 1309 1661 dandum
1344 1614 1567 1663 saisinam
1606 1623 1655 1663 et
1692 1615 2024 1680 pofl'effionem
2048 1614 2241 1662 heredi-

174 1706 325 1755 tarias
353 1704 581 1753 Ranaldo
607 1703 750 1753 Chen
781 1705 842 1752 de
872 1702 1104 1753 Straloeh
1130 1706 1191 1753 de
1218 1723 1315 1754 vno
1342 1723 1508 1754 annuo
1532 1707 1732 1756 redditu
1758 1708 1977 1772 quinque
2001 1707 2241 1755 librarum

175 1799 352 1848 vsualis
378 1806 574 1847 monete
602 1797 775 1847 Scocie
814 1799 875 1846 de
902 1798 1045 1847 diais
1079 1838 1088 1846 .
1125 1838 1133 1847 .
1170 1837 1179 1846 .
1218 1800 1366 1848 terris
1399 1839 1408 1849 .
1448 1839 1457 1848 .
1495 1840 1504 1849 .
1543 1801 1955 1865 quarumquidem
1993 1807 2239 1849 terrarum

175 1911 273 1941 vna
296 1900 495 1941 tenetur
522 1892 583 1940 de
610 1932 619 1941 .
647 1932 655 1941 .
685 1931 693 1940 .
719 1908 838 1956 rege
863 1891 915 1939 in
938 1891 1095 1940 libero
1120 1891 1361 1957 burgagio
1386 1891 1575 1941 scilieet
1600 1892 1762 1942 minor
1787 1900 1923 1942 terra
1944 1900 1993 1941 et
2015 1893 2241 1941 occiden-

175 1987 287 2036 talis
313 2016 322 2026 ·
350 1994 399 2035 et
424 1986 521 2035 alla
546 1993 681 2034 terra
706 1985 767 2033 de
804 2025 813 2033 .
853 2024 862 2034 .
898 2024 907 2033 .
943 1985 1121 2034 abbate
1147 2025 1155 2034 .
1194 2026 1202 2034 .
1241 2025 1251 2034 .
1278 1985 1466 2034 scilicet
1490 1986 1649 2034 maior
1674 1995 1810 2036 terra
1835 1994 1884 2035 et
1910 1987 2166 2036 orientalis
2190 1988 2242 2035 in

174 2081 436 2146 regalitate
475 2087 709 2128 tenetur·
744 2077 1095 2142 quemquidem
1136 2096 1354 2128 annuum
1395 2080 1646 2129 redditum
1687 2080 1846 2128 dicfftus
1883 2079 2143 2129 ‚Iohannes
2183 2081 2243 2129 de

174 2174 216 2223 F
218 2175 277 2241 yf
293 2175 345 2223 in
371 2174 597 2223 manibus
632 2173 749 2222 (118ῑί
783 2172 958 2222 balliui
995 2180 1049 2221 ut
1082 2173 1234 2221 moris
1271 2171 1341 2220 est
1372 2172 1646 2237 burgorum
1681 2189 1771 2236 per
1797 2190 1946 2221 vnum
1983 2173 2243 2222 denarium

224 2307 232 2315 .
272 2307 280 2315 .
318 2265 586 2331 refignauit
618 2306 626 2315 .
666 2305 675 2314 .
711 2305 720 2315 .
760 2265 873 2313 Post
899 2265 1251 2329 quamquidem
1281 2265 1674 2329 refignacionem
1709 2305 1718 2314 .
1755 2305 1765 2314 .
1804 2305 1813 2313 .
1849 2265 2005 2313 dic-tus
2031 2266 2243 2314 balliuus

223 2399 231 2408 .
268 2400 277 2408 .
313 2359 377 2408 ad
402 2359 555 2407 dietas
591 2398 599 2407 .
638 2398 646 2407 .
687 2398 695 2407 .
732 2367 891 2406 terras
928 2357 1156 2406 tranfiuit
1194 2366 1242 2407 et
1276 2397 1285 2406 .
1326 2398 1334 2406 .
1374 2398 1383 2406 .
1421 2357 1647 2406 saifinam
1674 2365 1722 2406 et
1745 2357 2081 2423 poffeffionem
2104 2360 2243 2407 here-

177 2452 326 2501 tarias
365 2452 484 2500 diai
525 2452 678 2500 annui
718 2451 943 2499 redditus
989 2488 1000 2498 .
1042 2488 1052 2499 .
1098 2487 1109 2499 .
1153 2468 1243 2515 per
1285 2468 1436 2499 vnum
1482 2451 1743 2500 denarium
1783 2452 1979 2517 argenti
2020 2453 2244 2518 repetitis

177 2544 367 2593 vicibus
390 2543 586 2608 prefato
611 2542 841 2591 Ranaldo
867 2542 1074 2591 tradidit
1111 2580 1121 2591 .
1156 2580 1166 2591 .
1201 2580 1212 2591 .
1250 2542 1384 2590 saluo
1421 2542 1529 2591 iure
1564 2542 1821 2591 cuiussibet
1847 2572 1856 2582 ·
1885 2542 2043 2608 Super
2069 2545 2245 2608 quibus

180 2675 190 2685 .
230 2675 241 2685 .
281 2674 292 2685 .
328 2636 586 2685 Ranaldus
630 2653 658 2683 a
697 2653 775 2684 me
816 2672 826 2682 .
865 2672 876 2683 .
916 2672 928 2684 .
956 2635 1108 2699 peciit
1135 2673 1145 2683 .
1176 2673 1186 2684 .
1217 2673 1228 2684 .
1253 2637 1635 2686 instrumentum
1662 2667 1672 2677 ·
1700 2639 1832 2686 Aea
1859 2647 2003 2688 erant
2026 2639 2118 2688 hee
2151 2677 2162 2689 .
2192 2678 2202 2688 .
2234 2678 2245 2687 .

177 2729 301 2777 hora
325 2728 520 2777 decima
545 2727 625 2776 vel
662 2727 861 2775 eocirca
893 2735 1008 2776 ante
1045 2728 1316 2778 merediem
1358 2766 1370 2778 .
1409 2767 1419 2777 .
1458 2768 1468 2778 .
1507 2731 1816 2796 presentibus
1848 2769 1859 2780 .
1896 2770 1906 2780 .
1944 2769 1954 2780 .
1989 2732 2243 2781 Willelmo

179 2821 317 2869 Rede
339 2821 400 2869 de
426 2819 700 2886 Colystoun
729 2848 739 2858 ·
760 2819 971 2868 Andrea
995 2819 1260 2886 Meingnes
1281 2851 1290 2862 ·
1313 2822 1605 2872 Alexandro
1631 2823 1897 2890 Meingnes
1917 2851 1927 2863 ·
1946 2834 1995 2875 et
2010 2826 2045 2874 J
2049 2826 2242 2875 ohanne

180 2914 337 2963 Waus
363 2931 460 2963 vno
485 2914 826 2962 feriandorum
851 2913 970 2962 diffi
992 2914 1141 2979 burgi
1168 2951 1179 2963 .
1209 2952 1219 2963 .
1250 2953 1260 2964 .

184 3012 186 3014 “
246 3006 494 3055 Robertus
518 3006 633 3054 Leis
662 3043 672 3053 .
702 3043 713 3053 .
744 3043 753 3053 .
781 3006 1005 3054 notarius
1027 3043 1038 3054 .
1068 3043 1078 3054 .
1107 3043 1117 3053 .
