2762 3834
420 2844 480 2886 18

543 386 602 428 14
993 376 1424 431 REGISTRUM
1456 376 1555 426 DE
1591 373 2154 425 ABERBROTHOC.

537 514 683 564 terris
721 514 782 563 de
821 513 1186 563 Dofiialdstoun
1230 540 1241 550 ·
1286 508 1536 559 Dronssed
1579 536 1588 546 -
1628 508 1691 557 de
1731 506 1929 558 Culbak
1970 535 1981 546 ·
2020 509 2083 558 de
2126 508 2447 560 Monbodach
2491 539 2500 549 ·
2543 512 2604 560 de

541 606 856 672 Glenferkyn
890 635 899 645 ·
932 606 994 654 de
1018 603 1306 654 Fasdauach
1337 632 1349 642 ·
1386 609 1436 651 et
1459 601 1729 651 medietate
1754 601 1817 651 de
1844 601 2136 653 Tubertach
2163 610 2213 653 et
2238 605 2430 655 duabus
2454 606 2618 671 parti·.⁴

537 701 628 748 bus
653 700 714 748 de
740 696 945 763 Kynkel
987 725 998 735 ·
1040 703 1090 744 et
1114 696 1175 744 de
1204 693 1660 759 Petinagartenach
1702 723 1714 734 ·
1758 701 1808 743 et
1842 695 2083 761 precipue
2119 697 2356 761 quasdam
2392 715 2608 747 conuen-

539 794 705 840 ciones
738 791 870 839 inter
904 789 1033 853 ipsos
1071 826 1082 836 .
1123 826 1134 836 .
1175 825 1185 836 .
1225 794 1274 836 et
1299 786 1648 835 Alexandrum
1672 787 1925 850 quondam
1963 788 2198 837 comitem
2223 789 2285 838 de
2315 788 2525 839 Buchan
2559 798 2609 839 et

537 884 743 933 heredes
774 882 885 930 suos
925 882 1071 945 super
1108 879 1290 928 eisdem
1325 879 1474 928 terris
1514 878 1566 928 in
1609 878 1805 944 scriptis
1844 880 2072 930 redaaas
2116 919 2127 929 .
2173 919 2184 930 .
2231 920 2241 930 .
2284 890 2334 931 et
2369 899 2431 931 ex
2464 890 2607 948 parte

536 976 651 1025 dieti
674 974 924 1040 quondam
951 972 1143 1021 comitis
1169 979 1218 1021 et
1240 972 1481 1021 heredum
1512 973 1713 1021 suorum
1750 973 2034 1022 obseruatas
2073 1001 2084 1013 ·
2121 991 2213 1040 per
2248 992 2370 1040 quas
2407 975 2609 1040 quidem

535 1076 695 1118 cartas
731 1066 1061 1116 instrumenta
1098 1072 1148 1115 et
1186 1065 1555 1115 conuenciones
1591 1066 1947 1131 perpendimus
1980 1068 2242 1118 euidenter
2267 1075 2317 1117 et
2349 1085 2461 1117 cum
2494 1085 2609 1117 con-

536 1163 637 1211 filio
676 1159 843 1209 nostro
880 1159 1246 1209 declarauimus
1284 1168 1334 1210 et
1373 1159 1695 1209 diffiniuimus
1735 1168 1785 1210 et
1823 1197 1834 1208 .
1875 1197 1886 1208 .
1928 1197 1939 1208 .
1978 1161 2299 1211 concedimus
2333 1162 2468 1226 quod
2492 1161 2609 1210 dicti

533 1255 746 1323 religiosi
784 1255 836 1304 in
879 1255 1075 1304 defectu
1117 1254 1237 1303 (11ἃί
1281 1254 1532 1320 quondam
1583 1253 1779 1303 comitis
1817 1260 1865 1302 et
1907 1253 2151 1302 heredum
2193 1254 2389 1303 suorum
2429 1254 2608 1320 seipsos

533 1350 595 1398 ad
618 1349 694 1398 ius
720 1356 769 1398 et
789 1347 1150 1414 proprietatem
1170 1346 1415 1396 di&arum
1440 1354 1690 1397 terrarum
1716 1347 1778 1395 de
1804 1354 1973 1396 cetero
1993 1347 2355 1412 recognoscant
2379 1356 2430 1397 et
2455 1347 2608 1397 didas

533 1452 690 1491 terras
728 1481 738 1490 .
780 1480 790 1490 .
831 1479 841 1489 .
879 1440 1088 1506 pacifice
1119 1447 1326 1489 teneant
1364 1477 1375 1488 .
1414 1477 1426 1488 .
1467 1478 1477 1488 .
1518 1439 1690 1500 Quare
1713 1441 2009 1491 mandamus
2047 1479 2059 1491 .
2100 1479 2111 1490 .
2152 1479 2163 1490 .
2195 1441 2487 1507 justiciariis
2517 1482 2527 1492 .
2556 1481 2567 1491 .
2597 1479 2608 1491 .

532 1536 804 1601 ceterisque
827 1534 1057 1584 fidelibus
1081 1532 1265 1583 nostris
1304 1571 1315 1582 .
1357 1571 1367 1582 .
1409 1571 1420 1582 .
1459 1534 1592 1599 quod
1618 1534 1774 1584 dictos
1800 1533 2058 1599 religiosos
2082 1526 2148 1583 'in
2183 1534 2469 1600 pofl'effione
2506 1536 2607 1584 dic-

530 1638 693 1678 tarum
717 1636 964 1679 terrarum
990 1626 1116 1676 iuste
1154 1664 1166 1675 .
1206 1664 1217 1676 .
1258 1663 1270 1675 .
1308 1626 1583 1677 defendant
1619 1654 1630 1666 ·
1666 1627 1879 1678 firmiter
1912 1627 2198 1677 inhibentes
2223 1645 2288 1677 ne
2314 1628 2425 1693 quis
2450 1628 2607 1677 di&os

531 1721 783 1788 religiosos
825 1728 910 1770 aut
951 1737 1125 1769 eorum
1164 1719 1392 1769 homines
1425 1720 1580 1769 dictas
1614 1728 1774 1770 terras
1813 1720 2155 1770 inhabitantes
2204 1758 2216 1769 .
2268 1759 2279 1769 .
2331 1758 2343 1769 .
2390 1738 2607 1787 grauare

530 1814 778 1880 presumat
813 1813 994 1863 iniuste
1032 1813 1179 1878 super
1213 1813 1434 1862 nostram
1465 1812 1744 1878 plenariam
1782 1813 2148 1863 forisfacturam
2194 1841 2205 1852 ·
2254 1813 2316 1863 In
2357 1814 2497 1864 cuius
2533 1815 2607 1864 rei

532 1906 862 1956 testimonium
901 1906 990 1956 has
1030 1906 1201 1955 literas
1241 1905 1435 1955 nostras
1474 1905 1658 1956 eisdem
1696 1906 1939 1973 religiosis
1972 1906 2091 1956 inde
2123 1906 2235 1956 fieri
2273 1907 2481 1956 fecimus
2520 1926 2607 1974 pa-

533 2008 692 2050 tentes
729 2007 971 2066 perpetuo
1011 2000 1277 2050 duraturas
1319 2028 1330 2039 ·
1373 1999 1566 2049 Datum
1602 2000 1684 2049 die
1722 1999 1833 2049 loco
1873 2007 1923 2049 et
1961 2017 2095 2049 anno
2137 2000 2371 2065 predictis
2411 2028 2423 2039 ·
2468 2001 2607 2061 Quas

532 2094 731 2159 quidem
768 2093 940 2142 literas
977 2110 1069 2142 nos
1108 2131 1118 2142 .
1160 2132 1171 2142 .
1212 2132 1222 2142 .
1261 2093 1406 2143 diesis
1446 2131 1457 2143 .
1497 2132 1508 2142 .
1549 2131 1561 2142 .
1599 2093 1768 2143 abbati
1804 2101 1855 2143 et
1892 2094 2163 2144 conventui
2203 2133 2213 2143 .
2254 2133 2263 2142 .
2306 2133 2317 2144 .
2355 2095 2408 2144 in
2432 2113 2606 2162 perpe-

531 2196 669 2236 tuum
713 2187 1061 2236 confirmamus
1103 2214 1113 2224 ·
1156 2186 1336 2251 quibus
1382 2204 1537 2252 penes
1578 2187 1734 2236 dictos
1775 2186 2030 2251 religiosos
2070 2195 2315 2253 perpetuo
2355 2189 2606 2239 duraturis

531 2281 743 2344 sigillum
779 2279 1000 2329 nostrum
1035 2280 1352 2345 precepimus
1377 2280 1562 2346 apponi
1587 2280 1721 2346 apud
1747 2280 1931 2330 Dunde
1957 2281 2330 2331 octavodecimo
2356 2282 2437 2331 die
2461 2282 2497 2332 J
2500 2283 2606 2333 unii

534 2391 663 2423 anno
688 2373 832 2439 regni
856 2371 1013 2422 nostri
1038 2373 1409 2423 terciodecimo,

536 2631 749 2704 Taruas
774 2653 961 2704 vicaria
984 2657 1090 2703 oao
1113 2672 1308 2705 marcas
1333 2655 1686 2722 sterlingorum
1711 2655 1873 2705 soluit.

534 2815 816 2888 Vniuerfis
854 2838 1016 2887 san&e
1054 2840 1226 2889 matris
1265 2840 1468 2890 ecclefie
1506 2841 1622 2891 filiis
1672 2880 1683 2891 .
1735 2880 1746 2891 .
1797 2880 1808 2891 .
1857 2842 2118 2893 Johannes
2155 2845 2218 2894 de
2253 2845 2462 2896 Monros
2494 2865 2603 2914 per-

534 2938 712 2994 petuus
751 2930 967 2979 vicarius
1006 2930 1208 2981 ecclefie
1248 2933 1309 2982 de
1351 2933 1579 2984 Tarwais
1614 2935 1976 2986 Abirdonenfis
2012 2937 2219 2988 diocefis
2243 2939 2448 2990 salutem
2486 2980 2497 2990 .
2539 2980 2549 2991 .
2591 2981 2601 2990 .

534 3022 587 3071 N
589 3022 752 3071 ouerit
774 3021 1064 3073 vniuerfitas
1083 3025 1247 3074 vestra
1272 3028 1405 3092 quod
1432 3045 1544 3077 cum
1571 3030 1783 3094 quedam
1809 3031 2149 3081 controuerfia
2171 3041 2308 3083 mota
2332 3034 2447 3084 effet
2470 3036 2602 3085 inter

537 3154 546 3163 .
588 3153 598 3163 .
639 3153 650 3163 .
688 3114 945 3163 dominum
967 3114 1252 3166 Galfridum
1292 3157 1302 3168 .
1343 3157 1354 3168 .
1396 3159 1404 3168 .
1437 3122 1673 3181 ‘abbatem
1713 3161 1724 3172 .
1766 3161 1777 3172 .
1818 3161 1829 3172 .
1868 3123 1931 3173 de
1951 3123 2289 3175 Abirbrothoc
2311 3133 2362 3175 et
2386 3126 2601 3176 eiusdem

532 3208 629 3257 loci
667 3216 973 3258 conuentum
1011 3226 1071 3258 ex
1107 3218 1251 3275 parte
1277 3229 1371 3261 vna
1400 3221 1449 3262 et
1473 3231 1553 3264 me
1579 3232 1639 3264 ex
1665 3223 1808 3281 parte
1834 3216 1993 3266 altera
2016 3217 2162 3283 super
2186 3218 2403 3283 quadam
2436 3236 2603 3267 annua
