2742 3848
564 392 663 442 466
1012 387 1439 440 REGISTRUM
1474 387 1573 435 DE
1610 384 2172 436 ABERBROTHOC.

563 525 792 574 faciendo
818 524 967 572 sedaas
992 523 1055 571 ad
1081 522 1246 571 curias
1271 519 1509 585 capitales
1534 518 1727 568 abbatis
1752 535 1864 567 cum
1889 519 2158 583 premoniti
2183 519 2369 568 fuerint
2395 528 2585 569 tantum
2614 551 2623 559 ·

567 635 678 666 cum
717 615 957 681 potestate
995 613 1284 679 imponendi
1320 620 1369 661 et
1403 610 1696 660 remouendi
1729 617 1955 659 tenentes
1993 618 2045 659 et
2080 610 2396 661 subtenentes
2430 613 2625 661 colendi

565 709 821 759 baroniam
847 708 908 755 de
932 723 1064 754 nouo
1090 713 1139 754 et
1163 703 1430 753 edificandi
1454 703 1506 768 ly
1532 702 1765 752 owtsettis
1790 731 1800 742 ·
1828 702 1964 751 saluo
1989 710 2157 751 tamen
2185 702 2291 752 iure
2318 704 2592 769 regalitatis
2616 733 2625 742 ·

568 818 677 850 cum
703 798 920 848 clausula
944 798 1005 846 de
1029 796 1356 861 inquietando
1387 795 1463 860 [ut
1488 795 1636 860 supra
1658 794 1758 843 No.
1785 794 1907 862 648]
1938 824 1948 834 ·
1976 799 2006 843 5
2030 794 2066 843 J
2070 795 2159 844 ulii
2189 796 2335 849 1527.

416 1087 507 1136 651
564 1059 888 1145 Preceptum
935 1078 1088 1128 safine
1135 1077 1448 1128 affedationis
1494 1079 1687 1143 prefate
1732 1077 1974 1126 directum
2021 1044 2313 1127 Alexandro
2358 1079 2536 1145 Layng
2581 1087 2629 1126 et

567 1174 708 1223 alteri
734 1172 930 1222 balliuis
956 1171 1147 1221 abbatis
1172 1171 1223 1219 in
1248 1171 1343 1220 hac
1367 1179 1509 1236 parte
1536 1199 1546 1210 ·
1574 1174 1604 1218 5
1628 1169 1664 1218 J
1667 1170 1756 1219 ulii
1784 1172 1930 1223 1527.

416 1452 511 1500 652
566 1428 762 1500 Abbas
798 1465 888 1512 pro
926 1448 1112 1496 summa
1148 1455 1346 1496 centum
1383 1454 1433 1495 et
1469 1446 1648 1510 viginti
1684 1446 1941 1496 librarum.
1962 1456 2158 1497 monete
2188 1447 2362 1498 Scocie
2399 1457 2630 1498 notanter

566 1558 656 1605 pro
682 1541 1031 1605 redempcione
1057 1557 1221 1589 annue
1257 1538 1505 1604 pensionis
1540 1538 1734 1588 Jacobo
1771 1539 1942 1588 comiti
1979 1539 2283 1589 Morauienfi
2320 1542 2485 1590 debite
2521 1559 2630 1606 per-

566 1633 722 1681 soluta
768 1631 950 1681 affcdat
996 1649 1087 1697 pro
1134 1631 1465 1680 nouendecim
1513 1631 1657 1680 annis
1705 1631 1933 1681 Gilberto
1981 1631 2206 1682 Menzeis
2263 1634 2508 1699 prepofito
2568 1635 2630 1682 de

572 1726 834 1790 Abirdeyn
871 1725 1057 1788 suisque
1094 1723 1343 1789 affignatis
1379 1732 1429 1773 et
1466 1724 1838 1774 coadiutoribus
1874 1742 1975 1773 non
2012 1726 2212 1774 maioris
2237 1726 2389 1775 status
2413 1728 2629 1776 decimas

571 1819 797 1884 garbales
836 1818 1036 1868 ecclesie
1075 1819 1136 1867 de
1175 1818 1426 1884 Bothelny
1462 1817 1594 1866 infra
1629 1818 2030 1867 vicecomitatum
2067 1820 2129 1868 de
2166 1819 2430 1886 Abirdeyn
2468 1848 2479 1858 ·
2518 1839 2630 1869 cum

571 1912 811 1976 potestate
848 1911 1179 1960 constituendi
1203 1910 1512 1960 Willelmum
1552 1909 1739 1977 Seyton
1776 1911 1838 1959 de
1875 1910 2128 1960 Meldrum
2163 1911 2303 1960 suum
2339 1912 2630 1978 affignatum

573 2022 673 2052 non
699 2003 919 2052 obstante
945 2003 1163 2052 clausula
1187 2004 1247 2052 de
1272 2021 1372 2052 non
1396 2004 1575 2053 maiori
1600 2003 1728 2053 statu
1762 2033 1772 2043 ·
1808 2003 2058 2053 Soluendo
2084 2005 2447 2071 quinquaginta
2480 2007 2631 2055 libras

573 2105 769 2145 monete
798 2096 971 2146 Scocie
997 2124 1008 2135 ·
1032 2114 1144 2146 cum
1181 2096 1396 2146 clausula
1420 2098 1482 2145 de
1506 2097 1833 2161 inquietando
1863 2096 1939 2163 [ut
1965 2096 2107 2162 supra
2134 2097 2233 2147 No.
2261 2098 2382 2164 648]
2412 2129 2422 2139 ·
2451 2104 2480 2147 5
2504 2099 2539 2148 J
2543 2100 2629 2148 ulii

578 2191 717 2242 1527.

427 2465 524 2513 653
576 2443 728 2514 Idem
754 2464 934 2513 affedat
956 2482 1048 2529 pro
1072 2465 1402 2514 nouendecim
1428 2465 1571 2514 annis
1606 2465 1642 2514 J
1645 2466 1830 2515 ohanni
1864 2465 2124 2531 Crychton
2161 2466 2222 2514 de
2258 2465 2544 2515 Rowthwen
2584 2476 2632 2515 et

577 2556 672 2603 suis
697 2555 945 2621 affignatis
969 2573 1070 2604 non
1092 2556 1293 2605 maioris
1318 2556 1469 2606 status
1493 2557 1710 2606 decimas
1733 2557 1962 2622 garbales
1998 2557 2200 2607 ecclefie
2236 2558 2533 2621 parochialis
2570 2561 2631 2608 de

578 2633 810 2696 Rothuen
838 2664 949 2695 cum
973 2648 1119 2711 gleba
1143 2648 1266 2697 tofto
1292 2656 1341 2697 et
1367 2649 1526 2698 crofta
1550 2651 1762 2699 reaorie
1787 2650 2002 2700 eiusdem
2028 2650 2232 2700 66616116
2258 2652 2599 2701 adiacentibus
2619 2682 2629 2691 ·

579 2738 855 2787 Reddendo
880 2739 1049 2787 decem
1075 2739 1227 2788 libras
1251 2750 1449 2789 monete
1477 2739 1652 2790 Scocie
1678 2750 1870 2791 tantum
1896 2771 1906 2782 ·
1933 2741 1965 2792 6
1989 2741 2024 2791 J
2028 2742 2114 2790 ulii
2143 2743 2289 2796 1527.

431 3012 527 3061 654
579 2990 732 3062 Idem
769 3028 859 3076 pro
895 3011 1080 3060 summa
1115 3019 1314 3060 centum
1347 3030 1628 3062 marcarum
1665 3023 1715 3064 et
1750 3016 1860 3065 aliis
1896 3018 2051 3066 caufis
2093 3016 2274 3068 affedat
2313 3036 2405 3083 pro
2446 3037 2631 3068 nouen-

582 3103 742 3161 decim
778 3103 920 3152 annis
947 3103 1199 3152 Willelmo
1238 3104 1355 3169 Hay
1380 3113 1427 3154 et
1458 3104 1699 3155 Mariorie
1735 3107 1973 3157 Gordone
2008 3109 2179 3174 sponse
2204 3110 2285 3159 suc
2311 3119 2360 3160 et
2385 3109 2632 3176 affignatis

583 3195 952 3247 subtenentibus
976 3202 1025 3244 et
1050 3195 1419 3245 coadiutoribus
1443 3198 1559 3246 dicti
1584 3199 1825 3248 Willelmi
1850 3217 1951 3249 non
1976 3202 2178 3251 maioris
2214 3201 2365 3253 status
2405 3233 2414 3242 -
2455 3204 2632 3267 quibu's
