2762 3834
58 1038 63 1142 ——--
56 808 63 1033 -,-.-..--.-
57 763 62 801 -.«

80 1185 169 1230 334

66 2388 177 2434 ;335

671 401 1093 452 REGISTRUM
1128 402 1223 451 DE
1260 403 1814 458 ABERBROTHoc.
1995 380 1997 382 ’
2161 415 2252 468 271

221 536 403 584 habere
428 533 809 582 commiffionem
835 534 985 583 faciet
1008 534 1144 583 illam
1162 537 1358 600 publice
1379 538 1547 586 caffari
1568 546 1616 587 et
1637 540 1882 588 annullari
1901 541 2258 606 imperpetuum

220 644 308 693 per
338 626 589 691 presentes
620 624 914 689 subscriptas
953 642 1101 673 manu
1138 643 1248 676 mea
1286 629 1488 693 propria
1525 631 1658 695 apud
1695 631 2031 681 Abirbrothoc
2069 634 2257 682 decimo

221 721 394 768 octauo
418 716 609 781 Aprilis
635 733 766 765 anno
792 715 999 764 Domini
1022 717 1276 767 millesimo
1302 726 1463 768 0006ῃῑιο
1486 722 1797 786 nonogefimo
1821 723 2048 772 secund0.

221 975 443 1062 Capelle
473 994 639 1045 Sanffi
666 994 875 1043 Niniani
902 993 1142 1042 conceffio
1167 995 1252 1043 sub
1278 998 1522 1045 communi
1549 997 1719 1064 figillo.

223 1159 500 1232 Uniuerfis
536 1218 545 1228 .
576 1154 592 1228 ..
638 1217 649 1227 .
688 1177 889 1227 ecclefie
935 1177 1049 1226 filiis
1088 1217 1098 1227 .
1135 1217 1144 1227 .
1183 1217 1191 1227 .
1229 1178 1396 1229 Dauid
1438 1181 1585 1231 abbas
1624 1222 1632 1232 .
1673 1223 1682 1231 .
1723 1223 1731 1232 .
1770 1184 1830 1232 de
1865 1183 2106 1233 Arbroith
2147 1224 2156 1233 .
2198 1225 2207 1233 .
2248 1224 2256 1233 .

220 1273 421 1322 Jhesum
450 1271 701 1322 Christum
727 1288 819 1336 pro
845 1270 998 1319 salute
1028 1298 1039 1309 ·
1072 1270 1329 1320 Noueritis
1353 1290 1442 1320 nos
1475 1312 1484 1322 .
1519 1312 1527 1322 .
1558 1313 1567 1322 .
1603 1275 1909 1339 exigentibus
1941 1315 1950 1324 .
1985 1315 1993 1324 .
2028 1315 2036 1324 .
2072 1276 2259 1324 meritis

221 1407 230 1416 .
274 1406 282 1415 .
327 1406 335 1415 .
381 1365 567 1415 domini
602 1364 850 1414 Johannis
891 1364 1058 1412 Toddi
1101 1364 1340 1429 capellam
1379 1362 1544 1412 Samffi
1580 1365 1788 1414 Niniani
1825 1367 1955 1430 apud
1987 1367 2163 1415 vallem
2199 1368 2259 1414 de

218 1458 410 1510 Setoun
430 1459 653 1507 fituatam
692 1498 701 1507 .
735 1497 743 1506 .
779 1497 788 1506 .
823 1474 935 1506 cum
956 1474 1134 1505 vacare
1155 1456 1420 1521 contigerit
1442 1475 1531 1521 per
1556 1456 1731 1506 cessum
1756 1466 1803 1507 et
1828 1458 2054 1507 dicessum
2075 1460 2262 1507 domini

222 1550 447 1600 Villelmi
483 1549 714 1615 Gybsone
758 1589 768 1598 .
806 1589 816 1598 .
859 1588 869 1598 .
907 1549 1037 1596 dicto
1075 1548 1274 1596 domino
1309 1548 1531 1597 Johanni
1569 1549 1749 1615 Toddy
1782 1567 1872 1614 pro
1907 1559 2009 1600 toto
2044 1559 2262 1616 tempore

222 1644 321 1693 vite
363 1642 445 1692 sue
484 1683 493 1692 .
532 1682 541 1691 .
579 1680 590 1691 .
629 1640 906 1691 conceffifl‘e
943 1681 952 1690 .
990 1681 1000 1690 .
1039 1681 1048 1690 .
1085 1641 1378 1690 Adicientes
1418 1649 1469 1690 vt
1505 1642 1537 1690 fi
1574 1642 1657 1706 qui
1697 1644 1970 1707 presentem
2008 1683 2017 1691 .
2055 1683 2064 1692 .
2103 1683 2111 1691 .
2151 1660 2263 1691 con·-

222 1734 481 1786 ceffionem
528 1735 824 1800 impugnare
867 1734 1117 1783 voluerint
1166 1774 1174 1782 .
1224 1774 1233 1783 .
1283 1774 1292 1783 .
1339 1734 1438 1783 illis
1480 1774 1488 1783 .
1532 1774 1541 1783 .
1586 1774 1594 1783 .
1636 1734 1908 1795 resistemus
1951 1772 1962 1782 .
2007 1772 2018 1783 .
2063 1772 2074 1783 .
2117 1734 2267 1798 Apud

225 1827 449 1877 Arbroth
475 1827 703 1876 vicefimo
729 1826 943 1876 secundo
969 1827 1050 1875 die
1086 1827 1262 1876 menfis
1298 1826 1331 1875 J
1337 1827 1423 1875 ulii
1459 1844 1588 1875 anno
1625 1826 1831 1875 Domini
1866 1825 2118 1874 millesimo
2153 1843 2268 1889 qua-

222 1921 604 1987 dringentefimo
630 1918 946 1985 nonagesimo
971 1920 1200 1968 secundo,

227 2175 390 2262 Athy
414 2195 727 2260 presentatur
752 2194 981 2244 dominus
1010 2193 1346 2243 Archibaldus
1372 2191 1688 2240 Foulartone.

226 2357 548 2430 Reuerendo
594 2417 604 2427 .
645 2417 655 2427 .
697 2416 708 2427 .
752 2378 954 2427 domino
992 2377 1248 2427 Willelmo
1295 2415 1304 2423 .
1351 2415 1362 2425 .
1405 2415 1415 2425 .
1459 2376 1686 2441 episcopo
1728 2372 2097 2422 Abberdonenfi
2141 2410 2152 2420 .
2198 2409 2209 2420 .
2254 2409 2264 2419 .

228 2472 414 2522 domini
450 2471 692 2521 Willelmi
731 2509 741 2520 .
782 2509 793 2520 .
834 2509 845 2520 .
883 2470 1241 2535 archiepiscopi
1290 2468 1640 2519 Sanffiandree
1681 2465 1904 2530 primatis
1945 2471 1993 2513 et
2030 2463 2181 2529 legati
2215 2458 2267 2511 in

227 2564 428 2613 remotis
470 2563 663 2628 agentis
703 2564 891 2612 vicario
933 2562 1156 2629 generali
1201 2562 1471 2626 ceterisque
1516 2560 1727 2609 eiusdem
1766 2595 1777 2606 .
1817 2595 1827 2605 .
1869 2594 1879 2604 .
1916 2555 2112 2604 vicariis
2155 2592 2166 2602 .
2206 2592 2216 2602 .
2256 2591 2266 2602 .

228 2653 398 2704 Dauid
436 2656 586 2704 abbas
631 2693 641 2703 .
682 2692 693 2704 .
734 2693 745 2704 .
791 2655 853 2703 de
892 2654 1233 2703 Abirbrothoc
1276 2692 1287 2702 .
1332 2691 1343 2702 .
1389 2691 1400 2701 .
1444 2651 1754 2701 reuerencias
1791 2687 1802 2697 .
1842 2687 1853 2697 .
1892 2686 1903 2697 .
1941 2655 1989 2696 et
2022 2647 2266 2695 honores·

230 2746 314 2796 Ad
338 2747 572 2796 vicariam
599 2754 888 2812 perpetuam
914 2745 1116 2795 ecclesie
1140 2745 1465 2811 parrochialis
1493 2743 1658 2794 Sanffi
1683 2739 1913 2791 Murdaci
1937 2740 1997 2787 de
2022 2739 2140 2802 athy
2165 2778 2173 2786 .
2211 2777 2220 2786 .
2258 2777 2266 2786 .

230 2846 487 2888 vacantem
522 2856 612 2903 per
646 2846 858 2887 mortem
899 2875 910 2886 .
952 2876 964 2886 .
1006 2874 1017 2885 .
1055 2837 1303 2886 Johannis
1338 2837 1616 2887 Melmaker
1653 2873 1664 2883 .
1705 2872 1716 2881 .
1756 2871 1767 2883 .
1805 2833 2055 2882 dominum
2094 2830 2268 2878 Archi-

230 2930 426 2979 baldum
451 2930 764 2980 Fowlartone
789 2929 1114 2995 presbiterum
1139 2930 1299 2979 vestre
1322 2928 1609 2994 paternitati
1635 2935 1684 2976 et
1708 2926 1816 2975 aliis
1841 2941 2045 2989 quorum
2070 2920 2268 2970 interest

230 3022 565 3086 presentamus
695 3060 706 3071 .
741 3028 972 3087 rogantes
997 3020 1228 3085 quatinus
1253 3020 1525 3086 dignemini
1561 3057 1572 3067 .
1606 3056 1618 3068 .
1652 3056 1663 3068 .
1701 3017 2028 3082 presentatum
2054 3013 2268 3061 nostrum

236 3151 247 3162 .
291 3152 302 3164 .
349 3152 362 3163 .
399 3115 663 3165 admittere
707 3153 718 3164 .
769 3152 780 3164 .
833 3152 844 3163 .
886 3114 1036 3178 Apud
1082 3151 1094 3163 .
1141 3150 1153 3162 .
1201 3150 1213 3162 .
1260 3112 1529 3177 capitulum
1573 3148 1584 3159 .
1626 3147 1638 3158 .
1679 3147 1690 3157 .
1733 3107 1935 3172 septimo
1977 3105 2056 3154 die
2097 3103 2266 3152 mensis

236 3205 528 3257 Decembris
552 3224 683 3257 anno
707 3206 916 3257 Domini
939 3204 1193 3254 millesimo
1218 3201 1698 3269 quadringentesimo
1716 3197 2028 3263 nonogefimo
2046 3195 2265 3244 secundo.
