2762 3834
37 1094 95 1189 ²420

588 351 1012 402 REGISTRUM
1045 351 1142 401 DE
1178 351 1729 403 ABERBROTHOC.
1954 394 1957 396 .
2088 353 2182 406 267

145 484 298 549 Apud
330 520 341 531 .
376 519 386 530 .
424 519 434 530 .
468 483 817 532 monasterium
852 522 863 533 .
901 521 912 533 .
950 522 960 533 .
995 485 1287 534 duodecimo
1305 485 1384 534 die
1399 484 1574 535 menfis
1592 484 1820 535 Octobris
1834 484 1959 533 hora
1973 485 2186 534 secunda

143 574 252 641 post
275 573 533 623 meridiem
558 591 688 622 anno
713 573 921 623 Domini
945 576 1198 625 millefimo
1223 577 1702 643 quadringentesimo
1727 576 2057 643 nonagesimo.

143 826 482 899 Presentacio
525 844 726 894 ecclefie
768 844 829 892 de
871 844 1102 910 Newtyle
1142 863 1232 910 per
1274 846 1660 913 refignacionem
1707 848 1894 896 domini
1941 847 2185 897 ‚Iohannis

143 938 417 1005 Lychtone.

144 1102 588 1174 Reuerendiffimo
630 1157 641 1169 .
686 1157 697 1168 .
739 1157 750 1168 .
790 1117 1264 1167 domino-Willelmo
1302 1157 1312 1167 .
1353 1157 1363 1168 .
1399 1158 1409 1167 .
1446 1120 1811 1185 archiepiscopo
1835 1120 2186 1170 San&iandree

143 1255 152 1264 .
186 1254 196 1264 .
233 1254 242 1264 .
278 1213 450 1262 Dauid
484 1253 494 1262 .
532 1251 541 1262 .
578 1251 588 1261 .
629 1212 778 1260 abbas
820 1247 832 1259 .
874 1247 886 1259 .
930 1246 942 1258 .
979 1210 1040 1257 de
1060 1209 1398 1260 Abirbrothoc
1434 1249 1445 1260 .
1484 1249 1495 1259 .
1531 1250 1540 1260 .
1578 1214 1891 1262 reuerencias
1909 1221 1957 1262 et
1973 1213 2186 1262 honores

145 1344 156 1354 .
195 1344 206 1355 .
245 1343 255 1354 .
292 1305 375 1353 Ad
400 1305 637 1353 vicariam
660 1309 950 1367 perpetuam
976 1287 1176 1349 ecclesie
1201 1303 1527 1365 parrochialis
1553 1304 1614 1352 de
1640 1303 1868 1370 Newtyle
1894 1305 2052 1354 vestre
2083 1306 2186 1353 dio·

144 1397 259 1447 cefis
292 1435 304 1446 .
343 1434 354 1445 .
390 1434 401 1444 .
436 1414 525 1461 per
552 1396 738 1444 obitum
764 1394 1014 1459 quondam
1046 1392 1265 1457 magistri
1290 1392 1496 1441 Roberti
1521 1393 1808 1443 Fullertone
1833 1396 1989 1444 Vltimi
2016 1397 2186 1448 vicarii

145 1498 194 1539 et
212 1488 483 1554 poss'efl'oris
502 1488 716 1537 eiusdem
736 1504 794 1535 ac
813 1503 902 1551 per
918 1483 1243 1534 dimiffionem
1262 1484 1449 1532 domini
1468 1485 1503 1534 J
1506 1486 1713 1534 ohannis
1732 1486 1990 1551 Lychtone
2007 1489 2186 1552 presbi-

144 1582 237 1631 teri
259 1581 462 1629 inantea
484 1597 574 1645 per
599 1596 688 1627 nos
713 1579 777 1627 ad
802 1578 1009 1626 eandem
1034 1576 1302 1641 presentati
1338 1577 1630 1625 duodecimo
1655 1578 1735 1625 die
1760 1579 1932 1627 menfis
1960 1579 2187 1630 O&obris

145 1673 300 1723 vltimi
349 1671 497 1737 elapfi
544 1672 668 1720 hora
714 1671 928 1719 secunda
973 1668 1083 1734 post
1138 1668 1407 1717 merediem
1454 1678 1709 1718 vacantem
1761 1707 1772 1717 .
1819 1707 1829 1717 .
1876 1708 1886 1718 .
1937 1671 2186 1722 dominum

148 1767 429 1816 Johannem
467 1766 611 1831 Tyry
644 1763 965 1829 presbiterum
1010 1761 1170 1811 vestre
1210 1759 1500 1824 paternitati
1542 1800 1551 1809 .
1596 1800 1605 1809 .
1649 1800 1658 1809 .
1699 1761 2033 1825 presentamus
2075 1802 2084 1811 .
2128 1802 2136 1810 .
2180 1803 2188 1811 .

149 1868 378 1926 rogantes
402 1859 633 1923 quatinus
667 1897 676 1907 .
710 1897 720 1907 .
755 1896 764 1906 .
798 1855 1020 1904 nostrum
1043 1852 1379 1918 presentatum
1419 1892 1428 1901 .
1469 1891 1478 1902 .
1519 1892 1527 1901 .
1568 1854 1838 1902 admittatis
1878 1892 1888 1902 .
1931 1892 1941 1902 .
1987 1892 1998 1902 .
2039 1855 2191 1919 Apud

200 1992 210 2003 .
252 1993 260 2002 .
303 1951 653 2001 monasterium
695 1987 706 1998 .
747 1987 758 1998 .
798 1986 809 1997 .
846 1965 979 1996 nono
1021 1946 1101 1995 die
1142 1943 1319 1993 menfis
1363 1944 1664 1993 Nouembris
1706 1963 1836 1994 anno
1876 1946 2083 1995 Domini
2127 1955 2192 1994 m⁰

148 2052 280 2096 cccc⁰
303 2043 635 2108 nonogesimo.

208 2136 592 2186 ,Memorandum
653 2133 786 2197 quod
843 2131 936 2180 ista
986 2128 1293 2195 presentacio
1340 2127 1668 2193 suprascripta
1714 2138 1819 2178 erat
1868 2134 2084 2179 extracta
2131 2134 2190 2180 de

150 2227 363 2294 regestro
400 2227 484 2275 sub
521 2225 678 2291 figillo
714 2223 963 2273 communi
999 2222 1203 2286 capituli
1241 2229 1289 2270 et
1323 2219 1684 2284 subscripcione
1720 2222 1901 2270 notarii
1937 2240 2066 2271 anno
2095 2223 2186 2288 [et]

152 2320 229 2369 die
253 2328 306 2369 ut
329 2319 461 2367 infra
483 2318 713 2382 sequitur.

183 2454 185 2456 ,
218 2411 281 2461 Et
303 2429 381 2461 me
406 2411 615 2460 Valtero
642 2407 875 2457 Makvnis
900 2406 1097 2455 notario
1141 2443 1152 2453 .
1192 2442 1203 2454 .
1244 2442 1255 2453 .
1299 2421 1358 2453 ac
1383 2403 1564 2452 clerico
1591 2410 1640 2452 et
1664 2404 1822 2452 scriba
1846 2404 1963 2452 dieti
1989 2406 2191 2470 capituli

153 2504 360 2568 presenti
403 2505 465 2552 ad
505 2500 883 2566 suprascriptam
924 2498 1348 2563 presentacionem
1390 2497 1451 2544 de
1496 2533 1507 2544 .
1552 2532 1563 2543 .
1607 2533 1617 2543 .
1661 2503 1933 2545 conuentus
1973 2497 2190 2562 regestro

154 2596 503 2650 extrahendam
555 2633 564 2643 .
616 2633 625 2642 .
679 2630 689 2641 .
740 2609 840 2640 vna
887 2607 997 2639 cum
1040 2629 1049 2639 .
1091 2629 1099 2638 .
1143 2628 1153 2638 .
1196 2588 1406 2638 Valtero
1452 2587 1711 2652 Lychtone
1754 2589 1814 2636 de
1854 2588 2191 2638 Houshawin·

154 2686 320 2736 Dauid
344 2686 491 2752 Rossy
529 2715 540 2726 ·
583 2692 632 2734 et
655 2684 904 2732 Duncano
930 2681 1189 2747 Lychtone
1226 2707 1236 2719 ·
1276 2679 1533 2744 armigeris
1575 2717 1584 2727 .
1623 2719 1631 2728 .
1670 2718 1679 2728 .
1723 2697 1832 2728 cum
1858 2681 2067 2733 diuersis
2085 2682 2192 2730 aliis

155 2795 284 2827 nono
326 2779 405 2827 die
445 2777 622 2826 menfis
657 2775 782 2824 Julii
825 2790 955 2823 anno
997 2772 1205 2821 Domini
1244 2779 1310 2821 m⁰
1348 2777 1482 2820 cccc⁰
1520 2772 1833 2835 nonogesimo
1873 2781 2048 2836 quarto
2182 2812 2191 2821 .

60 2909 61 2914 ,
155 2869 382 2934 requisito
407 2870 459 2918 in
484 2867 814 2918 testimonium
841 2858 1058 2914 omnium
1085 2872 1133 2914 et
1157 2863 1456 2929 singulorum
1481 2863 1830 2928 premifforum.
