2762 3834
424 2398 431 2403 ,
456 2355 549 2403 294

592 387 687 431 244
1036 374 1458 428 REGISTRUM
1492 371 1589 421 DE
1624 367 2180 419 ABERBROTHOC.

592 514 725 561 mino
760 511 991 560 introitus
1026 509 1370 573 affignatorum
1406 512 1491 552 aut
1529 500 1751 566 affignati
1788 540 1796 548 .
1835 540 1843 548 .
1883 536 1894 547 .
1931 499 2200 563 incipiente
2224 499 2303 547 die
2328 500 2489 549 obitus
2512 499 2626 547 diai

595 605 794 652 Andree
830 642 838 650 .
876 642 885 651 .
923 641 932 650 .
970 600 1216 648 Soluendo
1252 637 1261 646 .
1298 636 1307 645 .
1344 635 1354 645 .
1392 595 1548 643 dictus
1574 593 1804 641 Andreas
1839 631 1848 640 .
1887 630 1896 639 .
1935 630 1943 639 .
1982 608 2071 655 pro
2102 591 2245 640 firma
2280 628 2290 639 .
2328 630 2337 640 .
2375 631 2384 640 .
2422 592 2629 655 quadra-

592 695 731 758 ginta
771 693 947 741 solidos
979 728 989 739 .
1029 728 1040 738 .
1080 728 1091 738 .
1128 696 1323 736 monete
1363 724 1373 734 .
1412 723 1424 733 .
1465 722 1475 732 .
1515 684 1685 733 Scocie
1723 684 1787 731 ad
1828 683 2065 731 terminos
2101 682 2356 731 consuetos
2398 690 2446 731 et
2485 684 2627 731 vnam

594 785 809 833 celdram
835 783 961 830 ordii
986 788 1035 830 et
1059 780 1242 829 farrine
1269 794 1381 826 cum
1415 777 1644 826 mensura
1667 778 1761 825 fori
1801 778 2046 827 currentis
2071 806 2081 817 ·
2108 787 2157 827 et
2180 794 2271 842 pro
2296 778 2498 827 decimis
2521 795 2630 843 gar-

592 875 781 923 balibus
818 910 829 920 .
869 908 880 920 .
920 909 931 920 .
971 888 1115 919 vnam
1157 869 1375 918 celdram
1423 867 1549 914 ordii
1599 877 1648 917 et
1694 869 1880 917 farrine
1927 886 2039 917 cum
2079 886 2177 917 vna
2220 869 2355 917 bolla
2398 869 2631 918 frumenti

592 964 806 1028 predicte
833 963 1055 1010 mensure
1077 978 1134 1009 ac
1157 961 1313 1009 eciam
1333 976 1480 1006 vnam
1502 959 1721 1008 celdram
1746 977 1857 1008 cum
1882 960 2039 1009 tribus
2064 960 2207 1009 bollis
2230 960 2356 1008 ordii
2378 969 2428 1009 et
2448 960 2632 1008 farrine

594 1073 703 1106 cum
725 1055 912 1103 duabus
938 1054 1079 1102 bollis
1103 1052 1338 1101 frumenti
1358 1068 1448 1115 pro
1468 1050 1672 1099 decimis
1691 1050 1975 1115 garbalibus
1994 1059 2238 1099 terrarum
2258 1051 2319 1099 de
2338 1042 2632 1100 Annestoun

641 1188 649 1196 .
688 1188 697 1197 .
734 1156 783 1196 et
806 1147 908 1210 ipso
934 1146 1141 1194 Andrea
1164 1146 1226 1192 ab
1249 1144 1342 1192 hac
1366 1143 1477 1191 luce
1509 1143 1698 1191 sublato
1723 1142 1839 1190 diffi
1865 1142 1935 1190 sui
1961 1142 2184 1207 affignati
2222 1179 2233 1189 .
2273 1179 2283 1190 .
2324 1179 2335 1191 .
2372 1159 2463 1206 pro
2488 1143 2633 1190 terris

594 1248 642 1288 et
666 1239 866 1288 decimis
905 1276 915 1286 .
955 1275 966 1285 .
1006 1274 1017 1285 .
1054 1238 1244 1285 firmam
1271 1244 1320 1284 et
1342 1235 1578 1299 pecunias
1602 1234 1846 1298 prediQas
1881 1270 1893 1282 .
1933 1270 1944 1281 .
1986 1271 1997 1282 .
2023 1250 2133 1282 cum
2159 1233 2239 1282 sex
2264 1234 2407 1282 bollis
2432 1234 2559 1282 ordii
2585 1243 2634 1283 et

594 1331 775 1379 farrine
818 1338 958 1378 extra
995 1329 1175 1377 dictam
1218 1329 1451 1376 summam
1491 1327 1717 1374 mensure
1757 1328 1975 1389 preta&e
2024 1325 2087 1373 ad
2133 1327 2364 1373 terminos
2405 1326 2636 1374 victualia

594 1420 813 1469 soluendi
839 1421 1093 1469 consuetos
1120 1447 1130 1457 ·
1155 1418 1220 1467 Et
1256 1418 1454 1481 quando
1489 1417 1709 1481 prefatus
1734 1417 1965 1464 Andreas
1998 1416 2305 1480 premonitus
2329 1417 2478 1466 fuerit
2502 1418 2635 1481 equi-

596 1514 717 1561 tabit
735 1513 986 1560 nobiscum
1027 1548 1038 1559 .
1081 1548 1091 1558 .
1133 1547 1143 1558 .
1182 1509 1423 1574 capiendo
1448 1509 1499 1573 ly
1518 1508 1644 1558 bach
1670 1509 1732 1556 de
1758 1508 1897 1556 curia
1919 1515 2067 1572 prout
2090 1507 2176 1556 alii
2200 1508 2261 1556 de
2286 1508 2635 1557 consuetudine

597 1604 796 1667 capiunt
823 1639 834 1651 .
863 1640 874 1650 .
902 1639 914 1650 .
939 1602 1005 1650 Et
1032 1637 1043 1649 .
1071 1639 1081 1649 .
1111 1638 1122 1649 .
1150 1601 1210 1649 ab
1235 1600 1368 1648 omni
1399 1616 1550 1648 onere
1574 1599 1939 1647 husbandorum
1964 1598 2090 1647 liber
2117 1634 2129 1647 .
2164 1635 2175 1647 .
2211 1636 2222 1647 .
2247 1599 2342 1648 erit
2367 1626 2377 1636 ·
2401 1598 2638 1648 Preterea

598 1695 668 1743 sui
691 1693 911 1759 affignati
945 1693 1134 1741 soluent
1176 1729 1187 1739 .
1234 1729 1243 1739 .
1290 1729 1300 1739 .
1340 1708 1430 1755 pro
1467 1690 1690 1740 terminis
1715 1691 1943 1739 vndecim
1979 1707 2221 1739 annorum
2258 1709 2411 1741 onera
2433 1690 2636 1740 husban-

597 1787 771 1834 dorum
807 1785 923 1833 inde
961 1784 1126 1833 debita
1166 1791 1215 1832 et
1257 1784 1489 1831 consueta
1529 1822 1539 1831 .
1582 1822 1591 1831 .
1635 1822 1644 1832 .
1690 1783 1846 1847 Apud
1882 1781 2232 1831 monasterium
2273 1823 2282 1832 .
2320 1823 2329 1832 .
2367 1823 2376 1831 .
2413 1783 2514 1831 xvii
2557 1783 2636 1831 die

599 1877 774 1927 menfis
799 1877 977 1925 Marcii
1003 1893 1132 1924 anno
1158 1875 1363 1923 Domini
1393 1878 1537 1923 1485.

598 2127 879 2198 Afl'edacio
903 2158 1144 2198 terrarum
1169 2149 1230 2197 de
1256 2148 1307 2196 N
1310 2148 1552 2213 ewbygyn
1582 2155 1630 2196 et
1654 2146 2040 2212 Kyrktounmyl.

604 2311 1009 2383 BIemorandum
1056 2332 1188 2396 quod
1235 2331 1567 2397 Newbygyng
1614 2340 1663 2381 et
1710 2331 2084 2397 Kyrktounmyl
2132 2349 2244 2381 cum
2291 2332 2495 2381 decimis
2543 2332 2639 2381 suis

604 2423 878 2473 affedantur
901 2423 1161 2472 Elizabeth
1189 2422 1478 2488 Crychtoun
1515 2431 1562 2472 et
1587 2422 1622 2471 J
1625 2424 1779 2471 acobo
1807 2423 1990 2472 Giffart
2024 2424 2126 2472 filio
2158 2425 2243 2472 suo
2276 2441 2367 2488 pro
2392 2432 2496 2473 toto
2520 2432 2639 2473 tem·
2695 2437 2697 2439 ·

604 2531 723 2577 pore
762 2514 860 2562 vite
898 2514 1163 2562 eorundem
1189 2541 1199 2551 ·
1223 2514 1497 2563 Reddendo
1534 2515 1649 2562 inde
1682 2515 1934 2564 annuatim
1977 2523 2031 2564 ut
2065 2515 2212 2580 supra
2245 2515 2299 2563 in
2336 2515 2639 2565 affedacione

608 2605 734 2653 sacta
778 2613 998 2668 tempore
1045 2604 1231 2652 domini
1272 2604 1511 2653 Willelmi
1559 2604 1743 2654 Bonkil
1789 2606 1980 2655 abbatis
2022 2606 2167 2655 liberi
2214 2606 2275 2654 ab
2317 2606 2450 2654 omni
2491 2623 2640 2655 onere

609 2696 969 2744 husbandorum
995 2695 1044 2743 xi
1066 2696 1221 2744 bollas
1246 2704 1295 2745 et
1317 2696 1333 2743 i
1357 2697 1570 2745 firlotam
1589 2698 1823 2746 frumenti
1847 2724 1858 2735 ·
1882 2698 1931 2746 xi
1951 2698 2109 2746 bollas
2133 2706 2183 2747 et
2206 2698 2223 2746 i
2246 2698 2456 2747 firlotam
2482 2699 2639 2748 ordii·

611 2795 659 2836 et
691 2786 741 2834 xi
770 2786 926 2835 bollas
961 2795 1010 2835 et
1033 2786 1050 2834 i
1074 2786 1284 2834 firlotam
1319 2787 1478 2836 farine
1517 2816 1528 2827 ·
1569 2806 1680 2836 cum
1718 2789 1801 2837 xvi
1838 2789 1979 2837 libris
2016 2797 2211 2838 monete
2252 2789 2424 2839 Scocie
2465 2818 2476 2828 ·
2514 2790 2640 2839 Item

612 2876 869 2926 cellerario
905 2875 1082 2940 viginti
1117 2876 1293 2924 solidos
1328 2884 1376 2925 ct
1411 2878 1606 2927 sacriste
1643 2879 1820 2943 viginti
1861 2879 2040 2928 solidos
2082 2880 2335 2929 annuatim
2371 2882 2435 2929 ad
2469 2881 2640 2930 festum

614 2967 796 3017 Pasche
831 2974 909 3015 etc
934 2996 945 3007 ·
971 2966 1134 3014 omnia
1166 2975 1219 3015 ut
1242 2967 1294 3014 in
1320 2974 1539 3032 tempore
1572 2969 1687 3017 dieti
1721 2971 1907 3019 domini
1933 2970 2173 3019 Willelmi
2204 2970 2385 3020 Boukil
2413 2972 2600 3022 abbatis
2629 3001 2640 3012 ·

614 3060 801 3108 Datum
843 3057 927 3105 sub
968 3056 1123 3118 figillo
1165 3058 1411 3105 communi
1447 3075 1578 3106 anno
1617 3059 1821 3110 Domini
1862 3062 2116 3111 millefimo
2164 3063 2640 3128 quadringentefimo

615 3147 934 3215 oauagefimo
958 3147 1140 3211 quinto.
