2762 3834
468 644 559 687 331

612 328 709 377 268
1056 322 1479 375 REGISTRUM
1513 321 1611 370 DE
1647 319 2201 369 ABERBROTHOC.

616 466 899 537 Affedacio
925 481 1125 533 ecclesie
1150 482 1210 529 de
1235 477 1530 542 Abernethy
1555 476 1590 524 J
1593 475 1778 523 ohanni
1802 475 2016 542 Ramsay
2041 477 2103 526 de
2129 477 2356 543 Kilgour.

619 620 895 693 Uniuerfis
933 646 1099 703 pateat
1138 674 1149 686 .
1193 674 1204 685 .
1246 674 1256 684 .
1299 652 1388 683 nos
1423 633 1595 682 Dauid
1630 633 1857 682 abbatem
1901 670 1913 681 .
1956 670 1968 682 .
2013 670 2025 681 .
2069 634 2130 682 de
2155 635 2493 683 Abirbrothoc
2535 669 2546 682 .

617 730 839 780 affedass'e
873 767 884 777 .
923 765 935 777 .
978 766 989 777 .
1024 728 1058 776 J
1062 727 1246 775 ohanni
1267 726 1479 790 Ramsay
1501 726 1562 773 de
1588 723 1803 788 Kilgour
1828 751 1838 761 ·
1862 723 2068 773 Isabelle
2093 726 2261 789 sponse
2285 726 2367 774 sue
2393 726 2627 774 moderne
2651 752 2662 762 ·

615 822 649 870 J
652 823 806 870 acobo
832 820 1043 884 Ramsay
1068 827 1117 867 et
1143 818 1321 868 Colino
1348 817 1560 882 Ramsay
1585 815 1699 863 filiis
1728 815 1826 863 suis
1858 844 1869 855 ·
1904 823 1953 864 et
1978 816 2255 881 cuicunque
2280 817 2424 866 alteri
2449 817 2578 881 proli
2601 817 2663 865 de

617 930 821 977 corpore
863 913 946 959 suo
987 917 1246 975 procreate
1286 946 1297 957 .
1337 946 1348 957 .
1388 946 1399 957 .
1437 912 1515 957 cui
1553 945 1565 957 .
1605 945 1616 957 .
1654 945 1667 958 .
1703 907 1860 955 di&us
1907 907 2165 957 Johannes
2213 908 2426 974 Ramsay
2466 908 2665 957 duxerit

614 1003 949 1069 affignandum
987 1037 998 1049 .
1039 1038 1050 1049 .
1091 1037 1100 1047 .
1139 1001 1355 1049 decimas
1379 999 1608 1064 garbales
1634 998 1837 1048 ecclefie
1867 999 2032 1049 nostre
2052 1001 2113 1049 de
2133 1001 2419 1067 Abirnetby
2442 1001 2664 1050 Dunbla-

612 1094 769 1144 nensis
805 1092 1007 1141 diocesis
1044 1109 1155 1140 cum
1193 1091 1386 1155 capella
1420 1091 1482 1139 de
1518 1090 1663 1139 Dron
1702 1098 1752 1139 et
1789 1090 1878 1138 illa
1914 1090 2060 1155 pecia
2096 1099 2227 1140 terre
2266 1128 2277 1140 .
2317 1129 2327 1140 .
2368 1129 2379 1140 .
2417 1092 2666 1156 wlgariter

611 1195 784 1235 vocata
823 1186 870 1234 le
913 1184 1176 1233 Bellaucht
1212 1219 1224 1231 .
1263 1220 1275 1231 .
1315 1219 1326 1230 .
1363 1183 1540 1247 quibus
1587 1199 1723 1231 nunc
1764 1192 1813 1231 et
1855 1184 2161 1247 temporibus
2205 1184 2463 1233 retroaffis
2507 1184 2666 1233 dictus

613 1279 868 1326 Johannes
904 1278 965 1325 de
1001 1276 1143 1324 nobis
1178 1276 1375 1340 gauisus
1407 1274 1476 1323 est
1511 1291 1602 1339 pro
1632 1265 1856 1324 terminis
1881 1276 2113 1324 vndecim
2138 1293 2381 1325 annorum
2422 1313 2433 1325 .
2473 1314 2484 1325 .
2524 1313 2536 1325 .
2574 1294 2666 1341 pro

615 1379 749 1419 certa
786 1371 971 1417 summa
1007 1368 1248 1432 peccunie
1284 1366 1426 1415 nobis
1466 1383 1555 1430 pre
1592 1367 1820 1415 manibus
1858 1367 1910 1415 in
1948 1367 2119 1416 nostra
2156 1369 2351 1432 vrgenti
2386 1367 2667 1417 necestitate

615 1500 624 1510 .
667 1500 677 1509 .
718 1498 729 1509 .
765 1461 921 1509 soluta
944 1462 1067 1509 etin
1092 1460 1201 1507 vsus
1239 1496 1250 1506 .
1291 1496 1302 1507 .
1341 1495 1353 1506 .
1391 1457 1677 1507 monasterii
1714 1459 1966 1523 signanter
1989 1460 2042 1508 in
2065 1460 2438 1524 reparacionem
2478 1460 2667 1525 capelle

615 1553 918 1601 infirmitorii
955 1590 965 1600 .
1000 1589 1012 1600 .
1051 1589 1062 1599 .
1096 1551 1319 1600 funditus
1338 1550 1581 1599 destructe
1601 1552 1838 1599 conversa
1856 1559 1905 1599 et
1923 1567 2012 1615 per
2035 1568 2209 1599 manus
2237 1589 2248 1599 .
2277 1587 2289 1599 .
2318 1588 2329 1600 .
2355 1551 2667 1599 dominorum

615 1645 860 1694 Johannis
885 1643 1166 1708 Driburght
1189 1642 1407 1707 magistri
1443 1642 1631 1691 fabrice
1673 1668 1683 1679 ·
1724 1642 1929 1691 Ricardi
1957 1641 2075 1691 Scot
2104 1641 2366 1706 granitarii
2404 1669 2415 1678 ·
2459 1642 2667 1691 Roberti

620 1737 759 1802 Gray
776 1736 1021 1785 cellararii
1042 1765 1052 1774 ·
1067 1736 1120 1783 in
1136 1735 1528 1799 supplementum
1546 1734 1814 1783 officiorum
1832 1735 2026 1782 suorum
2054 1771 2063 1781 .
2086 1770 2097 1782 .
2119 1773 2128 1782 .
2149 1733 2412 1782 distributa
2427 1762 2437 1773 ·
2454 1734 2666 1783 termino

618 1828 847 1877 introitus
884 1865 894 1875 .
931 1865 941 1875 .
982 1864 992 1875 .
1026 1827 1293 1891 incipiente
1319 1827 1368 1874 in
1396 1826 1518 1875 festo
1543 1825 1707 1876 Sancti
1727 1826 1865 1875 Petri
1885 1826 2153 1874 aduincula
2170 1827 2336 1875 datam
2355 1826 2665 1890 presencium

617 1920 898 1968 immediate
941 1921 1171 1982 sequente
1213 1949 1223 1958 ·
1269 1919 1520 1968 Soluendo
1562 1956 1573 1967 .
1613 1956 1625 1967 .
1664 1955 1675 1966 .
1719 1920 1951 1967 summam
1989 1919 2314 1967 ducentarum
2352 1918 2664 1967 triumdecim

619 2012 854 2060 librarum
881 2011 960 2059 sex
985 2011 1248 2059 solidorum
1276 2019 1324 2060 et
1350 2014 1456 2059 οᾶο
1486 2011 1804 2060 denariorum
1831 2050 1841 2060 .
1868 2049 1877 2059 .
1905 2049 1914 2059 .
1940 2019 2138 2060 monete
2166 2009 2339 2059 Scocie
2365 2011 2495 2075 apud
2518 2010 2665 2059 Abir-

618 2103 822 2152 brothoc
848 2104 910 2151 ad
949 2142 958 2152 .
999 2142 1008 2151 .
1048 2143 1057 2152 .
1095 2102 1216 2151 festa
1250 2144 1260 2152 .
1298 2143 1307 2152 .
1347 2144 1356 2153 .
1392 2103 1544 2152 Pasce
1570 2111 1619 2152 et
1642 2101 1810 2151 Sancti
1835 2102 1974 2151 Petri
1998 2102 2265 2150 aduincula
2297 2142 2306 2151 .
2341 2142 2350 2151 .
2385 2141 2394 2151 .
2431 2102 2511 2150 uel
2534 2102 2666 2150 infra

621 2194 794 2259 viginti
820 2194 924 2243 dies
960 2234 969 2243 .
1006 2234 1015 2243 .
1053 2234 1062 2243 .
1100 2195 1166 2243 Et
1190 2194 1224 2243 fi
1250 2195 1369 2244 diai
1404 2235 1414 2244 .
1452 2234 1461 2244 .
1499 2234 1509 2244 .
1546 2195 1599 2242 in
1626 2193 1874 2243 solucione
1907 2230 1919 2242 .
1955 2231 1967 2242 .
2004 2230 2015 2241 .
2051 2194 2308 2242 deficerint
2333 2193 2500 2242 licebit
2523 2193 2665 2242 nobis

620 2325 628 2333 .
673 2325 680 2333 .
723 2324 733 2334 .
770 2286 830 2334 (19
862 2325 871 2335 .
903 2326 912 2334 .
944 2325 953 2334 .
992 2285 1194 2355 ecclefia
1217 2297 1266 2336 et
1291 2286 1497 2335 decimis
1521 2287 1584 2334 ad
1620 2325 1629 2334 .
1670 2323 1681 2334 .
1717 2325 1725 2334 .
1763 2285 1962 2335 libitum
1998 2324 2007 2334 .
2046 2325 2055 2334 .
2095 2325 2104 2334 .
2143 2284 2402 2349 disponere
2438 2324 2448 2334 .
2485 2324 2494 2334 .
2535 2321 2546 2333 .
2582 2285 2663 2334 De

621 2378 915 2441 quaquidem
942 2377 1126 2426 summa
1205 2417 1215 2426 .
1252 2418 1261 2427 .
1299 2378 1510 2427 fatemur
1534 2394 1624 2426 nos
1649 2376 1882 2442 recepiss'e
1920 2416 1930 2426 .
1970 2416 1979 2426 .
2017 2416 2026 2425 .
2067 2394 2156 2441 pre
2182 2376 2405 2425 manibus
2429 2378 2691 2425 summam<

623 2469 943 2517 ducentarum
969 2469 1282 2517 triumdecim
1313 2470 1551 2518 librarum
1575 2470 1657 2518 sex
1688 2469 1952 2517 solidorum
1979 2477 2029 2518 et
2053 2471 2161 2516 octo
2187 2469 2506 2517 denariorum
2547 2507 2557 2517 .
2599 2508 2609 2518 .
2652 2508 2663 2517 .

624 2567 820 2607 monete
848 2558 1019 2608 Scocie
1056 2599 1065 2608 .
1098 2599 1107 2608 .
1145 2600 1154 2608 .
1189 2561 1305 2608 anni
1333 2561 1538 2609 Domini
1561 2561 1803 2610 millefimi
1825 2560 2292 2626 quadringentefimi
2317 2559 2660 2626 [nonagesimi]

625 2650 771 2713 primi
807 2689 817 2698 .
855 2689 865 2698 .
905 2688 914 2698 .
955 2658 1003 2698 et
1027 2651 1087 2698 de
1113 2651 1336 2699 terminis
1361 2652 1510 2701 Pasce
1535 2660 1585 2701 et
1612 2651 1778 2702 Sanfh
1803 2652 1939 2700 Petri
1981 2691 1991 2700 .
2034 2690 2044 2700 .
2087 2691 2097 2700 .
2141 2651 2436 2715 Recepimus
2463 2651 2664 2700 vlterius

627 2741 859 2788 summam
878 2741 1130 2806 sexaginta
1148 2759 1325 2790 nouem
1344 2742 1581 2791 librarum
1602 2744 1749 2793 trium
1772 2743 2035 2791 solidorum
2062 2751 2111 2791 et
2136 2745 2244 2790 0820
2270 2743 2584 2791 denariorum
2602 2743 2663 2791 de

627 2832 865 2880 fructibus
900 2831 1043 2879 huius
1068 2832 1267 2880 ecclesie
1292 2834 1343 2881 in
1368 2851 1498 2881 anno
1528 2835 1734 2884 Domini
1768 2841 1835 2883 m⁰
1860 2841 1995 2885 cccc⁰
2017 2834 2332 2900 nonagesimo
2368 2835 2584 2888 secundo,
2616 2842 2664 2883 et

628 2923 679 2971 in
714 2931 903 2987 partem
937 2923 1197 2971 solucionis
1229 2924 1426 2972 termini
1459 2921 1610 2975 Pasce
1634 2928 1782 2991 primi
1807 2927 2007 2976 termini
2031 2927 2293 2975 solucionis
2317 2927 2435 2975 anni
2459 2924 2663 2974 Domini

2111 3019 2200 3043 .....

630 3023 723 3063 etc.
765 3014 1063 3078 nonagefimi
1103 3015 1245 3063 tercii
1284 3054 1294 3063 .
1337 3054 1347 3064 .
1387 3055 1396 3064 .
1438 3016 1591 3081 Apud
1637 3057 1647 3066 .
1690 3057 1700 3067 .
1744 3057 1753 3067 .
1803 3019 2073 3083 capitulum
2109 3036 2182 3067 1111
2235 3018 2314 3067 die
2352 3018 2527 3067 meniis
2564 3017 2664 3067 De·

631 3106 839 3156 cembris
863 3122 993 3154 anno
1018 3105 1223 3154 Domini
1246 3105 1496 3155 millesimo
1521 3109 1998 3174 quadringentesimo
2022 3087 2351 3176 nonagefimo.
