2762 3834
619 350 1048 402 REGISTRUM
1081 352 1178 400 DE
1215 353 1771 404 ABERBROTHOC.
2117 363 2213 406 203

176 486 315 534 cione
337 501 466 532 noue
490 483 783 548 prouifionis
808 483 974 531 nostre
999 485 1059 531 de
1085 484 1309 535 Romana
1336 487 1474 535 curia
1498 494 1719 551 tempore
1755 487 2075 536 confectionis
2107 505 2216 551 pre-

175 577 391 625 sencium
416 575 529 639 ipfis
550 575 705 640 igitur
731 614 739 622 .
766 613 776 623 .
804 613 814 623 .
840 591 931 638 pro
957 582 1061 624 toto
1087 583 1308 640 tempore
1335 577 1434 626 vite
1463 615 1472 625 .
1505 615 1515 625 .
1546 615 1556 625 .
1584 577 1762 626 dictam
1797 577 1962 626 villam
1991 615 2002 626 .
2026 615 2036 626 .
2068 615 2079 626 .
2107 595 2217 626 cum

176 667 414 717 decimis.
450 705 460 715 .
495 705 504 715 .
534 666 953 715 varantizabimus
988 703 998 713 .
1035 704 1046 714 .
1081 704 1091 714 .
1129 667 1281 731 Apud
1316 706 1326 716 .
1365 706 1376 715 .
1417 706 1428 716 .
1467 669 1736 733 capitulum
1758 669 1929 718 vltimo
1944 669 2024 718 die
2044 670 2217 718 menfis

177 759 478 808 Nouembris
503 775 633 807 anno
659 757 865 806 Domini
891 757 1144 806 millefimo
1171 760 1653 824 quadringentesimo
1678 761 1814 809 lxxx⁰
1838 761 2009 810 terci0.

108 1036 114 1042 ’
180 1011 390 1084 Contra
412 1031 447 1081 J
451 1033 658 1081 acobum
684 1031 852 1080 Bonar
875 1048 1027 1096 penes
1053 1030 1308 1079 ecclesiam
1335 1033 1394 1080 de
1420 1032 1752 1099 Abbirnethy.

7 1274 9 1288 ἱ
38 1220 127 1266 232
181 1195 278 1267 At
303 1215 599 1280 Edinburgh
625 1215 708 1264 the
734 1191 920 1281 twenty
945 1215 1043 1279 day
1070 1215 1143 1262 off
1159 1213 1194 1262 J
1197 1231 1352 1262 anuar
1377 1216 1460 1263 the
1485 1233 1603 1280 yere
1629 1217 1682 1264 of
1704 1217 1847 1266 Gode
1872 1218 1918 1265 i¹¹¹
1942 1218 2031 1266 iiiic
2054 1219 2225 1266 lxxxiii

7 1304 9 1323 ³
182 1309 314 1373 yeris
351 1309 492 1357 befor
528 1308 614 1356 the
651 1307 830 1355 Lordis
872 1307 927 1354 of
964 1306 1174 1355 Consele
1223 1307 1465 1371 comperit
1503 1307 1631 1355 schir
1675 1308 1963 1357 Alexander
2004 1309 2224 1359 Simsoun

182 1409 509 1465 procuratour
534 1401 611 1448 for
636 1400 718 1449 the
744 1400 892 1448 abbot
917 1399 1016 1447 and
1042 1406 1260 1447 conuent
1286 1399 1340 1447 of
1372 1399 1707 1449 Abirbrothoc
1744 1403 1842 1449 and
1873 1403 2098 1466 protestit
2122 1403 2229 1451 that

183 1495 362 1543 becaus
402 1494 485 1542 the
521 1493 625 1541 said
659 1493 808 1542 abbot
841 1493 939 1541 and
974 1500 1190 1540 conuent
1232 1509 1328 1540 was
1372 1491 1657 1541 summonde
1700 1503 1749 1543 at
1788 1484 1868 1542 the
1911 1495 2130 1543 instance
2168 1497 2239 1542 off

184 1587 219 1635 J
223 1604 359 1652 amys
385 1586 552 1635 Bonar
578 1587 651 1635 off
679 1585 827 1651 Roffy
853 1586 952 1634 and
977 1586 1083 1634 that
1116 1585 1199 1634 the
1237 1585 1339 1632 said
1372 1584 1548 1650 Jamys
1575 1585 1730 1633 walde
1764 1586 1914 1635 nocht
1950 1603 2149 1651 comper
2181 1596 2230 1635 to

186 1680 346 1728 follow
386 1680 540 1728 thaim
583 1680 730 1744 efftyr
770 1679 854 1728 the
897 1687 1041 1727 tenor
1078 1678 1132 1726 of
1172 1677 1250 1725 his
1291 1677 1593 1727 summondis
1634 1678 1741 1727 that
1778 1678 1966 1727 tharfor
1996 1679 2057 1727 he
2100 1680 2232 1727 sulde

185 1773 337 1822 nocht
360 1773 422 1821 be
447 1773 600 1822 herde
626 1789 784 1837 agane
809 1771 975 1821 tharne
1000 1771 1052 1819 in
1079 1771 1334 1835 iugement
1371 1771 1509 1836 quhil
1544 1771 1607 1820 he
1642 1771 1769 1820 haue
1793 1780 1914 1836 payt
1949 1771 2059 1821 thar
2093 1771 2235 1819 costis

188 1866 284 1914 and
308 1864 530 1929 expenfis
556 1865 655 1913 aud
679 1864 819 1929 quhil
842 1864 956 1912 thar
979 1864 1040 1912 be
1066 1880 1173 1910 new
1199 1863 1509 1911 summondis.

258 1957 508 2021 Scriptum
533 1974 623 2021 per
647 1974 725 2005 me
751 1956 1027 2004 Robertum
1053 1954 1248 2005 Coluile
1284 1957 1574 2020 deputatum
1601 1956 1895 2005 venerabilis
1921 1956 2015 2004 viri
2051 1957 2235 2004 domini

191 2051 469 2099 Alexandri
509 2049 626 2099 Scot
666 2049 874 2098 reaoris
913 2049 973 2097 de
1017 2048 1259 2113 Wigtoun
1302 2048 1578 2097 rotulorum
1622 2057 1671 2097 et
1715 2049 1909 2112 registri
1952 2065 2010 2096 ac
2050 2047 2235 2096 confilii

193 2143 406 2207 supremi
431 2142 619 2190 domini
644 2140 799 2190 nostri
823 2141 956 2206 regis
980 2141 1069 2189 sub
1094 2141 1215 2189 meis
1240 2140 1377 2207 {igno
1403 2148 1452 2189 et
1478 2140 1828 2204 subscriptione
1852 2139 2168 2188 manualibus.

18 2299 21 2358 ε

19 2364 21 2390 Ι

20 2404 22 2407 ⁴
193 2395 404 2467 Contra
426 2417 461 2466 J
465 2418 672 2466 acobum
698 2416 867 2465 Bonar
891 2434 1044 2482 penes
1070 2416 1297 2466 eandem.

22 2587 143 2671 {233
194 2581 515 2654 Reuerende
552 2604 749 2652 domine
782 2604 848 2651 mi
886 2603 1256 2668 fingularissime
1293 2602 1344 2650 in
1382 2601 1714 2650 contrauerfia
1749 2608 1881 2648 mota
1916 2607 1964 2648 et
1997 2599 2240 2646 mouenda

24 2675 25 2692 Ξ
193 2713 281 2758 per
311 2695 555 2745 Jacobum
593 2695 762 2745 Bonar
798 2696 859 2744 de
898 2694 1041 2743 Roffe
1079 2703 1254 2743 contra
1290 2694 1498 2743 vestram
1534 2692 1858 2741 reuerendam
1895 2690 2239 2755 paternitatem

194 2806 283 2852 per
309 2790 516 2838 eandem
542 2789 878 2853 interrogetur
913 2806 941 2836 a
973 2789 1102 2836 diao
1127 2788 1162 2836 J
1165 2788 1319 2836 acobo
1345 2804 1442 2851 quo
1477 2786 1585 2834 iure
1618 2784 1717 2849 ipse
1754 2783 1906 2848 exigit
1938 2782 2151 2830 decimas
2181 2782 2240 2828 de

197 2879 433 2946 Dunbolg
475 2889 524 2930 et
562 2881 880 2946 Abbirnethy
919 2908 928 2918 ·
966 2880 1030 2929 Et
1070 2879 1104 2927 fi
1149 2880 1281 2928 dicat
1323 2879 1455 2942 quod
1496 2878 1605 2925 iure
1644 2875 1945 2924 hereditario
1984 2874 2053 2921 sui
2088 2873 2240 2937 patris

198 2972 521 3036 respondetur
541 2974 672 3036 quod
697 2990 798 3021 non
825 2972 1060 3036 competit
1085 2972 1171 3020 fibi
1195 2971 1280 3019 illo
1306 2970 1506 3018 nomine
1530 2969 1657 3033 ipsas
1681 2975 1849 3031 petere
1870 2966 1985 3029 quia
2009 2982 2107 3012 non
2133 2965 2238 3011 sunt

198 3064 328 3112 bona
358 3064 662 3113 hereditaria
687 3081 969 3128 quanquam
1003 3063 1210 3112 haberet
1240 3062 1493 3111 racionem
1522 3059 1672 3108 veluti
1708 3076 1805 3107 non
1833 3058 1980 3106 habet
2003 3057 2085 3104 sed
2108 3072 2239 3102 mere

201 3155 473 3218 spiritualia
497 3166 545 3204 et
571 3155 687 3203 talia
711 3156 842 3203 bona
865 3153 1118 3218 pertinent
1143 3153 1487 3203 executoribus
1507 3151 1722 3200 defunffi
1747 3177 1756 3186 ·
1782 3151 1846 3197 Et
1870 3148 1903 3196 fi
1928 3155 2064 3212 petat
2082 3146 2238 3193 huius-
