2742 3848
53 883 144 934 IX.

835 366 1135 420 CARTAE
1173 366 1642 419 ORIGINALES.
2183 373 2278 417 541

195 572 554 648 confirmacio
612 597 747 661 regis
806 596 979 648 David
1025 597 1174 664 super
1233 603 1374 647 carta
1431 596 1566 662 regis
1614 595 1877 663 Willelmy
1924 595 1987 645 de
2049 596 2279 645 omnibus

194 690 525 739 libertatibus.

198 857 394 932 Dauid
436 917 445 926 .
490 917 499 926 .
545 917 553 927 .
596 895 686 927 rex
728 876 1016 928 Scottorum
1059 915 1070 927 .
1118 915 1129 927 .
1178 915 1188 926 .
1233 876 1463 926 omnibus
1505 916 1515 926 .
1557 916 1567 927 .
1607 916 1618 927 .
1660 877 1869 928 salutem
1912 906 1924 916 ·
1969 876 2152 929 Sciatis
2188 895 2280 927 nos

197 971 456 1037 inspexisse
499 1008 510 1019 .
553 1008 563 1019 .
612 1008 623 1020 .
667 971 973 1020 donaciones
1007 978 1057 1021 et
1091 970 1506 1020 confirmaciones
1549 1009 1560 1020 .
1602 1011 1612 1021 .
1653 1010 1663 1021 .
1707 971 1954 1021 Willelmi
1991 1009 2003 1021 .
2044 1009 2055 1021 .
2097 1009 2108 1021 .
2146 972 2280 1038 regis

199 1064 375 1115 Scocie
401 1065 463 1113 de
489 1064 638 1113 terris
663 1071 714 1114 et
739 1062 957 1114 eoelestis
981 1064 1241 1130 burgagiis
1265 1064 1405 1115 tostis
1431 1071 1482 1114 et
1505 1064 1789 1114 redditibus
1813 1064 2113 1115 monasterio
2160 1103 2171 1115 .
2213 1103 2224 1114 .
2267 1103 2278 1114 .

196 1160 257 1207 de
282 1158 628 1208 Abirbrothoc
667 1196 678 1206 .
719 1196 730 1207 .
770 1196 782 1207 .
822 1156 1072 1207 conceffas
1108 1198 1118 1207 .
1157 1197 1167 1207 .
1205 1198 1215 1207 .
1251 1158 1305 1207 in
1330 1158 1426 1208 hec
1451 1159 1610 1207 uerba
1631 1186 1643 1197 ·
1669 1158 1955 1209 Willelmus
1980 1158 2081 1209 Dei
2105 1159 2280 1225 gracia

194 1271 282 1302 rex
323 1252 611 1302 Scottorum
647 1251 892 1317 episcopis
921 1251 1039 1318 [etc.
1066 1251 1199 1301 utin
1225 1252 1345 1302 Vol.
1371 1251 1415 1302 I.
1442 1252 1545 1302 No.
1576 1251 1646 1319 L]
1700 1293 1710 1303 .
1764 1290 1776 1302 .
1831 1291 1842 1302 .
1896 1253 2036 1312 Quas
2073 1253 2278 1318 quidem

194 1346 498 1397 donaciones
540 1384 551 1395 .
592 1384 603 1395 .
646 1384 656 1395 .
698 1353 749 1396 et
774 1345 1188 1395 confirmaciones
1211 1363 1303 1395 nos
1340 1383 1352 1396 .
1393 1383 1406 1396 .
1448 1383 1460 1395 .
1497 1346 1873 1412 inperpetuum
1895 1347 2277 1397 confirmamus·

194 1440 255 1491 In
282 1440 423 1490 cuius
447 1441 522 1489 rei
548 1439 886 1490 testimonium
910 1440 1131 1506 presenti
1161 1447 1299 1491 carte
1335 1439 1505 1490 nostre
1541 1439 1758 1506 sigillum
1793 1440 2017 1490 nostrum
2053 1441 2281 1508 precepi-

196 1551 303 1583 mus
330 1533 515 1599 apponi
541 1562 552 1572 ·
579 1532 784 1583 testibus
823 1571 833 1583 .
874 1572 886 1583 .
927 1572 937 1583 .
975 1533 1272 1583 Alexandro
1297 1561 1309 1573 ·
1331 1534 1499 1584 Adam
1526 1562 1537 1575 ·
1563 1543 1614 1584 et
1639 1534 1842 1600 Rogero
1867 1563 1878 1575 ·
1909 1533 2248 1584 Abirdonenfi
2269 1564 2279 1575 ·

194 1627 538 1694 Brechynenfi
585 1657 595 1667 ·
643 1635 693 1677 et
734 1626 955 1678 Roffenfi
998 1668 1008 1678 .
1052 1667 1062 1677 .
1111 1667 1122 1677 .
1162 1628 1405 1694 episcopis
1448 1657 1460 1667 ·
1505 1626 1803 1677 Alexandro
1846 1655 1857 1667 ·
1897 1627 2134 1677 Johanne
2179 1657 2189 1668 ·
2233 1635 2283 1677 et

194 1722 363 1770 Adam
407 1752 418 1763 ·
457 1721 520 1770 de
545 1720 919 1787 Dunfermelyn
958 1751 970 1761 ·
1014 1721 1077 1770 de
1105 1720 1279 1787 Cupro
1319 1751 1330 1763 ·
1371 1728 1422 1771 et
1446 1721 1510 1770 de
1531 1719 1769 1771 Lundors
1814 1758 1826 1770 .
1870 1758 1881 1769 .
1924 1758 1935 1770 .
1979 1721 2244 1770 abbatibus
2271 1752 2281 1762 ·

192 1814 447 1864 Duncano
473 1814 656 1864 comite
682 1815 746 1863 de
770 1813 874 1880 Fyf
902 1842 912 1852 ·
944 1814 1169 1864 Roberto
1193 1815 1257 1864 de
1282 1814 1421 1864 Keth
1446 1814 1740 1864 marescallo
1769 1813 1944 1864 Scocie
1979 1841 1990 1852 -
2020 1813 2194 1863 Dauid
2219 1814 2282 1863 de

196 1908 349 1975 Haya
370 1907 739 1958 constabulario
765 1906 943 1957 Scocie
969 1936 980 1947 ·
1007 1906 1282 1958 Malcolmo
1300 1907 1552 1974 Flemyng
1577 1915 1627 1957 et
1651 1907 1887 1973 Philippo
1910 1907 1973 1956 de
1993 1906 2283 1972 Melgdrum

196 2002 438 2051 militibus
477 2031 488 2042 ·
529 2002 664 2068 apud
689 2001 1035 2052 Abirbrothoc
1059 2002 1469 2067 septimodecimo
1496 2001 1579 2051 die
1603 2000 1636 2051 J
1644 2000 1750 2050 unii
1776 2018 1909 2050 anno
1946 2000 2091 2067 regni
2126 1999 2282 2050 nostri

198 2096 567 2146 terciodecimo.

198 2360 462 2450 Tarvays.

199 2550 394 2624 Dauid
433 2609 444 2620 .
482 2608 494 2620 .
531 2608 542 2619 .
577 2587 665 2640 rex
695 2568 981 2620 Scottorum
1010 2570 1242 2619 omnibus
1279 2606 1290 2618 .
1330 2605 1341 2617 .
1380 2606 1392 2618 .
1429 2568 1638 2618 salutem
1665 2597 1675 2609 ·
1704 2566 1886 2618 Sciatis
1910 2584 2001 2617 nos
2026 2567 2285 2634 inspexisse

257 2704 268 2714 .
314 2703 326 2714 .
370 2672 560 2715 cartam
604 2703 614 2714 .
662 2703 673 2714 .
720 2702 731 2713 .
776 2663 989 2713 Roberti
1040 2701 1051 2713 .
1105 2700 1116 2713 .
1167 2701 1179 2713 .
1227 2663 1386 2729 patris
1429 2662 1586 2712 nostri
1629 2660 1809 2713 fafitam
1853 2701 1864 2712 .
1912 2701 1924 2712 .
1971 2700 1982 2712 .
2026 2663 2194 2713 abbati
2237 2673 2287 2714 et

201 2759 459 2809 monachis
503 2797 514 2809 .
556 2797 567 2808 .
613 2797 623 2808 .
669 2759 731 2808 de
756 2757 1105 2808 Abirbrothoc
1130 2757 1276 2823 super
1302 2757 1452 2807 terris
1477 2773 1601 2822 quas
1624 2756 1814 2806 habent
1837 2756 1971 2806 infra
1993 2757 2283 2822 parochiam

201 2854 264 2902 de
303 2851 537 2919 Taruays
580 2890 592 2902 .
638 2890 650 2901 .
696 2890 707 2901 .
753 2852 805 2901 in
841 2851 936 2901 hec
973 2851 1129 2902 verba
1168 2877 1179 2890 ·
1222 2851 1476 2901 Robertus
1512 2850 1614 2901 Dei
1655 2850 1830 2918 gracia
1866 2867 1957 2899 rex
1997 2849 2283 2901 Scottorum

207 2946 321 3013 [etc.
349 2948 484 2996 utin
510 2947 630 2997 Vol.
656 2947 699 2997 Ι.
727 2947 827 2997 No.
854 2946 995 3014 278]
1047 2987 1057 2998 .
1107 2986 1116 2996 .
1165 2986 1176 2997 .
1228 2945 1396 3005 Quam
1432 2945 1636 3011 quidem
1674 2951 1866 2995 cartam
1901 2960 1992 2994 nos
2043 2974 2078 2994 ,ψ
2108 2984 2119 2994 .
2172 2983 2182 2993 .
2232 2945 2284 2993 in

202 3048 500 3106 perpetuum
537 3040 890 3091 confirmamus
928 3069 939 3079 ·
980 3040 1042 3090 In
1077 3039 1217 3091 cuius
1241 3040 1317 3090 rei
1343 3039 1682 3089 testimonium
1706 3039 1928 3106 presenti
1954 3046 2092 3089 carte
2117 3037 2284 3087 nostre

203 3131 416 3199 sigillum
447 3133 672 3183 nostrum
706 3134 1025 3200 precepimus
1061 3133 1248 3200 apponi
1288 3163 1299 3174 ·
1337 3132 1546 3184 testibus
1588 3174 1598 3183 .
1639 3174 1649 3184 .
1694 3173 1703 3183 .
1744 3133 2040 3183 Alexandro
2066 3131 2283 3181 Abirdo-

203 3226 340 3276 nenfi
365 3236 415 3278 et
441 3227 609 3277 Adam
634 3226 979 3294 Brechynenfi
1017 3264 1028 3277 .
1069 3264 1080 3276 .
1121 3265 1132 3276 .
1171 3227 1415 3295 episcopis
1453 3255 1464 3267 ·
1507 3227 1763 3278 Duncano
1795 3226 1978 3276 comite
2015 3225 2078 3274 de
2111 3222 2239 3289 Fyfe
2274 3251 2302 3280 ·,
