2742 3848
608 352 1036 403 REGISTRUM
1070 352 1168 402 DE
1203 352 1765 404 ABERBROTHOC.
2115 362 2207 407 501

155 494 202 533 et
228 485 433 534 totidem
458 485 715 550 glebarum
741 494 790 535 et
815 487 1145 535 submittendo
1182 487 1242 534 se
1263 487 1453 536 iuribus
1490 496 1539 536 et
1576 488 1726 536 curiis
1763 488 1954 536 abbatis
1981 497 2034 538 ut
2059 492 2210 538 ceteri

154 586 378 627 tenentes
404 586 452 627 et
475 578 730 628 husbandi
754 607 764 617 ·
800 584 865 628 20
889 579 923 628 J
930 580 1015 628 ulii
1045 584 1190 628 1530.

4 853 97 907 748
152 834 305 905 Idem
326 855 579 904 constituit
605 855 851 903 Thomam
891 855 1114 903 Menzeis
1152 856 1213 904 de
1250 855 1577 905 Petfoddellis
1616 885 1625 894 ·
1664 855 1970 905 Willelmum
1995 856 2211 906 Rolland

149 948 439 1013 burgensem
476 949 538 996 de
574 948 805 997 Abirden
842 975 852 985 ·
889 947 1178 1013 magistrum
1218 947 1464 996 Thomam
1502 948 1728 997 Annand
1760 977 1769 987 ·
1808 956 1856 997 et
1893 949 2016 998 alios
2053 979 2063 989 ·
2101 950 2210 998 suos

148 1049 497 1104 procuratores
522 1041 586 1089 ad
612 1041 1001 1104 comparendum
1038 1056 1206 1089 coram
1241 1040 1488 1104 prepofito
1515 1058 1572 1089 ac
1597 1041 1796 1090 balliuis
1820 1042 1882 1090 de
1907 1042 2135 1114 Abirden
2162 1051 2211 1091 et

148 1134 258 1182 aliis
293 1151 416 1198 quos
450 1133 823 1198 infrascriptum
858 1133 1020 1198 tangit
1045 1132 1306 1198 negocium
1334 1163 1343 1174 -
1371 1142 1420 1182 et
1444 1134 1714 1197 petendum
1739 1133 2040 1182 solucionem
2066 1135 2210 1183 vnius

147 1230 299 1274 annui
323 1226 549 1274 redditus
569 1225 788 1290 quinque
814 1226 1055 1274 librarum
1080 1225 1141 1273 de
1166 1224 1313 1273 terris
1338 1203 1588 1288 quondam
1616 1224 1810 1273 Thome
1836 1225 1938 1290 Fyf
1956 1227 2210 1291 burgensis

148 1318 265 1366 dicti
289 1317 436 1382 burgi
473 1325 526 1366 ut
562 1317 614 1365 in
649 1316 808 1366 literis
844 1317 978 1382 regis
1015 1325 1064 1365 et
1100 1317 1302 1366 decreto
1340 1316 1655 1364 dominorum
1693 1317 1882 1366 consilii
1913 1318 2070 1367 lacius
2095 1336 2210 1368 con-

149 1411 335 1459 tinetur
372 1438 381 1446 ·
418 1409 737 1474 quasquidem
774 1417 933 1458 terras
955 1408 1062 1474 post
1087 1408 1326 1458 deceffum
1355 1408 1551 1457 Thome
1577 1408 1679 1474 Fyf
1697 1427 1832 1459 nunc
1856 1411 2089 1460 Andreas
2113 1412 2216 1477 Fyf

148 1501 403 1567 burgenfis
428 1501 544 1549 diai
569 1501 713 1565 burgi
752 1509 963 1566 occupat
986 1509 1038 1550 vt
1062 1483 1191 1550 filius
1228 1510 1278 1550 et
1312 1501 1457 1549 heres
1488 1502 1698 1566 predicti
1725 1502 1918 1552 Thome
1944 1531 1953 1542 ·
1979 1522 2009 1552 a
2032 1505 2210 1568 quibus

148 1593 448 1642 solucionem
484 1592 667 1657 prefati
703 1593 857 1641 annui
893 1593 1118 1642 redditus
1154 1611 1316 1659 neque
1353 1595 1505 1644 abbas
1539 1612 1703 1659 neque
1739 1596 2105 1660 predecessores
2139 1598 2210 1646 sui

147 1686 330 1734 habere
365 1692 635 1750 potuerunt
671 1712 681 1722 ·
718 1702 777 1734 ac
813 1685 970 1733 eciam
996 1684 1031 1732 fi
1057 1702 1179 1750 opus
1215 1686 1366 1735 fuerit
1404 1687 1537 1735 bona
1563 1686 1758 1736 Thome
1796 1697 1845 1737 et
1881 1689 2089 1738 Andree
2114 1690 2217 1756 Fyf

147 1777 542 1843 distringendum
580 1806 590 1815 ·
627 1776 853 1825 saisinam
878 1776 913 1826 fi
938 1777 1127 1826 necesse
1151 1778 1303 1827 fuerit
1339 1779 1400 1827 de
1437 1796 1609 1827 eorum
1647 1780 1794 1829 terris
1830 1781 2210 1845 recipiendum·

147 1878 196 1918 et
220 1870 387 1918 omnia
411 1868 510 1917 alia
534 1868 817 1918 faciendum
843 1868 894 1916 in
921 1868 1159 1933 premiffis
1183 1869 1451 1919 necefl'aria
1489 1900 1499 1910 ·
1538 1874 1603 1919 20
1628 1869 1663 1919 J
1666 1870 1755 1919 ulii
1786 1875 1928 1920 1530.
2009 1915 2013 1921 .

149 2129 300 2200 Idem
339 2151 598 2199 confirmat
635 2158 821 2199 cartam
852 2150 1059 2198 Andree
1085 2149 1272 2215 Seyton
1298 2151 1359 2199 de
1385 2150 1669 2216 Parbroyth
1705 2169 1804 2215 qua
1840 2151 2069 2201 concedit
2106 2151 2206 2200 Gil-

149 2243 290 2291 berto
315 2241 502 2308 Seyton
537 2242 639 2291 filio
675 2243 760 2291 suo
795 2242 1129 2307 primogenito
1167 2251 1217 2291 et
1252 2243 1480 2307 aparenti
1515 2243 1689 2291 heredi
1727 2252 1776 2292 et
1811 2244 1908 2291 suis
1945 2243 2209 2292 heredibus

149 2337 505 2386 dimidietatem
531 2345 777 2386 terrarum
803 2337 864 2384 de
894 2334 1197 2400 Hathirwyk
1222 2343 1270 2383 et
1299 2333 1476 2383 Glalek
1498 2334 1550 2381 in
1575 2333 1837 2398 regalitate
1863 2335 1924 2382 de
1949 2335 2209 2400 Arbroyth

150 2439 199 2477 et
225 2430 574 2478 vicecomitatu
599 2429 660 2477 de
685 2428 864 2477 Forfar
889 2446 980 2492 pro
1016 2427 1158 2476 filiali
1196 2426 1460 2475 dilectione
1497 2433 1546 2474 et
1578 2442 1670 2489 pro
1696 2425 2057 2489 complemento
2095 2443 2208 2476 con-

148 2525 333 2569 tractus
347 2521 481 2569 inter
499 2520 656 2585 ipsum
673 2520 932 2568 Andream
950 2527 999 2568 et
1021 2519 1297 2585 Georgium
1317 2518 1547 2567 comitem
1568 2518 1629 2567 de
1647 2517 1872 2583 Roythes
1898 2546 1907 2556 ·
1935 2518 2208 2566 Reddendo

13 2610 37 2681 ζ
148 2614 314 2662 abbati
350 2614 462 2661 iura
497 2620 545 2661 et
582 2612 792 2660 seruicia
827 2612 888 2660 de
925 2612 1072 2660 terris
1108 2611 1277 2660 debita
1312 2618 1505 2660 tantum
1541 2637 1552 2648 ·
1591 2609 1746 2660 Carta
1781 2611 1898 2659 data
1934 2611 2066 2674 apud
2089 2610 2207 2659 Par-

35 2687 37 2699 *
147 2706 328 2771 broyth
361 2710 392 2759 9
417 2704 678 2753 Februarii
707 2707 836 2758 1529
874 2721 1042 2752 coram
1076 2702 1310 2769 magistro
1337 2702 1565 2751 Gilberto
1601 2701 1979 2767 Strathaquhyn
2008 2703 2207 2767 protho-

151 2798 345 2846 notario
371 2796 641 2861 apostolico
667 2796 908 2845 canonico
931 2795 1265 2844 Abirdonenfi
1292 2822 1302 2833 ·
1327 2795 1547 2843 Roberto
1572 2794 1748 2861 Lessye
1775 2795 1836 2843 de
1862 2795 2171 2859 Innerpeffer
2196 2825 2204 2834 ·

154 2889 420 2939 Nicholaio
456 2888 798 2953 Lochmalony
835 2915 846 2925 ·
887 2895 937 2937 et
975 2887 1207 2953 magistro
1245 2888 1454 2936 Andrea
1490 2886 1755 2936 Brounhill
1799 2917 1808 2926 ·
1852 2904 1963 2935 cum
2005 2887 2207 2937 diuerfis

155 2981 263 3029 aliis
295 3009 304 3017 ·
339 2980 672 3032 Confirmacio
699 2982 815 3031 data
839 2981 970 3045 apud
994 2980 1344 3031 monasterium
1375 2985 1434 3030 14
1463 2979 1698 3030 Octobris
1727 2983 1868 3027 1530.
