2742 3848
628 349 1055 399 REGISTRUM
1089 349 1187 401 DE
1224 349 1783 401 ABERBROTHOC.
2143 359 2240 410 493

31 579 123 633 727
178 553 331 624 Idem
356 590 447 638 pro
472 575 725 623 nonnullis
757 576 956 624 summis
987 576 1198 640 pecunie
1236 583 1284 625 et
1319 577 1429 625 aliis
1465 577 1853 643 gratitudinibus
1879 585 1929 626 et
1953 578 2237 643 ingentibus

177 667 428 716 laboribus
453 667 516 715 ad
540 684 715 716 manus
747 669 879 732 regis
915 685 1006 733 pro
1030 669 1335 719 releuamine
1365 670 1555 719 abbatis
1581 689 1611 719 a
1634 670 1943 720 diuersorum
1977 678 2237 736 potentum

177 768 226 808 et
250 761 466 824 ipsorum
504 759 757 808 hominum
792 760 1225 810 molestacionibus
1251 763 1375 812 etin
1407 771 1729 828 augmentum
1761 763 1966 813 rentalis
2004 765 2237 813 concedit

177 852 433 901 Willelmo
457 852 587 900 Wod
611 853 672 901 de
697 852 964 902 Bonneton
1002 860 1050 900 et
1086 853 1183 901 suis
1217 854 1482 903 heredibus
1519 864 1678 904 terras
1715 856 1776 904 de
1815 855 2099 921 Newbigyn
2125 873 2237 904 cum

179 945 465 994 molendino
492 945 854 1011 Kyrktonmyll
873 945 1125 1009 wlgariter
1150 956 1437 1011 nuncupato
1463 965 1522 996 ac
1543 948 1758 996 eiusdem
1779 948 1976 996 astricta
1991 948 2211 997 multura
2227 978 2237 987 ·

180 1039 332 1087 ordeo
367 1038 625 1087 custumali
666 1038 800 1103 ryng
831 1039 944 1102 beyr
972 1037 1224 1103 wlgariter
1261 1047 1548 1104 nuncupato
1590 1069 1600 1079 ·
1644 1047 1692 1089 et
1731 1040 1839 1088 aliis
1879 1040 2238 1105 pertinenciis·

177 1132 397 1180 iacentes
418 1131 469 1180 in
495 1131 704 1180 baronia
728 1140 777 1180 et
800 1131 1064 1196 regalitate
1090 1132 1151 1179 de
1176 1132 1487 1197 Abirbroyth
1520 1132 1740 1180 dominio
1777 1133 1839 1180 de
1872 1132 2086 1197 Athy-et
2111 1132 2241 1181 vice-

179 1225 416 1273 comitatu
441 1225 502 1273 de
528 1223 706 1272 Forfar
747 1251 757 1262 ·
792 1224 1117 1272 extendentes
1142 1223 1193 1271 in
1220 1224 1401 1272 rentali
1426 1223 1660 1272 videlicet
1686 1223 2021 1290 Newbyggyn
2058 1225 2123 1273 ad
2160 1224 2240 1273 sex

178 1317 334 1365 bollas
358 1316 594 1365 frumenti
627 1315 707 1364 sex
742 1315 899 1364 bollas
930 1316 1070 1363 ordei
1105 1324 1154 1364 et
1186 1316 1265 1363 sex
1301 1315 1458 1363 bollas
1495 1316 1655 1364 farine
1691 1316 1953 1365 auenatice
1987 1316 2155 1365 abbati
2192 1324 2241 1364 et

179 1410 357 1475 viginti
380 1410 560 1458 solidos
584 1416 781 1462 monete
810 1407 984 1458 Scocie
1010 1407 1269 1456 cellerario
1296 1436 1306 1446 ·
1334 1415 1383 1457 et
1401 1408 1740 1457 molendinum
1767 1409 1831 1457 ad
1854 1408 2067 1457 sedecim
2086 1408 2240 1457 libras

180 1489 347 1551 abbati
395 1520 453 1550 ac
494 1502 671 1566 viginti
714 1501 892 1549 solidos
939 1500 1135 1549 sacriste
1174 1500 1526 1565 persoluendos
1575 1529 1584 1538 ·
1635 1500 1912 1549 Reddendo
1952 1517 2045 1564 pro
2094 1502 2241 1549 terris

180 1594 359 1659 viginti
397 1603 611 1658 quatuor
650 1593 808 1642 bollas
851 1593 1136 1642 vi&ualium
1173 1592 1407 1641 videlicet
1453 1593 1535 1641 sex
1576 1593 1734 1641 bollas
1777 1593 2013 1641 frumenti
2060 1611 2241 1642 nouem

178 1687 336 1736 bollas
362 1687 502 1735 ordei
538 1694 587 1734 et
618 1702 800 1734 nouem
832 1686 989 1734 bollas
1021 1685 1183 1734 farine
1217 1685 1476 1734 auenatice
1506 1687 1733 1734 mensure
1767 1685 1863 1734 fori
1897 1686 2144 1734 currentis
2181 1687 2241 1734 de

179 1781 375 1829 mundis
399 1780 537 1844 puris
563 1788 612 1827 et
635 1778 779 1826 bonis
806 1777 1100 1826 victualibus
1123 1778 1187 1826 ad
1211 1777 1449 1827 terminos
1473 1777 1696 1826 soluendi
1721 1804 1731 1814 ·
1759 1786 1808 1826 et
1831 1794 1923 1842 pro
1955 1777 2241 1826 molendino

179 1872 507 1921 nouendecim
530 1872 681 1920 libras
700 1878 897 1920 monete
918 1870 1092 1920 Scocie
1113 1871 1177 1919 ad
1195 1870 1434 1920 terminos
1455 1871 1642 1919 vsuales
1669 1902 1679 1912 ·
1704 1872 1756 1919 in
1777 1873 2241 1937 augmentacionem

179 1966 384 2015 rentalis
427 1965 491 2013 ad
528 1966 609 2013 sex
646 1964 803 2013 bollas
830 1963 1118 2012 victualium
1150 1964 1202 2011 in
1237 1964 1389 2011 ordeo
1423 1971 1474 2011 et
1506 1964 1667 2012 farina
1704 1965 1966 2013 auenatica
1999 1965 2242 2029 equaliter

181 2058 450 2107 diuidendo
473 2064 523 2105 et
546 2067 647 2105 tres
671 2055 824 2104 libras
849 2066 1047 2105 monete
1070 2056 1290 2120 predicte
1315 2083 1325 2095 ·
1352 2056 1587 2104 soluendo
1612 2055 1767 2103 eciam
1791 2056 2049 2105 cellerario
2065 2057 2242 2122 viginti

179 2151 359 2198 solidos
391 2149 559 2197 fimilis
592 2157 790 2197 monete
816 2138 1143 2196 ad'terminos
1169 2148 1358 2196 vsuales
1395 2155 1444 2196 et
1480 2148 1678 2196 sacriste
1704 2148 1882 2212 viginti
1909 2147 2032 2196 alios
2057 2148 2240 2196 solidos

182 2245 231 2291 in
258 2242 378 2292 festo
402 2241 588 2290 Pasche
626 2272 635 2281 ·
675 2240 976 2304 duplicando
1002 2239 1464 2305 augmentacionem
1490 2240 1540 2288 in
1568 2256 1699 2287 nouo
1725 2239 1936 2291 introitu
1968 2268 1979 2278 ·
2011 2239 2239 2291 faciendo

181 2346 281 2385 tres
306 2335 457 2383 sectas
477 2335 540 2381 ad
560 2343 660 2381 tres
687 2333 849 2381 curias
870 2332 1106 2396 capitales
1127 2332 1401 2396 regalitatis
1427 2359 1438 2369 ·
1466 2339 1516 2379 et
1534 2329 1865 2379 intereffendo
1885 2331 2112 2378 omnibus
2131 2331 2239 2382 aliis

183 2428 333 2476 curiis
358 2427 556 2490 quando
581 2424 848 2489 premoniti
873 2424 1058 2473 fuerint
1084 2450 1094 2460 ·
1117 2423 1252 2472 salua
1276 2423 1537 2487 regalitate
1563 2422 1754 2471 abbatis
1787 2451 1797 2460 ·
1836 2427 1895 2470 14
1921 2422 1956 2470 J
1961 2422 2045 2471 ulii
2072 2427 2214 2478 1529.

34 2715 128 2768 7⁶28
179 2689 504 2772 Preceptum
523 2707 674 2755 safine
694 2706 932 2754 di&arum
954 2713 1202 2754 terrarum
1221 2712 1270 2752 et
1288 2702 1560 2751 molendini
1579 2703 1821 2751 directum
1841 2702 2010 2751 Dauid
2029 2703 2238 2768 Gardyn

183 2803 244 2849 de
269 2800 400 2865 Leys
426 2808 474 2848 et
500 2799 642 2848 alteri
667 2798 865 2846 balliuis
891 2797 1082 2846 abbatis
1107 2797 1159 2844 in
1183 2795 1277 2844 hac
1303 2803 1444 2860 parte
1470 2824 1479 2833 ·
1511 2799 1573 2843 15
1599 2794 1634 2843 J
1639 2794 1727 2843 ulii
1756 2799 1902 2849 1529.

42 3082 136 3135 729
190 3056 385 3127 Abbas
410 3073 592 3122 ass'edat
615 3089 706 3137 pro
731 3070 1060 3121 nouendecim
1086 3070 1229 3118 annis
1257 3069 1491 3134 magistro
1519 3068 1713 3117 Thome
1738 3068 1937 3133 Arskyn
1962 3069 2023 3115 de
2051 3066 2239 3115 Halton

190 3157 322 3232 regis
346 3165 610 3214 secretario
636 3172 685 3212 et
711 3163 904 3212 Thome
926 3162 1123 3225 Arskyn
1149 3160 1253 3209 eius
1277 3160 1379 3208 filio
1405 3177 1462 3209 ac
1487 3160 1659 3208 heredi
1686 3158 1945 3223 apparenti
1972 3174 2241 3222 eorumque
