2762 3834
509 354 539 397 2
961 342 1391 396 REGISTRUM
1426 341 1524 390 DE
1562 335 2124 388 ABERBROTHOC.

512 553 686 626 Carta
710 582 956 624 terrarum
983 573 1044 620 de
1072 569 1322 619 Tullouch
1347 583 1438 631 per
1467 564 1741 614 Gilfridum
1766 564 2014 613 abbatem.

428 766 458 809 2
513 738 690 810 Anno
725 757 893 822 gracie
928 755 1184 805 millesimo
1221 749 1566 802 trecentesimo
1608 747 1835 797 vicesimo
1873 765 2008 797 nono
2045 748 2127 798 die
2165 749 2346 798 Martis
2378 749 2430 798 in
2463 747 2585 798 festo

517 850 683 900 Sancti
713 848 963 898 Ambrofii
999 846 1216 912 episcopi
1253 845 1387 910 apud
1411 841 1755 892 Abirbrothoc
1779 841 1852 891 ita
1877 842 2115 892 conuenit
2138 842 2272 892 inter
2310 881 2321 892 .
2363 880 2373 891 .
2414 881 2424 892 .
2466 842 2586 892 Gal-

512 944 692 992 fridum
733 978 743 990 .
785 979 795 990 .
837 979 847 989 .
886 942 1115 990 abbatem
1135 940 1197 988 de
1218 936 1562 987 Abirbrothoc
1588 942 1638 984 et
1676 972 1687 983 .
1729 972 1739 982 .
1780 972 1791 983 .
1831 942 2134 984 conuentum
2160 953 2221 984 ex
2244 942 2388 1001 parte
2416 952 2513 984 vna
2537 943 2587 983 et

512 1035 799 1100 Fcrgufium
835 1034 992 1082 filium
1027 1031 1267 1081 Duncani
1305 1048 1365 1080 ex
1402 1030 1562 1079 altera
1591 1028 1829 1078 videlicet
1852 1055 1862 1065 ·
1891 1027 2041 1086 Quod
2078 1029 2195 1078 diffisi
2221 1029 2372 1079 abbas
2397 1038 2446 1079 et
2471 1046 2586 1078 con-

511 1136 687 1177 uentus
724 1165 736 1176 .
776 1165 786 1176 .
827 1164 838 1175 .
876 1126 941 1175 ad
985 1125 1181 1174 firmam
1229 1123 1522 1173 dimiserunt
1561 1160 1572 1170 .
1613 1158 1624 1169 .
1665 1159 1676 1170 .
1715 1121 1846 1171 (11860
1894 1120 2133 1188 Fergufio
2183 1131 2233 1173 et
2280 1123 2367 1171 vni
2413 1122 2586 1171 heredi

510 1221 724 1270 masculo
761 1220 823 1268 de
860 1236 1070 1284 corpore
1107 1218 1192 1267 suo
1228 1223 1494 1283 procreato
1531 1223 1688 1265 totam
1722 1223 1909 1265 terram
1942 1216 2078 1265 suam
2103 1216 2165 1265 de
2193 1215 2421 1266 Tolauch
2449 1226 2499 1265 et
2523 1218 2586 1265 de

513 1314 747 1379 Crauchy
779 1330 839 1361 ex
875 1311 1080 1362 australi
1114 1318 1259 1376 parte
1296 1327 1424 1375 aque
1461 1309 1523 1357 de
1554 1307 1726 1357 Vueni
1755 1309 2010 1373 jacentem
2051 1327 2162 1358 cum
2204 1347 2214 1358 .
2255 1347 2267 1359 .
2308 1348 2319 1358 .
2359 1311 2586 1359 omnibus

513 1446 522 1454 .
563 1445 573 1455 .
614 1443 625 1454 .
662 1406 989 1471 pertinenciis
1029 1443 1040 1454 .
1082 1444 1093 1454 .
1136 1443 1147 1453 .
1183 1404 1406 1470 exceptis
1425 1401 1713 1452 molendino
1738 1401 1844 1468 [de]
1871 1401 2107 1469 Crauchy
2128 1411 2177 1452 et
2197 1404 2344 1453 terris
2365 1404 2430 1453 ad
2453 1404 2586 1453 idem

510 1499 849 1549 molendinum
873 1498 1208 1564 spectantibus
1246 1526 1256 1535 ·
1288 1496 1585 1546 Tenendam
1620 1495 1710 1543 fibi
1736 1503 1786 1544 et
1810 1495 1897 1544 vni
1921 1495 2097 1545 heredi
2122 1496 2206 1545 suo
2231 1505 2337 1546 toto
2362 1505 2587 1563 tempore

510 1592 609 1640 vite
644 1592 727 1640 sue
762 1591 918 1640 libere
970 1630 981 1641 .
1032 1627 1044 1639 .
1098 1628 1109 1639 .
1157 1589 1380 1639 Predicffi
1410 1606 1532 1638 uero
1567 1587 1835 1654 Fergufius
1869 1597 1919 1638 et
1951 1589 2098 1638 heres
2130 1591 2244 1639 suus
2276 1591 2465 1640 dabunt
2494 1608 2586 1656 pro

509 1685 638 1733 dista
662 1692 797 1733 terra
821 1683 1023 1749 fingulis
1049 1683 1194 1733 annis
1219 1682 1458 1749 quamdiu
1477 1682 1696 1731 vixerint
1722 1682 1787 1730 ad
1810 1681 1936 1731 festa
1961 1681 2131 1731 Sancti
2156 1682 2422 1733 Michaelis
2447 1684 2588 1733 arch-

510 1777 676 1842 angeli
700 1784 749 1825 et
774 1775 939 1825 Sancti
963 1775 1171 1826 Andree
1197 1774 1407 1840 apostoli
1430 1775 1660 1840 proximo
1685 1776 1953 1840 sequencia
1976 1777 2431 1842 proporcionaliter
2455 1779 2590 1843 apud

509 1868 847 1918 Abirbrothoc
865 1869 918 1918 in
937 1869 1173 1934 granario
1199 1868 1420 1934 quinque
1441 1867 1635 1918 celdras
1653 1868 1915 1933 placabilis
1933 1869 2096 1918 farine
2117 1871 2378 1920 auenatice
2399 1880 2447 1921 et
2467 1872 2589 1921 alias

511 1962 729 2027 quinque
754 1962 947 2011 celdras
971 1962 1147 2011 mundi
1184 1962 1326 2011 ordei
1351 1969 1402 2012 et
1425 1962 1542 2027 puri
1567 1969 1617 2012 et
1641 1962 1833 2012 dabunt
1870 1963 2208 2013 omnimodam
2243 1965 2490 2014 decimam
2526 1967 2591 2014 ad

511 2055 767 2104 matricem
792 2055 1047 2105 ecclesiam
1071 2056 1375 2121 spectantem
1402 2063 1451 2104 et
1474 2055 1747 2104 multuram
1784 2057 2069 2106 consuetam
2106 2057 2343 2108 videlicet
2379 2059 2590 2108 sextum·

511 2147 757 2196 decimum
784 2165 869 2196 vas
904 2148 966 2196 de
1002 2148 1136 2196 omni
1176 2165 1364 2214 genere
1400 2148 1537 2198 bladi
1573 2149 1710 2213 quod
1745 2150 1965 2199 creuerit
1999 2150 2054 2199 in
2091 2151 2223 2200 diua
2252 2160 2390 2202 terra
2419 2159 2589 2218 preter

509 2242 672 2289 semen
697 2240 837 2289 suum
860 2232 1194 2306 proprium‘et
1217 2241 1477 2291 hominum
1502 2242 1701 2291 suorum
1734 2251 1931 2293 tantum
1956 2272 1967 2283 ·
1995 2244 2061 2294 Et
2095 2244 2197 2310 ipse
2222 2253 2272 2295 et
2295 2246 2440 2294 heres
2476 2246 2588 2295 suus

511 2332 713 2395 prestito
737 2332 991 2383 fidelitatis
1015 2334 1324 2383 sacramento
1356 2334 1711 2399 obligabuntur
1736 2337 1801 2385 ad
1826 2337 2038 2402 speciale
2074 2337 2331 2387 confilium
2366 2339 2588 2388 laborem

513 2433 562 2474 et
598 2425 932 2476 defensionem
969 2426 1216 2477 dictorum
1241 2428 1436 2478 abbatis
1462 2437 1512 2477 et
1538 2436 1817 2478 conuentus
1842 2457 1852 2467 -
1878 2429 1946 2480 Et
1969 2430 2115 2480 heres
2140 2431 2258 2481 dicei
2282 2431 2509 2499 Fergufii
2534 2434 2587 2482 111

514 2517 723 2567 introitu
746 2517 830 2567 suo
853 2518 907 2566 in
932 2519 1116 2568 dictam
1147 2528 1335 2570 terram
1367 2520 1480 2586 post
1516 2523 1707 2572 obitum
1745 2523 1905 2588 patris
1938 2524 2011 2573 sui
2048 2525 2187 2574 dabit
2224 2527 2496 2576 conuentui
2532 2528 2586 2576 in

515 2609 778 2658 refectorio
826 2627 977 2659 vnum
1025 2612 1214 2662 discum
1261 2621 1558 2680 argenteum
1604 2616 1844 2680 ponderis
1893 2617 2105 2666 duarum
2164 2635 2448 2667 marcarum
2495 2638 2587 2684 pro

516 2701 861 2765 duplicacione
895 2703 1036 2752 firme
1072 2704 1155 2753 sue
1194 2736 1203 2746 ·
1241 2705 1482 2757 Preterea
1517 2708 1636 2757 dieti
1674 2709 1826 2758 abbas
1860 2716 1910 2758 et
1944 2717 2222 2758 conuentus
2247 2711 2588 2761 concesserunt

516 2792 750 2857 predictis
773 2792 1010 2858 Fergufio
1036 2803 1085 2844 et
1108 2796 1282 2846 heredi
1303 2798 1388 2848 suo
1406 2799 1673 2850 licenciam
1690 2801 2047 2851 introducendi
2066 2810 2167 2851 tam
2186 2802 2344 2869 legios
2362 2804 2588 2854 homines

517 2885 708 2934 abbatis
733 2902 882 2949 quam
917 2886 1041 2937 alios
1074 2888 1300 2939 homines
1330 2890 1652 2958 fimpliciores
1675 2894 1724 2944 se
1749 2896 1814 2945 ad
1839 2895 2105 2945 colendum
2130 2905 2180 2947 et
2203 2898 2587 2949 inhabitandum

518 2977 699 3027 dictam
723 2984 909 3027 terram
934 2978 1019 3029 sub
1042 2979 1156 3044 ipfis
1182 2981 1244 3031 de
1269 3000 1481 3047 quorum
1506 2987 1695 3037 actibus
1720 2989 2025 3038 tenebuntur
2042 2990 2343 3055 respondere
2366 2992 2450 3057 qui
2469 2993 2587 3058 legii

518 3069 742 3119 homines
763 3070 827 3118 ad
849 3070 1154 3121 voluntatem
1175 3074 1368 3124 abbatis
1392 3094 1483 3141 pro
1510 3080 1620 3130 aliis
1644 3083 1794 3132 terris
1815 3083 1914 3132 suis
1939 3084 2162 3134 colendis
2182 3094 2232 3136 et
2248 3086 2587 3137 inhabitandis

520 3178 632 3210 cum
663 3160 853 3210 necefl'e
884 3162 1035 3212 fuerit
1066 3163 1167 3214 11116
1201 3168 1592 3222 contradictione
1625 3174 1794 3239 aliqua
1828 3177 2202 3228 reuocabuntur
2243 3207 2252 3216 ·
2293 3178 2434 3229 Idem
2468 3198 2586 3229 vero
