2742 3848
367 562 464 606 822

369 1220 465 1264 823

368 1594 464 1638 824

366 2343 462 2387 825

368 2710 466 2760 826

517 335 616 385 526
972 337 1406 389 REGISTRUM
1441 339 1540 388 DE
1579 337 2143 389 ABERBROTHOC.

521 541 720 614 Abbas
753 563 936 613 affedat
970 581 1062 629 pro
1096 564 1200 612 vita
1233 563 1544 612 Archibaldo
1585 564 1786 631 Ogylue
1827 595 1836 604 ·
1877 564 2169 632 Margarete
2205 565 2406 632 Guthry
2432 567 2601 632 sponse

519 658 602 707 sue
643 688 653 698 ·
694 667 743 708 et
778 659 971 708 Jacobo
1012 657 1214 724 Ogylue
1251 675 1421 706 eorum
1453 657 1555 706 filio
1596 686 1606 696 ·
1650 658 1821 707 villam
1847 659 1909 707 de
1935 658 2231 723 Aucheroth
2258 676 2371 708 cum
2397 659 2603 708 decimis

518 751 807 818 garbalibus
832 769 980 816 quam
1004 751 1138 799 idem
1165 750 1508 800 Archibaldus
1533 760 1747 817 occupat
1787 779 1798 790 ·
1844 751 2097 802 Soluendo
2123 769 2305 801 nouem
2329 752 2483 801 libras
2520 753 2600 800 sex

518 845 699 894 solidos
725 853 774 894 et
799 846 910 894 octo
936 844 1168 893 denarios
1194 852 1394 893 monete
1423 824 1598 894 Scocie
1625 863 1737 894 cum
1758 855 2017 912 rynemart
2038 855 2087 897 et
2107 846 2284 896 veddir
2304 853 2353 895 et
2373 846 2601 894 omnibus

520 939 628 988 aliis
654 938 1022 987 husbandorum
1048 937 1282 987 oneribus
1308 967 1318 978 ·
1348 942 1413 986 23
1439 938 1745 989 Nouembris
1774 944 1921 990 1535.

523 1194 712 1268 Safine
750 1222 1044 1281 preceptum
1083 1215 1277 1281 prefate
1317 1214 1631 1264 affedationis
1669 1216 1782 1264 vide
1818 1215 1871 1264 in
1908 1216 2119 1282 registro
2154 1218 2362 1283 papireo
2393 1236 2602 1268 numero

519 1309 634 1359 262.

519 1569 717 1642 Abbas
743 1588 929 1638 affedat
953 1606 1045 1654 pro
1071 1589 1177 1637 vita
1200 1585 1233 1637 J
1239 1587 1426 1637 ohanni
1452 1587 1602 1655 Irnys
1636 1617 1646 1626 ·
1674 1589 1884 1638 Isobelle
1914 1588 2183 1638 Androson
2210 1590 2381 1655 sponse
2408 1590 2490 1639 sue
2517 1619 2526 1629 ·
2554 1598 2602 1639 et

516 1684 552 1734 J
555 1685 710 1733 acobo
736 1683 888 1749 Irnys
913 1700 1085 1732 eorum
1111 1682 1215 1731 filio
1240 1683 1577 1748 primogenito
1613 1692 1841 1747 quartam
1879 1691 2074 1747 partem
2100 1683 2217 1732 ville
2243 1684 2305 1732 de
2331 1683 2601 1750 Kynclune

515 1778 729 1827 iacentis
765 1777 899 1826 infra
936 1776 1213 1826 dominium
1252 1777 1313 1825 de
1352 1776 1703 1842 Kyncoldrum
1741 1795 1851 1832 cum
1891 1778 2097 1827 decimis
2132 1778 2419 1843 garbalibus
2455 1796 2601 1843 quam

515 1872 552 1920 J
555 1872 777 1920 ohannes
816 1878 866 1919 ct
901 1870 1116 1920 Isobeila
1152 1877 1401 1934 occupant
1443 1899 1453 1909 ·
1495 1869 1748 1919 Soluendo
1785 1871 2154 1936 quinquaginta
2187 1872 2369 1921 solidos
2404 1881 2603 1921 monete

521 1964 697 2015 Scocie
724 1981 837 2014 cum
862 1971 1123 2030 rynemart
1149 1964 1344 2034 veddyi·
1369 1963 1528 2013 tribus
1562 1967 1836 2031 caponibus
1862 1975 1911 2016 et
1937 1968 2144 2017 totidem
2170 1968 2320 2034 pullis
2346 1968 2528 2018 adultis
2554 1977 2602 2017 et

517 2057 628 2106 aliis
652 2056 1021 2106 husbandorum
1049 2056 1285 2106 oneribus
1311 2086 1321 2096 ·
1349 2062 1414 2113 29
1441 2057 1746 2109 Nouembris
1775 2064 1922 2109 1535.

517 2316 848 2404 Preceptum
876 2336 1029 2387 safine
1057 2338 1251 2404 prefate
1277 2347 1454 2404 quarte
1491 2340 1649 2405 partis
1676 2341 1788 2390 vide
1821 2342 1873 2390 in
1905 2342 2116 2407 registro
2152 2343 2358 2409 papireo
2394 2362 2603 2394 numero

518 2432 633 2482 264.

522 2690 721 2763 Abbas
747 2712 931 2761 affedat
960 2730 1051 2778 pro
1079 2714 1182 2762 vita
1218 2714 1441 2764 Roberto
1479 2715 1676 2767 Fenton
1714 2726 1763 2768 et
1802 2718 2107 2769 Helizabeth
2146 2719 2397 2770 Carncors
2434 2722 2604 2784 sponse

519 2807 602 2855 sue
651 2814 881 2871 quartam
929 2814 1121 2872 partem
1172 2808 1291 2857 ville
1339 2809 1401 2858 de
1450 2809 1721 2875 Kynclune
1768 2812 1980 2861 iacentis
2027 2813 2162 2862 infra
2212 2813 2488 2863 dominium
2542 2815 2602 2863 de

519 2899 870 2965 Kyncoldrum
921 2917 1033 2949 cum
1082 2900 1289 2949 decimis
1335 2902 1624 2967 garbalibus
1673 2915 1820 2969 quam
1868 2906 2003 2955 idem
2047 2907 2297 2958 Robertus
2341 2917 2553 2972 occupat
2591 2938 2600 2947 ·

523 2991 777 3043 Soluendo
808 2992 884 3059 [ut
908 2993 1056 3058 supra
1082 2993 1181 3042 No.
1211 2992 1332 3061 824]
1360 3024 1369 3034 -
1397 2999 1462 3050 29
1490 2995 1793 3058 Nouembris
1823 3003 1970 3048 1535.
