2762 3834
37 1179 126 1225 213

623 408 1048 460 REGISTRUM
1081 410 1180 459 DE
1215 408 1772 459 ABERBROTHoc.
1911 377 1913 379 ¹
2124 414 2216 468 187

175 539 379 589 Listoun
404 540 649 603 prepofito
674 541 871 605 collegii
899 540 1064 590 Sancti
1099 541 1370 591 Saluatoris
1394 541 1525 590 infra
1549 541 1800 590 ciuitatem
1827 541 2178 592 Sanctiandree
2205 574 2214 583 ·

175 631 466 678 Alexandro
494 629 726 694 Guthery
751 631 812 678 de
837 633 1008 680 eodem
1034 660 1044 670 ·
1069 642 1118 682 et
1141 632 1374 698 magistro
1401 632 1597 681 Thoma
1620 632 1843 697 Dikyson
1878 670 1888 681 .
1929 670 1939 682 .
1981 671 1991 681 .

243 715 489 770 Robertus
513 720 759 785 Lorymar
798 760 808 769 .
846 759 856 768 .
896 759 906 768 .
943 723 1164 771 notarius
1192 761 1202 771 .
1236 760 1283 771 ..

177 969 390 1040 Littera
413 989 758 1054 procuratoria
782 990 846 1037 ad
871 989 1182 1037 Flandream.

178 1151 456 1224 Uniuerfis
479 1178 647 1235 pateat
683 1207 694 1217 .
732 1208 742 1218 .
780 1208 790 1219 .
827 1187 917 1217 nos
943 1169 1249 1218 Willelmum
1276 1206 1286 1216 .
1320 1171 1618 1219 ..abbatem
1656 1210 1665 1219 .
1703 1209 1713 1220 .
1753 1211 1762 1220 .
1800 1175 1861 1222 de
1881 1175 2217 1225 Abirbrothoc

227 1301 237 1311 .
276 1302 286 1311 .
325 1261 620 1312 constituisse
652 1302 661 1311 .
702 1300 712 1309 .
747 1300 756 1308 .
793 1261 1011 1309 nostrum
1049 1300 1057 1308 .
1096 1299 1105 1308 .
1143 1299 1152 1308 .
1186 1259 1598 1324 consanguineum
1636 1269 1685 1310 et
1718 1272 2042 1314 mercatorem
2068 1266 2217 1314 Alex-

179 1355 387 1404 andrum
411 1354 589 1403 Bonkil
612 1352 905 1417 burgensem
931 1353 991 1400 de
1010 1351 1319 1416 Edynburch
1340 1351 1559 1400 nostrum
1593 1393 1601 1401 .
1640 1393 1648 1402 .
1688 1394 1696 1402 .
1738 1365 2107 1418 procuratorem
2134 1398 2143 1406 .
2170 1398 2178 1407 .
2207 1399 2215 1407 .

179 1448 241 1494 ad
276 1487 284 1495 .
323 1487 331 1495 .
370 1487 379 1495 .
415 1446 758 1511 recipiendum
783 1464 812 1494 a
843 1485 852 1494 .
890 1484 899 1493 .
938 1484 946 1493 .
983 1443 1340 1491 mercatoribus
1365 1443 1542 1491 nostris
1567 1444 1781 1493 Ricardo
1807 1446 1967 1513 Barry
1984 1451 2216 1497 summam

180 1538 357 1603 viginti
393 1538 631 1587 librarum
672 1535 943 1603 grofforum
981 1542 1178 1583 monete
1215 1535 1462 1584 Flandree
1486 1562 1496 1573 ·
1521 1554 1550 1584 a
1585 1537 1619 1584 J
1623 1538 1815 1586 ohanne
1855 1540 2006 1588 Alani
2047 1543 2218 1590 decem

178 1632 329 1680 libras
377 1630 648 1696 grossorum
700 1630 915 1679 eiusdem
952 1636 1148 1677 monete
1199 1656 1208 1666 ·
1264 1635 1313 1675 et
1351 1628 1412 1675 ab
1454 1627 1662 1676 Andrea
1704 1630 1866 1696 Barry
1903 1638 1951 1679 et
1986 1632 2022 1680 J
2024 1632 2216 1680 ohanne

180 1722 333 1770 Heles
359 1720 790 1786 comburgenfibus
814 1721 876 1769 de
900 1720 1086 1768 Dunde
1121 1718 1356 1766 summam
1390 1718 1566 1782 viginti
1591 1718 1827 1768 librarum
1852 1729 2048 1770 monete
2072 1722 2220 1770 Flan-

179 1814 296 1862 dree
339 1853 347 1862 .
390 1853 400 1862 .
441 1853 450 1861 .
490 1830 611 1876 quas
651 1814 858 1860 summas
894 1812 1078 1861 habent
1119 1811 1180 1858 de
1218 1809 1359 1857 nobis
1397 1809 1598 1858 racione
1635 1812 1876 1860 excambii
1920 1821 1968 1862 et
2009 1814 2218 1862 financie

181 1922 291 1953 cum
327 1905 507 1953 eisdem
542 1905 667 1953 fafite
702 1921 794 1968 pro
829 1902 1179 1967 redempcione
1216 1908 1265 1949 et
1300 1907 1629 1964 preparatura
1663 1903 1939 1952 nostrarum
1975 1904 2217 1953 bullarum

180 2003 227 2043 et
272 2013 401 2044 noue
447 1994 740 2059 prouifionis
774 2034 783 2042 .
822 2034 830 2042 .
868 2033 877 2042 .
915 1992 1197 2041 monasterii
1234 2034 1242 2042 .
1282 2033 1290 2042 .
1330 2030 1340 2040 .
1377 2009 1572 2041 necnon
1621 1996 1684 2042 ad
1726 2035 1734 2043 .
1776 2035 1784 2044 .
1828 2034 1838 2043 .
1879 1997 2218 2061 recipiendum

180 2105 346 2137 omnes
399 2128 407 2136 .
461 2128 470 2136 .
525 2128 533 2137 .
592 2087 918 2136 financiarum
965 2087 1173 2134 summas
1219 2103 1309 2149 per
1367 2088 1682 2152 quoscunque
1742 2087 1863 2135 alios
1922 2097 2218 2138 mercatores

179 2180 318 2228 nobis
365 2179 517 2228 factas
565 2180 647 2227 seu
692 2177 945 2226 faciendas
992 2194 1050 2225 ac
1100 2177 1256 2226 eciam
1298 2195 1467 2227 omnes
1501 2218 1509 2227 .
1548 2218 1556 2227 .
1596 2218 1604 2226 .
1641 2179 1964 2242 pecuniarum
2010 2181 2218 2229 summas

180 2278 228 2320 et
274 2271 438 2319 omnia
483 2272 615 2319 bona
660 2269 802 2317 nobis
849 2267 1016 2317 debita
1059 2285 1150 2332 per
1188 2270 1502 2335 quascunque
1543 2271 1774 2335 personas
1816 2271 2015 2319 racione
2058 2273 2219 2321 huius-

179 2362 310 2411 modi
332 2362 546 2410 financie
580 2361 713 2409 infra
747 2360 967 2408 dominia
1001 2359 1248 2410 Flandree
1274 2362 1537 2412 Holandee
1563 2371 1611 2411 et
1648 2362 1893 2411 Zelandee
1919 2365 2180 2414 existentes
2207 2395 2215 2403 -

181 2473 288 2504 cum
314 2455 490 2519 quibus
517 2471 632 2502 vero
655 2453 853 2502 summis
878 2460 928 2500 et
959 2453 1103 2501 bonis
1138 2492 1147 2501 .
1186 2493 1194 2501 .
1234 2493 1242 2502 .
1281 2455 1619 2504 ordinauimus
1655 2455 1837 2502 dietum
1874 2455 2216 2504 Alexandrum

183 2585 193 2595 .
217 2585 227 2596 .
252 2585 262 2596 .
282 2547 474 2596 nostras
497 2546 656 2596 bullas
679 2546 926 2594 redimere
949 2582 960 2592 .
986 2583 996 2593 .
1023 2583 1033 2593 .
1056 2552 1106 2593 et
1125 2561 1235 2593 cum
1255 2545 1443 2594 necefl'e
1468 2546 1618 2595 fuerit
1648 2545 1753 2610 [ad]
1775 2545 1930 2594 diusos
1949 2546 2216 2595 Ricardum

180 2639 214 2687 J
216 2639 458 2688 ohannem
480 2639 735 2687 Andream
761 2644 810 2685 et
833 2636 869 2685 J
872 2636 1116 2684 ohannem
1142 2644 1190 2684 et
1209 2637 1523 2701 quascunque
1540 2637 1661 2685 alias
1679 2636 1911 2700 personas
1936 2637 2215 2686 detentores

179 2732 507 2794 predi&·arum
532 2730 827 2778 summarum
852 2736 901 2777 et
925 2729 1167 2776 bonorum
1204 2745 1610 2792 quorumcunque
1648 2745 1814 2776 coram
1847 2728 2214 2792 quibuscunque

181 2822 387 2870 dominis
438 2821 684 2870 iudicibus
731 2820 1028 2868 secularibus
1076 2819 1156 2868 vel
1202 2820 1538 2868 ecclesiasticis
1586 2836 1879 2883 quacunque
1926 2819 2213 2868 auctoritate

179 2913 494 2978 fungentibus
519 2913 888 2976 quibuscunque
908 2911 1081 2959 diebus
1107 2918 1156 2959 et
1178 2911 1301 2959 locis
1325 2911 1697 2960 attachiandum
1723 2918 1771 2958 et
1795 2927 1883 2974 per
1902 2927 2070 2958 omnes
2093 2911 2212 2958 iuris

180 3005 409 3054 terminos
432 3006 560 3070 ipsos
582 3003 976 3069 prosequendum
1001 3010 1050 3051 et
1074 3002 1469 3051 conueniendum
1494 3003 1664 3051 literas
1690 3002 1938 3065 quitancie
1962 3009 2010 3049 et
2034 3003 2211 3050 deone·

178 3097 386 3145 racionis
410 3096 609 3145 nomine
633 3095 800 3143 nostro
826 3094 1042 3141 dandum
1069 3100 1118 3142 et
1142 3093 1444 3141 offerendum
1470 3111 1666 3142 necnon
1690 3093 1853 3141 omnia
1879 3132 1887 3141 .
1914 3132 1922 3141 .
1950 3132 1958 3141 .
1984 3094 2209 3141 facienda

223 3227 232 3235 .
269 3227 277 3235 .
313 3187 366 3235 in
408 3184 645 3251 premiffis
684 3224 691 3233 .
729 3224 738 3233 .
776 3224 785 3233 .
822 3182 1088 3232 necessaria
1124 3223 1131 3231 .
1170 3223 1178 3231 .
1218 3223 1227 3232 .
1266 3184 1472 3247 Insuper
1519 3184 1615 3231 fide
1661 3184 1823 3231 media
1878 3183 2205 3248 promittimus
