2762 3834
541 374 605 425 56
990 366 1416 425 REGISTRUM
1450 364 1548 414 DE
1583 359 2144 415 ABERBROTHOC.

542 578 755 650 Littera
779 595 992 644 custodis
1016 594 1188 641 domus
1213 590 1377 638 nostre
1403 588 1464 636 de
1487 586 1659 652 way.

428 788 491 836 59
544 756 819 829 Uniuerfis
857 815 867 824 .
910 815 920 825 .
964 814 972 823 .
1013 772 1213 822 ecclefie
1248 770 1363 819 filiis
1405 809 1414 818 .
1459 808 1468 818 .
1513 808 1522 817 .
1562 768 1783 818 Thomas
1808 769 1870 818 de
1899 768 2082 818 Fowlis
2117 768 2343 834 supprior
2380 807 2389 817 .
2433 807 2442 817 .
2487 805 2497 816 .
2535 770 2598 818 (16

427 2435 490 2484 60

542 868 879 918 Abirbrothoc
919 906 928 915 .
972 905 982 914 .
1026 904 1034 914 .
1072 864 1248 913 abbate
1288 902 1297 911 .
1341 899 1351 910 .
1395 901 1403 910 .
1446 861 1500 910 in
1535 860 1738 909 remotis
1767 868 1947 926 agente
1974 861 2178 910 salutem
2220 900 2229 910 .
2273 899 2283 910 .
2326 899 2336 910 .
2381 860 2598 910 Nouerit

541 959 828 1008 vniuerfitas
853 957 1015 1006 vestra
1037 973 1128 1004 nos
1164 994 1173 1004 .
1217 994 1226 1004 .
1270 991 1280 1002 .
1319 953 1555 1003 consensu
1591 992 1600 1002 .
1643 991 1654 1002 .
1697 991 1708 1003 .
1747 953 1953 1018 capituli
1987 992 1998 1003 .
2042 992 2053 1003 .
2097 992 2107 1002 .
2145 952 2443 1003 constituisse
2479 992 2489 1002 .
2534 993 2544 1003 .
2587 994 2596 1002 .

538 1052 572 1100 J
575 1051 819 1100 ohannem
845 1050 906 1098 de
934 1048 1304 1099 Sanctoandrea
1327 1045 1577 1095 custodem
1604 1046 1779 1094 domus
1803 1045 1969 1095 nostre
1995 1046 2056 1095 de
2076 1045 2234 1112 way
2253 1053 2302 1096 et
2320 1045 2598 1095 Robertum

539 1144 715 1193 Bowar
760 1141 1138 1192 commonachos
1186 1179 1195 1189 .
1245 1179 1255 1189 .
1305 1179 1314 1189 .
1363 1138 1518 1188 nostri
1564 1137 1852 1188 monasterii
1900 1177 1910 1188 .
1957 1178 1968 1188 .
2017 1178 2026 1188 .
2074 1139 2269 1188 nostros
2317 1176 2329 1187 .
2374 1178 2384 1188 .
2427 1178 2438 1189 .
2484 1156 2598 1206 pro-

539 1243 790 1285 curatores
833 1274 841 1283 .
891 1273 902 1283 .
950 1272 961 1283 .
1004 1246 1053 1282 et
1089 1232 1299 1281 nuncios
1331 1231 1568 1297 speciales
1594 1232 1659 1280 ad
1682 1231 2072 1296 comparendum
2111 1270 2120 1280 .
2164 1270 2174 1280 .
2219 1269 2229 1280 .
2271 1248 2437 1280 coram
2476 1269 2487 1280 .
2531 1270 2540 1279 .
2585 1269 2595 1279 .

539 1327 761 1376 Henrico
809 1364 819 1375 .
871 1366 881 1376 .
934 1365 943 1374 .
994 1325 1222 1391 episcopo
1270 1314 1605 1373 Abirdonenfi
1655 1323 1734 1372 vel
1782 1324 1888 1372 eius
1935 1323 2306 1373 locumtenente
2355 1362 2365 1372 .
2415 1362 2425 1372 .
2475 1362 2485 1372 .
2534 1324 2599 1372 ad

537 1420 837 1469 audiendum
885 1426 934 1468 et
979 1418 1207 1467 raciones
1254 1415 1595 1481 affignandum
1637 1415 1783 1480 super
1830 1415 2035 1465 decimis
2082 1416 2144 1464 de
2193 1414 2598 1480 Mundurnawgh

538 1513 658 1561 ficut
681 1512 735 1560 in
759 1510 938 1560 litteris
963 1486 1204 1559 citatoriis
1248 1547 1260 1559 .
1307 1547 1317 1557 .
1362 1547 1372 1558 .
1420 1508 1706 1558 continetur
1731 1525 1790 1557 ac
1814 1508 1983 1557 omnia
2011 1508 2110 1557 alia
2151 1548 2160 1558 .
2204 1547 2214 1558 .
2259 1547 2270 1558 .
2312 1509 2597 1557 faciendum

537 1642 547 1652 .
589 1641 598 1651 .
641 1641 650 1651 .
691 1619 786 1667 que
823 1602 875 1650 in
913 1600 1152 1667 premiffis
1189 1639 1200 1649 .
1241 1640 1251 1650 .
1292 1639 1303 1650 .
1340 1601 1610 1650 necessaria
1646 1601 1834 1650 fuerint
1870 1638 1882 1650 .
1926 1639 1937 1650 .
1981 1639 1993 1650 .
2030 1609 2080 1651 et
2105 1602 2167 1651 ab
2204 1639 2215 1650 .
2258 1640 2269 1650 .
2313 1639 2325 1651 .
2368 1601 2596 1667 episcopo

540 1696 571 1742 fi
605 1693 793 1743 necefl'e
829 1695 980 1744 fuerit
1014 1694 1367 1760 appellandum
1401 1693 1648 1760 apostolos
1687 1694 1845 1742 eciam
1868 1693 1923 1742 in
1946 1694 2108 1742 forma
2138 1693 2305 1742 debita
2327 1694 2596 1758 petendum

541 1795 589 1836 et
625 1787 966 1852 recipiendum
1014 1826 1024 1836 .
1074 1825 1085 1836 .
1133 1827 1143 1837 .
1193 1787 1254 1836 In
1294 1787 1434 1837 cuius
1466 1787 1542 1836 rei
1576 1786 1915 1836 testimonium
1947 1787 2159 1852 figillum
2208 1824 2219 1835 .
2268 1826 2277 1836 .
2332 1826 2341 1836 .
2392 1787 2597 1852 capituli

543 1919 553 1929 .
590 1917 600 1928 .
638 1916 649 1926 .
685 1879 990 1944 presentibus
1009 1880 1192 1945 apponi
1211 1881 1417 1929 fecimus
1437 1880 1569 1946 apud
1605 1917 1615 1928 .
1655 1918 1665 1928 .
1703 1917 1714 1928 .
1752 1879 2107 1928 monasterium
2132 1879 2292 1944 primo
2318 1879 2398 1928 die
2422 1879 2598 1928 menfis

543 1970 843 2036 Septembris
867 1990 998 2021 anno
1023 1972 1230 2022 Domini
1255 1973 1510 2022 millesimo
1536 1973 2022 2039 quadringentesimo
2050 1973 2278 2023 vicefimo
2304 1973 2492 2038 quinto.

541 2234 713 2307 Carta
736 2257 1006 2306 tenementi
1030 2258 1081 2305 in
1106 2257 1154 2307 le
1180 2258 1411 2325 Almory.

544 2417 807 2490 Omnibus
843 2479 852 2490 .
894 2478 904 2489 .
945 2479 955 2490 .
988 2441 1242 2491 Walterus
1280 2481 1290 2491 .
1334 2480 1345 2491 .
1386 2482 1395 2491 .
1433 2443 1584 2492 abbas
1624 2482 1634 2492 .
1675 2482 1685 2492 .
1727 2482 1738 2492 .
1776 2444 1838 2493 de
1862 2443 2204 2494 Abirbrothoc
2244 2482 2254 2493 .
2296 2482 2306 2492 .
2346 2471 2356 2481 ·
2392 2444 2598 2494 salutem

545 2569 554 2578 .
593 2568 603 2578 .
640 2570 649 2579 .
684 2531 898 2581 Nouerit
923 2533 1212 2583 vniuerfitas
1237 2535 1399 2584 vestra
1422 2553 1512 2584 nos
1546 2575 1556 2585 .
1593 2574 1603 2585 .
1641 2576 1650 2586 .
1685 2536 1922 2586 consensu
1947 2536 2154 2601 capituli
2185 2576 2195 2585 .
2233 2576 2242 2586 .
2281 2574 2292 2585 .
2324 2535 2598 2586 conceffiss'e

544 2661 553 2670 .
600 2661 608 2670 .
658 2662 667 2671 .
714 2623 941 2674 Gilberto
978 2625 1104 2691 Lyal
1147 2665 1156 2675 .
1206 2663 1218 2674 .
1267 2666 1277 2676 .
1319 2635 1657 2678 tenementum
1701 2668 1711 2678 .
1760 2668 1769 2679 .
1819 2669 1829 2679 .
1873 2629 2104 2679 fituatum
2140 2628 2273 2677 infra
2309 2628 2475 2678 locum
2514 2630 2601 2694 qui

546 2722 750 2762 vocatur
780 2715 827 2763 16
853 2715 1063 2782 Almory
1091 2718 1151 2766 de
1177 2718 1518 2769 Abirbrothoc
1562 2759 1571 2769 .
1617 2760 1627 2771 .
1675 2760 1687 2771 .
1729 2722 1862 2771 inter
1896 2730 2084 2772 terram
2107 2722 2351 2771 Willelmi
2387 2722 2597 2788 Haggus

546 2807 710 2855 versus
735 2807 951 2856 austrum
977 2816 1026 2858 et
1049 2827 1283 2875 magnum
1314 2829 1509 2861 murum
1544 2814 1640 2863 orti
1672 2815 1734 2864 de
1768 2815 1816 2863 le
1841 2814 2057 2881 Almory
2097 2853 2108 2864 .
2158 2854 2167 2864 .
2216 2853 2226 2864 .
2270 2815 2434 2863 versus
2470 2817 2597 2865 occi-

546 2899 742 2947 dentem
769 2907 818 2948 et
843 2901 1080 2964 capellam
1121 2901 1289 2951 Sancti
1324 2903 1587 2953 MichaeHs
1625 2923 1735 2954 cum
1761 2907 1908 2955 domo
1938 2907 1990 2955 in
2013 2906 2124 2956 vico
2157 2906 2374 2956 eiusdem
2410 2909 2598 2973 capelle

546 2989 720 3038 fituata
744 2991 908 3039 versus
934 2992 1175 3041 orientem
1212 3021 1222 3032 ·
1260 2993 1556 3043 Tenendum
1590 3036 1600 3047 .
1639 3036 1648 3045 .
1687 3036 1696 3046 .
1732 3015 1843 3046 cum
1877 3037 1887 3047 .
1924 3037 1935 3047 .
1972 3038 1981 3047 .
2016 2998 2113 3048 suis
2137 2999 2460 3064 pertinenciis
2493 3039 2502 3049 .
2539 3040 2548 3048 .
2586 3040 2596 3049 .

548 3081 777 3131 Gilberto
817 3091 865 3132 et
901 3083 1168 3132 heredibus
1206 3084 1302 3133 suis
1345 3124 1354 3134 .
1404 3125 1414 3136 .
1462 3125 1472 3136 .
1514 3087 1566 3136 in
1605 3089 1751 3138 feodo
1790 3099 1840 3140 et
1876 3091 2155 3142 hereditate
2192 3093 2557 3158 imperpetuum
2589 3122 2600 3133 ·

545 3175 820 3224 Reddendo
847 3176 962 3225 inde
989 3177 1243 3226 annuatim
1281 3214 1291 3225 .
1331 3217 1340 3227 .
1383 3219 1392 3228 .
1426 3181 1532 3228 octo
1558 3179 1735 3229 solidos
1757 3183 1936 3231 vsualis
1962 3191 2160 3234 monete
2185 3183 2360 3235 Scocie
2392 3226 2401 3235 .
2443 3225 2451 3233 .
2493 3226 2502 3234 .
2536 3187 2600 3234 ad
