2742 3848
65 635 158 686 615

66 1189 162 1240 616

658 405 1090 459 REGISTRUM
1124 406 1223 457 DE
1258 404 1823 458 ABERBROTHOC.
2162 412 2259 456 453

209 613 363 687 Idem
384 635 635 700 presentat
651 633 940 700 magistrum
959 632 996 683 J
998 633 1209 683 acobum
1230 632 1571 700 Skrymgeour
1590 632 1887 683 canonicum
1903 631 2274 681 Lesmorensem

210 729 275 779 ad
298 727 537 778 vicariam
560 734 856 793 perpetuam
880 725 1085 777 ecclefie
1118 725 1421 791 parochialis
1456 726 1519 775 de
1558 724 1919 776 Abirkerdowr
1943 723 2273 774 Morauienfis

209 820 417 871 diocefis
442 837 555 870 cum
582 837 761 871 vacare
786 820 1057 887 contigerit
1080 837 1171 886 per
1196 818 1458 870 ceffionem
1483 818 1674 868 domini
1697 817 1871 868 Dauid
1897 816 2148 869 Cristeson
2170 843 2181 856 ·
2209 821 2271 866 18

208 913 392 964 Marcii
418 917 563 963 1525.

213 1171 366 1245 Idem
408 1193 593 1243 affedat
627 1209 721 1258 pro
761 1192 1092 1242 nouendecim
1130 1192 1275 1242 annis
1311 1191 1551 1242 Villelmo
1595 1191 1944 1259 Ouchterlony
1981 1193 2035 1242 in
2072 1192 2273 1259 Nethyr

212 1286 360 1337 Kelle
394 1293 444 1336 et
478 1286 705 1336 Henrico
743 1285 1093 1352 Ouchterlony
1124 1285 1228 1335 filio
1264 1284 1370 1335 eius
1411 1292 1462 1334 et
1498 1283 1593 1334 suis
1634 1283 1887 1351 affignatis
1926 1301 2029 1334 non
2070 1284 2272 1334 maioris

210 1380 364 1430 status
400 1379 618 1429 decimas
652 1379 881 1445 garbales
918 1379 980 1428 de
1007 1377 1220 1429 Crowde
1255 1377 1463 1428 Neuton
1496 1386 1547 1428 et
1584 1377 1831 1445 Panlathy
1854 1379 1909 1428 in
1934 1378 2175 1444 parochia
2209 1379 2270 1428 de

209 1472 538 1539 Abyrrelloth
577 1502 588 1513 ·
635 1471 887 1522 Soluendo
918 1472 973 1520 in
1007 1470 1119 1520 loco
1153 1471 1215 1521 de
1249 1470 1581 1538 Abyrbroyth
1612 1488 1705 1537 pro
1738 1471 1944 1521 decimis
1968 1472 2031 1521 de
2059 1471 2271 1522 Crowde

211 1575 424 1632 quatuor
446 1566 606 1616 bollas
637 1565 875 1615 frumenti
903 1582 1047 1615 vnam
1082 1564 1303 1615 celdram
1336 1563 1478 1613 ordei
1503 1581 1652 1613 vnam
1690 1564 1909 1614 celdram
1934 1572 1984 1614 et
2008 1564 2271 1614 duodecim

208 1660 366 1710 bollas
387 1659 549 1709 farine
571 1659 798 1708 mensure
825 1658 1072 1708 currentis
1105 1687 1116 1698 ·
1146 1675 1239 1724 pro
1263 1655 1470 1706 decimis
1494 1657 1556 1705 de
1581 1655 1635 1706 N
1637 1664 1788 1706 euton
1813 1656 2035 1707 similiter
2063 1685 2074 1696 ·
2107 1664 2158 1707 et
2179 1675 2271 1722 pro

209 1753 416 1802 decimis
441 1753 503 1801 de
528 1751 778 1817 Panlathy
804 1752 976 1800 decem
1000 1750 1160 1800 bollas
1196 1751 1433 1800 frumenti
1458 1768 1605 1801 vnam
1630 1751 1850 1800 celdram
1877 1759 2091 1817 quatuor
2115 1751 2272 1801 bollas

210 1845 349 1895 ordei
371 1853 421 1895 et
444 1846 567 1895 duas
599 1844 793 1893 celdras
829 1861 941 1893 cum
972 1844 1163 1893 duabus
1195 1843 1340 1892 bollis
1374 1843 1535 1893 farine
1566 1845 1793 1893 mensure
1822 1844 2044 1909 prediGte
2082 1870 2094 1884 ·
2136 1853 2185 1893 et
2219 1844 2270 1892 in

211 1938 323 1988 casu
360 1955 458 2003 quo
490 1936 758 2003 contigerit
788 1936 1046 1986 dimidiam
1073 1943 1269 2002 partem
1300 1935 1419 1986 ville
1454 1936 1517 1986 de
1554 1936 1767 1987 Crowde
1795 1954 1886 2003 per
1919 1944 2146 1987 tenentes
2170 1955 2270 1986 non

210 2031 498 2082 seminatam
523 2037 608 2080 aut
637 2037 930 2095 occupatam
965 2030 1074 2079 fore
1107 2030 1258 2080 abbas
1291 2038 1530 2080 exonerat
1560 2031 1720 2081 dictos
1755 2049 1785 2081 a
1818 2032 2071 2082 solucione
2107 2032 2155 2081 se
2191 2049 2272 2081 ex«

210 2124 446 2173 tendente
471 2123 534 2172 ad
556 2122 924 2173 estimacionem
948 2123 1166 2173 eiusdem
1191 2123 1396 2173 dimidie
1419 2124 1575 2189 partis
1601 2153 1612 2165 ·
1637 2125 1700 2179 27
1728 2123 1910 2175 Marcii
1938 2124 2083 2175 1526.

211 2379 365 2454 Idem
390 2401 572 2451 affedat
594 2418 686 2467 pro
710 2400 1043 2450 nouendecim
1067 2400 1211 2450 annis
1233 2400 1459 2451 Johanni
1487 2401 1684 2452 Guthre
1709 2402 1909 2467 eiusque
1934 2403 2035 2451 filio
2058 2402 2270 2452 Herculi

215 2493 411 2545 Guthre
436 2501 485 2543 et
510 2511 681 2543 eorum
706 2493 957 2560 affignatis
980 2511 1082 2542 non
1107 2493 1308 2543 maioris
1332 2493 1486 2543 status
1509 2501 1670 2544 terras
1695 2494 1756 2543 de
1781 2493 2133 2544 Innerlownan
2159 2513 2269 2544 cum

213 2587 417 2637 decimis
441 2586 727 2652 garbalibus
750 2586 804 2635 in
829 2587 1093 2651 regalitate
1130 2587 1192 2636 de
1222 2586 1484 2653 Arbroyth
1509 2594 1559 2636 et
1584 2587 1934 2636 vicecomitatu
1958 2587 2020 2636 de
2045 2586 2223 2636 Forfar
2259 2616 2268 2625 ·

216 2678 467 2730 Soluendo
499 2679 623 2727 duas
648 2678 843 2728 celdras
867 2686 916 2727 et
941 2682 1050 2728 octo
1072 2677 1232 2728 bollas
1264 2678 1383 2728 boni
1408 2686 1456 2728 et
1480 2678 1596 2744 puri
1620 2678 1760 2728 ordei
1786 2686 1836 2728 et
1858 2679 1981 2729 duas
2006 2679 2198 2729 celdras
2223 2689 2272 2729 et

214 2774 320 2820 o&o
356 2771 515 2821 bollas
551 2770 712 2819 farine
749 2772 976 2820 mensure
1014 2770 1111 2819 fori
1149 2770 1397 2821 currentis
1438 2770 1503 2820 ad
1542 2769 1668 2820 festa
1703 2770 2081 2822 Purificacionis
2116 2771 2271 2822 Beate

215 2863 380 2913 Marie
421 2870 471 2912 et
510 2862 698 2912 Pasche
738 2890 750 2902 ·
793 2870 842 2912 et
883 2863 1002 2928 quia
1041 2863 1199 2912 dictos
1239 2864 1404 2913 secum
1446 2863 1671 2929 equitare
1712 2864 1928 2914 intendit
1972 2865 2167 2914 eosdem
2209 2866 2269 2914 ab

215 2955 446 3004 oneribus
470 2954 840 3004 husbandorum
865 2955 1016 3004 abbas
1039 2955 1234 3006 relaxat
1262 2964 1470 3022 excepto
1509 2957 1644 3022 quod
1671 2957 1857 3006 ducent
1879 2957 2073 3023 tegulas
2097 2975 2128 3007 a
2150 2958 2271 3023 lapi-

215 3047 344 3096 cidio
369 3048 435 3097 ad
455 3047 809 3097 monasterium
834 3054 884 3097 et
905 3047 960 3096 in
985 3047 1215 3097 omnibus
1239 3047 1392 3097 curiis
1416 3048 1693 3114 regalitatis
1728 3050 1905 3098 sestam
1936 3050 2122 3099 facient
2156 3079 2167 3090 ·
2206 3054 2269 3098 28

216 3137 395 3188 Marcii
421 3138 566 3190 1526.
