2762 3834
589 380 1022 433 REGISTRUM
1055 383 1154 433 DE
1191 383 1760 439 ABERBROTHOC.
2178 398 2207 441 5

137 529 253 577 pars
291 529 445 577 penes
478 513 636 563 diebos
674 516 905 567 abbatem
937 525 986 567 et
1022 526 1325 568 conuentum
1364 538 1629 571 remanens
1667 522 1826 589 sigillo
1863 523 1982 574 dieti
2020 526 2207 575 domini

140 604 349 655 Cristini
392 606 711 673 consignatur
753 638 763 648 ·
806 609 874 659 Et
915 611 979 659 ad
1024 611 1118 661 hec
1161 612 1328 661 omnia
1368 613 1683 680 integraliter
1725 616 2034 666 obseruanda
2074 618 2205 668 idem

137 699 383 764 dompnus
434 698 682 750 Cristinus
729 702 827 751 fide
869 703 1032 753 media
1074 704 1122 753 se
1165 711 1216 754 et
1260 704 1471 755 heredes
1513 707 1622 755 suos
1663 708 1874 758 firmiter
1909 709 2150 776 obligauit
2193 742 2201 751 ·

136 790 327 840 Datum
353 799 402 841 et
427 795 588 842 a&um
614 811 745 843 anno
771 795 853 844 die
878 803 928 845 et
952 795 1063 846 loco
1087 797 1250 862 primo
1271 797 1482 864 scriptis.

135 1052 330 1125 Litera
354 1076 654 1143 obligatoria
676 1095 768 1144 pro
794 1079 875 1129 sex
899 1080 1042 1129 libris
1066 1097 1159 1145 pro
1183 1097 1279 1129 vno
1305 1081 1569 1146 palefrido.

137 1236 404 1311 Omnibus
444 1298 455 1308 .
495 1298 506 1309 .
547 1298 558 1308 .
599 1260 861 1310 Galfridus
907 1299 917 1310 .
961 1298 971 1309 .
1009 1299 1020 1310 .
1060 1262 1210 1311 abbas
1235 1263 1297 1312 de
1325 1262 1665 1314 Abirbrothoc
1700 1303 1711 1313 .
1754 1303 1765 1314 .
1808 1303 1819 1314 .
1857 1265 2074 1315 Nouerit
2097 1268 2199 1315 vni-

135 1351 340 1401 uerfitas
364 1353 530 1402 vestra
553 1370 644 1402 nos
684 1391 695 1402 .
732 1391 744 1402 .
782 1391 793 1402 .
831 1371 923 1419 per
946 1354 1198 1419 presentes
1221 1355 1393 1404 literas
1433 1393 1444 1404 .
1479 1392 1491 1403 .
1529 1393 1540 1404 .
1573 1356 1786 1422 obligari
1820 1357 2042 1408 Johanni
2083 1358 2198 1409 Scot

135 1444 318 1494 clerico
340 1445 394 1494 in
418 1446 499 1494 sex
525 1446 666 1495 libris
692 1446 953 1495 tresdecim
979 1447 1146 1496 solidis
1171 1455 1220 1497 et
1245 1456 1459 1512 quatuor
1483 1449 1700 1497 denariis
1724 1467 1815 1514 pro
1835 1468 1932 1499 vno
1956 1452 2198 1516 palefrido

134 1539 197 1587 ab
222 1555 281 1587 eo
305 1546 472 1603 empto
498 1546 547 1587 et
573 1539 952 1604 quatuordecim
976 1539 1118 1588 libris
1138 1541 1310 1589 decem
1335 1539 1502 1589 solidis
1528 1548 1577 1590 et
1600 1541 1682 1590 sex
1702 1542 1919 1591 denariis
1943 1544 2004 1592 ab
2027 1545 2198 1592 eodem

134 1647 195 1679 ex
231 1638 405 1679 mutuo
435 1632 653 1696 receptis
687 1639 736 1680 et
776 1632 829 1680 in
870 1632 1136 1682 vtilitatem
1169 1632 1456 1681 monasterii
1488 1633 1643 1682 nostri
1680 1634 1926 1684 conuersis
1955 1636 2199 1685 soluendis

134 1723 297 1773 eidem
321 1723 358 1773 J
360 1724 547 1773 ohanni
573 1724 654 1773 vel
684 1724 768 1773 suo
795 1733 933 1774 certo
960 1727 1218 1775 aaornato
1254 1726 1565 1791 presencium
1599 1726 1866 1776 exhibitori
1898 1729 2030 1792 apud
2054 1729 2201 1777 Abir-

132 1817 344 1866 brothoc
369 1818 434 1867 ad
458 1817 634 1866 festum
664 1816 833 1867 sanai
858 1818 894 1867 J
897 1818 1108 1867 ohannis
1140 1818 1363 1884 Baptiste
1394 1818 1621 1884 proximo
1647 1819 1866 1869 futurum
1912 1857 1923 1868 .
1964 1858 1975 1869 .
2019 1858 2030 1869 .
2073 1821 2138 1870 Et
2168 1822 2201 1869 fi

134 1909 394 1975 contingat
431 1927 523 1959 nos
567 1948 578 1960 .
623 1948 634 1959 .
673 1949 683 1959 .
727 1910 780 1959 in
819 1911 1071 1961 solucione
1112 1949 1124 1960 .
1167 1950 1178 1960 .
1218 1949 1230 1961 .
1268 1911 1482 1961 deficere
1515 1911 1791 1978 obligamus
1827 1929 1917 1961 nos
1952 1919 2003 1962 et
2038 1915 2203 1962 omnia

135 2003 267 2051 bona
307 2002 478 2052 nostra
522 2042 532 2052 .
577 2042 587 2052 .
635 2042 646 2052 .
690 2021 781 2069 per
821 2005 1006 2053 dietum
1044 2004 1332 2054 Johannem
1377 2042 1388 2053 .
1434 2042 1445 2052 .
1492 2042 1503 2052 .
1547 2004 1653 2053 fore
1697 2040 1708 2051 .
1754 2043 1765 2053 .
1812 2042 1822 2053 .
1864 2005 2203 2071 distringenda

136 2095 297 2144 donec
323 2095 485 2144 eidem
526 2134 536 2144 .
575 2134 585 2145 .
624 2135 634 2145 .
670 2104 771 2146 tam
798 2098 860 2146 de
898 2136 908 2146 .
947 2135 957 2146 .
992 2136 1003 2146 .
1038 2096 1262 2163 expenfis
1302 2135 1313 2146 .
1350 2134 1361 2146 .
1396 2135 1406 2145 .
1441 2114 1589 2162 quam
1615 2096 1781 2146 debito
1805 2097 2071 2163 principali
2109 2136 2119 2146 .
2150 2137 2159 2146 .
2191 2136 2200 2145 .

135 2188 287 2237 fuerit
313 2188 609 2238 satiffaetum
649 2228 660 2238 .
701 2227 712 2238 .
753 2228 765 2239 .
804 2190 865 2238 In
886 2191 1026 2240 cuius
1052 2191 1126 2239 rei
1152 2189 1486 2239 testimonium
1510 2189 1818 2255 presentibus
1844 2189 2052 2255 sigillum
2092 2228 2102 2238 .
2142 2229 2151 2237 .
2189 2229 2199 2238 .

136 2281 343 2346 capituli
393 2320 404 2330 .
452 2320 463 2330 .
510 2320 520 2330 .
565 2281 636 2331 est
671 2283 942 2349 appensum
984 2312 995 2322 ·
1038 2282 1229 2333 Datum
1265 2284 1398 2348 apud
1435 2282 1775 2331 Abirbrothoc
1812 2282 1891 2330 die
1933 2281 2199 2330 Dominica

134 2373 364 2439 proxima
414 2374 523 2440 post
574 2377 771 2425 ofitavas
830 2376 1116 2442 Epiphanie
1162 2376 1371 2426 Domini
1418 2392 1549 2425 anno
1596 2374 1765 2440 gracie
1812 2373 2066 2423 millesimo
2115 2393 2199 2424 ccc

135 2473 219 2516 xx⁰
241 2469 324 2515 ix0.

135 2730 313 2804 Carta
336 2756 610 2805 tenementi
635 2756 696 2806 de
721 2755 1079 2823 Innerculayn.

136 2916 419 2990 Uniuerfis
464 2977 475 2988 .
522 2977 533 2989 .
580 2978 591 2988 .
634 2940 894 2991 Galfridus
936 2979 947 2990 .
990 2979 1001 2990 .
1046 2978 1056 2989 .
1100 2940 1250 2990 abbas
1290 2939 1350 2988 de
1383 2937 1723 2988 Abirbrothoc
1760 2943 1810 2986 et
1847 2935 2059 2986 eiusdem
2102 2933 2195 2982 loci

139 3038 416 3080 conuentus
460 3070 471 3080 .
518 3069 529 3080 .
576 3071 587 3081 .
632 3033 893 3084 Noueritis
930 3051 1022 3084 nos
1059 3040 1249 3083 cartam
1293 3070 1304 3080 .
1350 3069 1361 3081 .
1408 3069 1418 3080 .
1461 3047 1551 3097 per
1576 3030 1855 3080 Walterum
1891 3028 2115 3077 abbatem
2149 3034 2195 3073 et

138 3132 439 3174 conuentum
466 3125 528 3174 de
554 3126 897 3177 Abirbrothoc
933 3166 943 3176 .
974 3165 984 3177 .
1013 3165 1025 3176 .
1057 3127 1280 3176 Roberto
1302 3126 1362 3174 de
1390 3124 1592 3190 Holdey
1611 3123 1789 3172 faaam
1822 3159 1833 3170 .
1862 3158 1873 3169 .
1902 3159 1913 3170 .
1943 3118 2192 3184 inspexisse

135 3216 189 3265 in
212 3216 306 3266 hec
332 3217 484 3267 verba
510 3246 520 3257 ·
549 3217 795 3269 Omnibus
824 3219 1263 3270 christifidelibus
1305 3256 1315 3267 .
1359 3255 1369 3266 .
1413 3255 1424 3266 .
1458 3216 1712 3266 Walterus
1754 3252 1763 3263 .
1804 3252 1815 3263 .
1858 3251 1868 3262 .
1909 3213 2056 3262 abbas
2088 3247 2098 3259 .
2134 3248 2143 3257 .
2180 3247 2190 3257 .
