2762 3834
630 354 1054 406 REGISTRUM
1089 355 1185 405 DE
1221 356 1606 408 ABERBROT
1614 357 1777 409 HOC.
1961 385 1963 387 ·
2125 369 2220 413 233

184 562 465 635 Affedacio
491 580 694 630 dimidie
719 580 836 628 ville
860 580 922 629 de
947 579 1302 647 Westirperoy.

45 765 130 818 277
183 743 382 815 Pateat
407 762 643 812 vniuerfis
679 801 690 811 .
724 801 733 811 .
774 800 785 810 .
822 779 912 809 nos
936 761 1107 809 Dauid
1143 798 1154 810 .
1182 798 1193 808 .
1220 798 1231 809 .
1265 763 1488 811 abbatem
1522 801 1532 811 .
1569 800 1578 810 .
1610 800 1620 811 .
1658 764 1719 811 de
1745 763 2082 813 Abirbrothoc
2119 803 2129 813 .
2165 803 2174 812 .
2211 803 2221 812 .

183 855 402 904 assedaffe
441 892 452 901 .
494 892 504 902 .
546 892 557 902 .
595 853 849 902 Willelmo
891 853 1070 917 Ravyn
1108 859 1156 901 et
1190 852 1286 900 suis
1322 853 1569 917 aflignatis
1611 854 1681 902 ita
1721 856 1854 918 quod
1889 856 2109 920 affignati
2150 857 2222 904 illi

182 966 279 996 non
306 948 397 995 ssnt
420 947 620 995 maioris
647 946 831 1011 vigoris
869 961 1014 1008 quam
1050 944 1152 1008 ipse
1188 981 1197 992 .
1238 981 1249 991 .
1289 981 1299 991 .
1340 945 1592 993 dimidiam
1618 953 1806 1009 partem
1835 947 1948 995 ville
1973 948 2138 996 nostre
2162 949 2223 996 de

183 1039 513 1103 VVestirperce
558 1056 654 1086 vna
702 1055 811 1086 cum
860 1037 1064 1085 decimis
1111 1036 1392 1100 garbalibus
1434 1074 1444 1084 .
1484 1075 1494 1085 .
1535 1075 1546 1085 .
1588 1055 1678 1101 pro
1725 1039 1948 1086 terminis
1996 1041 2223 1090 vndeeim

184 1149 424 1179 annorum
464 1169 474 1179 .
518 1168 529 1178 .
574 1170 583 1178 .
621 1130 833 1179 termino
869 1146 984 1178 vero
1019 1128 1251 1177 introitus
1290 1165 1301 1175 .
1340 1165 1350 1175 .
1391 1165 1402 1176 .
1440 1128 1492 1175 in
1527 1129 1829 1178 dimidiet-ate
1865 1130 1976 1178 ville
2014 1169 2023 1179 .
2060 1170 2069 1179 .
2108 1170 2116 1180 .
2153 1132 2225 1179 in-

185 1223 399 1287 cipiente
435 1223 487 1270 in
523 1222 645 1270 festo
682 1221 998 1270 Pentecostes
1035 1221 1200 1268 datam
1229 1219 1534 1283 presencium
1570 1221 1851 1270 immediate
1887 1223 2116 1286 sequente
2142 1251 2151 1260 ·
2177 1232 2224 1272 et

184 1314 393 1363 termino
418 1314 650 1362 introitus
687 1351 696 1360 .
734 1351 743 1360 .
781 1351 790 1360 .
824 1313 888 1360 ad
913 1312 1128 1360 decimas
1152 1311 1379 1375 garbales
1415 1351 1425 1360 .
1460 1351 1468 1360 .
1504 1351 1513 1360 .
1546 1313 1814 1377 incipiente
1839 1315 1890 1362 in
1914 1315 2034 1363 festo
2060 1315 2223 1364 Saneti

184 1407 320 1455 Petri
358 1407 491 1470 quod
526 1405 706 1453 dicitur
748 1404 1014 1453 aduincula
1054 1403 1331 1452 huiusmodi
1366 1403 1541 1451 festum
1576 1405 1807 1468 sequente
1844 1444 1854 1453 .
1889 1444 1897 1453 .
1929 1445 1938 1453 .
1979 1405 2226 1455 Soluendo

185 1538 194 1546 .
225 1537 235 1547 .
267 1538 275 1546 .
306 1515 398 1562 pro
421 1498 564 1545 firma
588 1497 714 1545 difflae
740 1495 943 1544 dimidie
973 1495 1127 1560 partis
1153 1534 1162 1542 .
1190 1534 1198 1542 .
1225 1533 1234 1543 .
1263 1502 1473 1558 quatuor
1508 1495 1659 1544 libras
1695 1498 1949 1545 tresdecim
1980 1498 2154 1546 solidos
2181 1507 2227 1546 et

186 1597 395 1653 quatuor
415 1587 644 1636 denarios
679 1624 690 1634 .
729 1624 739 1634 .
775 1623 788 1634 .
822 1594 1020 1634 monete
1056 1623 1067 1634 .
1105 1623 1115 1634 .
1152 1623 1162 1633 .
1190 1585 1360 1635 Seocie
1384 1588 1448 1635 ad
1485 1624 1495 1635 .
1536 1624 1546 1634 .
1587 1625 1597 1635 .
1635 1588 1870 1636 terminos
1891 1589 2076 1637 vsuales
2114 1627 2124 1637 .
2166 1627 2176 1636 .
2216 1627 2225 1636 .

185 1687 234 1729 et
250 1697 341 1744 pro
361 1680 581 1728 decima.
608 1718 618 1727 .
646 1718 655 1727 .
681 1678 1012 1744 quadraginta
1033 1679 1113 1727 sex
1137 1678 1316 1726 solidos
1336 1686 1384 1727 et
1403 1682 1510 1727 octo
1531 1680 1760 1728 denarios
1786 1716 1796 1727 .
1826 1717 1836 1727 .
1867 1717 1876 1727 .
1904 1682 1964 1728 ad
1992 1718 2002 1728 .
2033 1718 2043 1728 .
2073 1718 2083 1728 .
2109 1681 2230 1729 festa

188 1811 197 1820 .
224 1811 233 1820 .
261 1810 272 1820 .
298 1771 675 1820 Purificacionis
697 1770 851 1819 Beate
873 1769 1036 1818 Marie
1063 1770 1268 1834 virginis
1293 1778 1342 1818 et
1360 1770 1547 1819 Pasche
1573 1811 1582 1820 .
1610 1808 1618 1819 .
1647 1810 1656 1819 .
1680 1789 1791 1820 cum
1810 1779 2034 1836 rynmart
2058 1772 2230 1820 wethir

186 1865 332 1930 pullis
353 1874 402 1914 et
425 1864 531 1913 aliis
556 1863 921 1912 husbandorum
947 1863 1177 1911 oneribus
1197 1902 1206 1912 .
1230 1900 1240 1910 .
1261 1901 1271 1911 .
1300 1864 1419 1912 ficut
1444 1863 1543 1912 alia
1567 1864 1770 1911 dimidia
1794 1881 1906 1928 pars
1927 1864 2100 1912 soluit·
2122 1864 2231 1912 Nec

186 1957 352 2006 licebit
379 1995 390 2005 .
416 1994 427 2005 .
455 1993 466 2005 .
494 1957 731 2022 aflignato
757 1955 874 2003 dieti
898 1955 1140 2004 Willelmi
1166 1955 1196 2003 fi
1229 1956 1337 2019 quis
1372 1956 1522 2004 fuerit
1553 1956 1728 2003 dictam
1756 1956 2009 2004 dimidiam
2041 1963 2230 2020 partem

234 2087 242 2097 .
282 2087 291 2096 .
329 2048 545 2096 affedare
582 2086 592 2096 .
635 2085 645 2095 .
689 2084 699 2095 .
739 2047 838 2095 fine
863 2046 1030 2095 nostra
1062 2046 1274 2096 licencia
1312 2085 1322 2096 .
1361 2084 1372 2095 .
1413 2085 1424 2095 .
1461 2047 1706 2096 Volumus
1732 2055 1896 2096 tamen
1921 2048 2052 2111 quod
2077 2048 2231 2096 diecus

187 2139 485 2189 Willielmus
521 2140 700 2188 habeat
733 2139 1045 2188 coadiutores
1079 2155 1171 2202 pro
1209 2146 1429 2204 tempore
1462 2141 1543 2187 suo
1571 2177 1583 2188 .
1611 2177 1622 2187 .
1651 2177 1661 2187 .
1688 2139 1753 2187 Et
1779 2140 1811 2187 fi
1838 2177 1848 2188 .
1871 2176 1890 2207 ⁵.
1918 2177 1928 2187 .
1958 2139 2230 2187 Willelmus

188 2239 271 2280 aut
307 2232 379 2280 sui
420 2231 643 2296 affignati
690 2268 700 2279 .
747 2268 757 2279 .
801 2268 812 2278 .
855 2230 983 2278 male
1018 2230 1354 2294 persoluentes
1391 2239 1475 2280 aut
1509 2232 1650 2279 nobis
1694 2268 1704 2279 .
1751 2268 1762 2278 .
1808 2268 1818 2278 .
1861 2230 2076 2278 iniuriofi
2111 2230 2229 2278 exti—

189 2324 337 2373 terint
360 2325 529 2373 licebit
554 2325 695 2373 nobis
733 2362 744 2373 .
779 2362 791 2373 .
828 2361 838 2372 .
874 2325 934 2372 de
960 2324 1102 2372 dietis
1147 2361 1158 2372 .
1201 2361 1210 2371 .
1254 2361 1264 2371 .
1308 2323 1370 2371 ad
1414 2360 1424 2370 .
1468 2359 1479 2369 .
1524 2359 1534 2369 .
1573 2322 1765 2369 libitum
1812 2358 1823 2369 .
1865 2358 1875 2369 .
1923 2358 1934 2369 .
1975 2321 2229 2384 disponere

194 2512 333 2556 1485.

194 2781 474 2852 Affedaeio
505 2802 616 2851 vine
643 2803 703 2850 de
730 2802 1030 2850 Newlandis.

69 2951 160 3040 L‘278'
195 2960 321 3032 Nos
345 2982 514 3031 Dauid
539 2983 687 3030 abbas
723 3019 733 3030 .
773 3019 783 3030 .
824 3019 834 3030 .
870 2982 930 3029 de
955 2981 1290 3031 Abirbrotboc
1326 3021 1336 3031 .
1373 3022 1383 3032 .
1419 3022 1429 3032 .
1469 2984 1770 3033 affedamus.
1806 3021 1816 3031 .
1846 2982 2050 3031 ,Dauid
2073 2981 2229 3046 Lych-

198 3081 312 3122 toun
338 3082 388 3122 et
412 3074 626 3122 Mai-iote
652 3073 899 3138 Lindesay
924 3073 1092 3137 sponse
1130 3074 1211 3122 sue
1250 3109 1260 3119 .
1300 3111 1310 3120 .
1352 3111 1361 3120 .
1400 3074 1566 3122 villam
1603 3075 1814 3122 nostram
1851 3075 1910 3121 de
1947 3071 2231 3121 Newlandis

196 3202 207 3211 .
239 3203 248 3212 .
286 3204 294 3212 .
331 3182 426 3229 pro·
457 3172 561 3213 toto
603 3172 823 3228 tempore
848 3163 947 3213 vite
983 3201 992 3211 .
1031 3202 1040 3211 .
1078 3202 1087 3212 .
1123 3164 1312 3227 suisque
1349 3165 1713 3213 coadiutoribus
1749 3173 1797 3213 et
1832 3163 2194 3213 subtenentibus
2219 3188 2229 3198 ·

1119 3258 1149 3301 2
1176 3271 1206 3302 G
