2586 3834
396 392 492 438 410
843 380 1265 433 REGISTRUM
1298 379 1395 428 DE
1432 376 1988 427 ABERBROTHOC.

398 520 600 568 Ter-was
623 533 714 581 pro
738 515 962 564 terminis
987 510 1330 561 nouemdecim
1356 524 1598 558 annorum
1635 545 1645 556 .
1680 545 1691 556 .
1727 546 1736 556 .
1767 524 1859 572 pro
1895 547 1904 557 .
1931 548 1940 558 .
1969 548 1977 557 .
2015 508 2200 559 summa
2221 512 2431 575 pecunie

396 611 578 660 scilicet
614 606 972 672 quinquaginta
1005 604 1242 650 librarum
1279 600 1419 648 nobis
1463 638 1474 648 .
1518 636 1529 648 .
1577 637 1587 648 .
1630 600 1880 664 persoluta
1910 617 1969 649 ac
2004 617 2096 664 pro
2121 601 2204 650 suo
2230 603 2436 651 seruicio

396 741 405 750 .
448 740 457 748 .
502 740 510 748 .
549 698 758 747 termino
783 711 901 744 vero
926 693 1158 742 introitus
1203 729 1214 740 .
1253 730 1261 739 .
1301 730 1309 738 .
1348 691 1620 755 incipiente
1645 691 1708 739 ad
1734 691 1906 739 festum
1932 691 2246 740 Pentecostes
2270 695 2435 742 datam

394 789 696 855 presencium
719 786 1001 834 immediate
1026 784 1232 847 sequens
1268 811 1278 821 ·
1320 781 1571 831 Soluendo
1613 820 1623 830 .
1676 820 1686 830 .
1737 822 1746 830 .
1789 782 2044 831 sex-*libras
2085 820 2096 831 .
2139 821 2148 831 .
2188 822 2198 832 .
2242 792 2436 833 monete

498 918 508 928 .
577 879 746 926 Scocie
785 878 847 925 ad
889 916 897 924 .
945 913 954 923 .
1002 915 1010 923 .
1054 874 1292 924 terminos
1330 874 1520 922 vsuales
1569 910 1580 920 .
1626 911 1637 921 .
1683 911 1694 921 .
1739 890 1950 922 vnacum
1989 883 2217 938 rynmart
2251 876 2438 925 weddir

395 982 442 1021 et
465 972 572 1020 aliis
597 970 960 1019 husbandorum
985 968 1218 1016 oneribus
1258 1004 1270 1015 .
1313 1004 1324 1014 .
1364 1004 1374 1013 .
1411 964 1723 1013 Duodecimo
1748 965 1829 1012 die
1853 965 2028 1013 menfis
2052 964 2085 1013 J
2090 966 2281 1013 anuarii
2307 983 2437 1014 anno

394 1062 596 1111 Domini
622 1067 687 1108 m⁰
711 1059 1099 1124 quingentefimo
1124 1058 1385 1106 vndecimo
1411 1064 1460 1106 et
1485 1056 1871 1105 consecrationis
1895 1055 2059 1104 nostre
2084 1073 2216 1103 anno
2241 1056 2400 1119 primo
2425 1083 2435 1092 ·

459 1152 702 1216 Georgius
742 1150 1026 1200 Sodorenfis
1050 1150 1305 1214 episcopus
1330 1165 1389 1197 ao
1413 1147 1863 1196 commendatarius
1889 1147 1949 1196 de
1974 1147 2201 1196 Arbroth
2226 1177 2235 1187 ·
2264 1147 2435 1196 Ricar-

393 1246 481 1293 dus
519 1244 636 1293 Scot
665 1243 890 1307 supprior
915 1270 926 1282 ·
953 1241 1171 1290 Thomas
1203 1240 1377 1289 Sadlar
1402 1268 1412 1278 ·
1439 1239 1726 1288 Alexander
1754 1238 1913 1288 Craill
1938 1267 1948 1295 f
1975 1238 2261 1287 Willelmus-
2284 1238 2400 1288 Scot
2425 1268 2434 1277 ·

392 1335 635 1383 Patricius
671 1334 880 1398 Murray
906 1362 915 1371 -
941 1332 1171 1380 Andreas
1210 1331 1328 1380 Soot
1355 1359 1365 1369 ·
1393 1331 1612 1380 Thomas
1639 1330 1815 1379 Ueche
1840 1360 1850 1370 ·
1880 1330 2127 1379 Robertus
2162 1330 2402 1378 Aldstone
2427 1359 2437 1368 ·

391 1426 678 1474 Alexander
702 1424 850 1489 Dury
876 1452 886 1462 ·
914 1423 1132 1471 Thomas
1160 1422 1368 1487 Galway
1394 1450 1404 1459 ·
1428 1423 1463 1472 J
1466 1425 1647 1473 acobus
1672 1423 1859 1472 F-resell
1882 1451 1893 1462 ·
1917 1422 2195 1471 Willelmus
2219 1423 2399 1489 Feithy
2425 1453 2434 1462 ·

390 1518 642 1565 Johannes
683 1515 790 1563 Bad
827 1545 838 1554 ·
878 1515 1096 1563 Jacobus
1135 1513 1394 1578 Lychtone
1438 1544 1448 1554 ·
1489 1515 1721 1564 Andreas
1758 1515 1922 1563 Barde
1959 1541 1970 1552 ·
1994 1514 2179 1562 .Adam
2219 1514 2432 1564 Chatte·

389 1609 422 1656 J
427 1609 642 1656 ohannes
678 1605 923 1655 Alansone
956 1634 966 1645 ·
1003 1605 1174 1654 Dauid
1200 1604 1394 1654 Tendir
1425 1633 1434 1644 ·
1470 1606 1641 1655 Dauid
1677 1606 1800 1672 Kay·
1824 1635 1834 1646 ·
1874 1606 2120 1655 Robertus
2151 1606 2399 1655 Dauisone
2426 1635 2435 1643 ·

390 1700 557 1748 Dauid
575 1698 734 1764 Fethy
753 1730 762 1739 -
784 1697 1064 1747 Willelmus
1082 1696 1431 1763 Ochthorlony
1449 1727 1459 1737 ·
1476 1698 1649 1747 Dauid
1667 1699 1822 1749 Craill
1844 1727 1854 1736 ·
1877 1698 2157 1747 WVillelmus
2177 1699 2407 1749 Cramme
2426 1727 2434 1736 ·

393 1792 608 1840 Thomas
632 1790 845 1839 Melwen
872 1819 881 1828 ·
908 1791 1153 1839 Robertus
1177 1788 1432 1839 Durwart'.

391 2041 567 2113 Cowll
591 2064 831 2113 affedatur
855 2064 1100 2113 Willelmo
1129 2065 1408 2129 Quhytlaw.

392 2286 400 2294 .
440 2283 450 2293 .
491 2283 501 2293 .
544 2246 718 2295 Pateat
756 2285 763 2294 .
804 2284 814 2294 .
853 2286 861 2294 .
899 2263 987 2294 nos
1027 2246 1301 2311 Georgium
1347 2247 1671 2297 Sodorensem
1703 2248 1982 2312 episcopum
2022 2266 2082 2297 ac
2124 2250 2432 2298 commenda-

394 2338 569 2386 tarium
617 2376 626 2385 .
670 2375 680 2385 .
725 2375 734 2386 .
784 2338 846 2386 de
870 2337 1093 2385 Arbroth
1131 2375 1142 2385 .
1184 2375 1194 2385 .
1235 2376 1245 2385 .
1283 2338 1505 2388 affedass'e
1549 2378 1558 2387 .
1595 2378 1603 2386 .
1643 2376 1653 2387 .
1695 2339 1947 2387 Willelmo
1974 2340 2240 2404 Quhytlaw
2265 2349 2314 2388 et
2338 2340 2431 2388 suis

394 2428 756 2477 coadiutoribus
781 2436 829 2477 et
852 2420 1219 2478 subtenentibus
1258 2467 1268 2477 .
1312 2469 1321 2478 .
1366 2469 1375 2478 .
1415 2448 1514 2479 non
1552 2468 1562 2478 .
1603 2468 1614 2479 .
1652 2467 1666 2478 ,ψ
1706 2431 1906 2480 maioris
1941 2431 2093 2489 status
2135 2470 2143 2479 .
2183 2471 2191 2480 .
2231 2469 2242 2480 .
2285 2450 2430 2495 quam

394 2520 491 2582 ipse
526 2558 534 2566 .
570 2556 580 2566 .
618 2556 627 2565 .
666 2520 831 2567 villam
857 2520 1070 2567 nostram
1095 2521 1155 2568 de
1184 2514 1350 2569 Cowle
1384 2561 1393 2570 .
1428 2561 1437 2570 .
1472 2560 1483 2570 .
1517 2522 1759 2571 iacentem
1785 2523 1915 2570 infra
1938 2523 2192 2571 baroniam
2217 2525 2430 2571 nostram

396 2610 455 2656 de
484 2609 675 2657 Taruas
709 2627 799 2673 pro
834 2611 1058 2658 terminis
1092 2614 1418 2661 nouendecim
1456 2631 1698 2662 annorum
1741 2652 1750 2661 .
1790 2651 1800 2662 .
1839 2652 1848 2661 .
1884 2631 1975 2678 pro
2011 2615 2196 2662 summa
2232 2625 2427 2663 centum

395 2716 669 2747 marearum
703 2701 844 2748 nobis
884 2738 894 2748 .
940 2741 947 2749 .
992 2741 1000 2749 .
1040 2703 1285 2764 persoluta
1309 2722 1367 2752 ao
1390 2722 1482 2768 pro
1504 2705 1590 2753 suo
1613 2705 1820 2753 seruicio
1843 2687 1998 2755 *nobis
2042 2742 2052 2752 .
2098 2742 2109 2752 .
2152 2742 2161 2753 .
2211 2706 2427 2769 impenso

397 2827 408 2837 .
446 2830 455 2838 .
492 2828 501 2837 .
542 2788 789 2838 Soluendo
810 2792 925 2839 inde
950 2794 1203 2841 annuatim
1235 2833 1243 2841 .
1279 2833 1288 2842 .
1328 2832 1338 2842 .
1372 2796 1543 2844 decem
1568 2796 1718 2844 libras
1756 2833 1766 2844 .
1805 2833 1817 2844 .
1851 2835 1859 2843 .
1893 2805 2089 2844 monete
2116 2796 2289 2846 Scocie
2325 2835 2335 2844 .
2371 2835 2380 2845 .
2416 2835 2426 2844 .

398 2896 617 2928 vnacum-
641 2889 864 2944 rynmart
898 2890 946 2930 et
980 2884 1182 2948 weddyr
1217 2902 1274 2932 ao
1306 2886 1414 2934 aliis
1448 2887 2080 2937 huibandorumoneribus
2122 2926 2131 2936 .
2174 2927 2183 2937 .
2227 2927 2236 2936 .
2279 2889 2430 2953 Apud

452 3006 464 3018 .
504 3007 515 3017 .
551 2969 898 3019 monasterium
921 2972 1211 3022 duodecimo
1235 2975 1314 3023 die
1338 2977 1512 3026 mensis
1535 2978 1571 3026 J
1573 2980 1766 3029 anuarii
1791 2996 1931 3028 anno.
1946 2979 2154 3029 Domini
2177 2980 2429 3028 millefimo

398 3060 783 3126 quingentesimo
809 3063 1078 3112 vndeoimo.
