2742 3848
897 365 1138 417 INDEX
1174 363 1560 417 NOMINUM:

177 511 342 563 Oculus,
384 511 558 563 Cowltis,
599 511 742 563 Culus,
781 512 968 564 magister
1006 511 1190 562 Thomas,

231 584 408 624 officialis
421 583 701 625 Sanctiandree
718 584 821 624 infra
835 584 1193 624 archidiaconatum

230 655 445 707 Laudonie,
466 659 713 709 presentatus
731 655 782 696 ad
799 655 989 695 vicariam
1007 655 1055 694 de
1075 654 1191 695 Abir-

230 726 410 777 kerdour,
431 728 526 767 459.

303 799 387 838 vide
407 798 596 846 Balfouir,
618 797 816 838 Chalmar.

176 869 343 922 Ooupar,
365 869 529 922 Conper‚
551 869 726 922 Cowper,
749 868 894 919 David,
916 870 1009 909 423.

175 964 286 972 -—
303 941 423 992 John,
446 942 540 981 509.

301 1013 329 1053 J
331 1017 424 1053 onet
444 1012 537 1053 Soot
555 1012 624 1052 the
643 1011 732 1052 wife
751 1011 796 1051 of
808 1011 931 1060 John,
953 1011 1046 1052 509.

303 1084 488 1135 Thomas,
511 1086 604 1135 358,
627 1085 720 1125 507.

175 1155 301 1207 Covil,
334 1155 478 1207 Gowle,
511 1155 648 1206 Cowll,
673 1155 845 1195 vicarius
873 1155 934 1206 de,
961 1155 1048 1195 vide
1078 1154 1190 1194 Aler-

210 1213 308 1279 =des,
346 1227 449 1279 Clat,
481 1227 681 1278 Cokburn,
722 1227 902 1279 Heryng,
934 1226 1189 1277 Richardson,

230 1299 437 1351 Schawnd,
460 1299 639 1340 Sturrok.

175 1371 291 1424 Crag,
315 1370 454 1423 Crage,
476 1370 682 1423 Georgius,
704 1371 798 1422 430,
820 1371 915 1410 479.

318 1444 507 1496 magister
544 1443 730 1495 Thomas,
770 1449 896 1483 rector
932 1442 980 1482 de
1019 1442 1188 1493 Terwat,

229 1518 324 1555 476.

301 1588 389 1628 vide
407 1587 523 1628 wod.

174 1660 313 1713 Crage,
336 1660 502 1713 Cragge,
525 1660 669 1713 Cra-gy,
690 1661 776 1701 vide
794 1660 999 1713 Hepburn,
1028 1659 1187 1712 Ogilvy‚

230 1731 430 1773 Stratoun.

173 1803 292 1856 Crail,
315 1804 442 1855 Crale,
465 1804 620 1856 Orayle,
653 1804 806 1853 Garale,
836 1803 1075 1855 Alexander,
1106 1818 1187 1844 mo·

226 1875 388 1925 naehus,
419 1876 669 1927 camerarius,
704 1881 744 1916 et
777 1875 955 1928 supprior
988 1875 1036 1915 de
1071 1874 1187 1915 Abir-

224 1947 400 1999 brothoo,
439 1950 532 1999 272,
575 1949 668 1999 298,
705 1949 798 1998 316,
834 1948 927 1998 340,
965 1949 1058 1997 410,
1094 1948 1187 1998 423,

222 2020 318 2059 424.

297 2090 505 2143 burgensis
523 2090 583 2140 de,
604 2090 691 2131 vide
711 2090 845 2143 Kyng.

300 2163 445 2214 David,
467 2162 693 2214 monachus,
715 2164 809 2203 410.

297 2233 480 2276 dominus
506 2235 535 2276 J
537 2235 693 2286 acobus,
714 2235 886 2276 vicarius
914 2235 962 2275 de
992 2234 1186 2282 Rothuen,

228 2307 322 2348 505.

326 2377 507 2419 dominus
552 2378 769 2429 «Iohannes,
818 2379 1043 2429 monachus,
1096 2380 1186 2430 184,

229 2450 322 2489 185.

298 2520 487 2572 magister
506 2519 651 2571 David,
672 2519 859 2571 notarius,
882 2521 974 2571 292,
997 2521 1090 2560 370.

173 2592 365 2643 Cramme,
386 2591 624 2643 Willelmus,
646 2593 740 2633 410.

175 2664 333 2704 Cranno
353 2664 451 2703 alias
464 2663 654 2714 Vatsoun,
676 2662 857 2703 dominus
876 2662 1059 2715 Thomas,
1081 2664 1186 2704 vica-

224 2736 306 2776 rius
325 2736 373 2777 de
393 2736 522 2789 Fyvy,
544 2738 637 2777 260.

173 2807 406 2859 Oranstoun,
420 2807 609 2860 mag-ister
628 2808 827 2860 Gasperus
848 2807 893 2861 (J
896 2807 1040 2861 aspar),
1061 2813 1187 2848 rector

225 2879 274 2919 de
294 2878 545 2928 Fedderesso,
566 2880 659 2930 240,
681 2880 774 2919 298.

2179 364 2278 415 563

1264 510 1509 558 Craufurdie‚
1540 508 1674 553 David
1702 521 1842 559 eomes,
1863 507 2044 548 dominus
2069 507 2276 560 Lindesay‚

1320 584 1410 633 125,
1435 583 1526 633 133,
1550 583 1640 632 146,
1666 583 1756 621 181.

1265 654 1505 705 Cravmund,
1528 652 1779 704 Crawmund,
1800 652 2029 692 Alexander
2047 651 2107 703 de,
2129 652 2222 691 546.

1392 725 1630 776 Alexander,
1651 725 1699 765 de
1718 724 1919 777 Melgond‚
1941 725 2008 766 96.

1265 797 1396 850 Crayb
1411 798 1509 838 alias
1527 799 1668 851 Pygot,
1683 798 1820 851 Agnes
1840 797 2028 838 Stedman
2047 810 2189 850 sponsa
2201 796 2276 836 Ro-

1317 870 1431 920 berti,
1453 872 1547 911 490.

1392 942 1598 992 Robertus,
1620 942 1714 981 490.

1264 1012 1409 1065 Crayk,
1430 1014 1459 1054 J
1460 1013 1646 1064 ohannes,
1670 1015 1762 1054 508.

1263 1084 1470 1136 Crechton,
1502 1085 1735 1136 Creehtoun,
1767 1085 2016 1136 Creichtoun,
2049 1084 2275 1134 (lx-iehtoun,

1318 1156 1530 1209 Crychton‚
1570 1157 1804 1209 Cryehtone‚
1846 1156 2085 1208 Cryehtoun,
2127 1156 2276 1196 Kreeh-

1316 1234 1420 1280 tone,
1434 1228 1534 1280 Ada,
1548 1229 1653 1269 filius
1664 1229 1693 1270 J
1696 1229 1807 1269 acobi
1820 1228 1865 1269 C.
1879 1229 1927 1269 de
1939 1228 2066 1279 Feldi,
2081 1230 2173 1279 227,
2183 1230 2277 1268 228.

1389 1302 1613 1354 Elizabeth,
1635 1303 1720 1342 vide
1741 1300 1884 1341 Giffart
1903 1306 1944 1341 et
1963 1299 2166 1352 Ogistone.

1389 1374 1417 1414 J
1421 1375 1575 1425 acobus,
1596 1373 1804 1425 burgensis
1823 1373 1871 1412 de
1891 1371 2113 1424 Aberdeyn,
2137 1373 2229 1411 173.

1259 1468 1369 1476 —-
1387 1446 1572 1497 Jacobus,
1594 1446 1641 1485 de
1661 1445 1788 1496 Feldi,
1810 1447 1902 1496 227,
1924 1446 2020 1485 228.

1260 1541 1371 1548 —-·
1388 1517 1575 1569 Jacobus‚
1597 1518 1645 1557 de
1665 1516 1922 1567 Frendracht,
1943 1515 2066 1567 miles,
2090 1517 2182 1556 524.

1387 1589 1416 1630 J
1419 1590 1562 1630 acobus
1604 1589 1749 1630 Giffart
1784 1589 1890 1629 filius
1927 1587 2151 1637 Elizabeth,
2192 1588 2277 1628 vide

1317 1661 1481 1702 Giffard.

1260 1757 1369 1766 ——--
1388 1735 1603 1786 Johannes,
1624 1734 1673 1774 de
1693 1734 1936 1785 Rowthwen,
1958 1735 2052 1775 466.

1260 1829 1369 1837 ——
1379 1807 1567 1859 magister
1574 1807 1715 1847 Petrus
1721 1806 1780 1858 de,
1790 1811 1916 1846 rector
1922 1806 1969 1846 de
1979 1805 2174 1858 Kynoule,
2187 1807 2277 1845 145.

1259 1900 1371 1910 --·
1387 1879 1607 1931 prepositus
1647 1878 1808 1919 ecclesie
1853 1877 2060 1930 collegiate
2097 1877 2157 1929 de,
2197 1879 2278 1918 vide

1316 1950 1516 1990 Fleschar.

1392 2023 1518 2074 Schyr
1534 2023 1562 2063 J
1565 2036 1682 2074 ames,
1704 2022 1749 2062 os
1764 2021 1915 2073 Carnis,
1938 2023 2028 2063 183.

1260 2117 1371 2124 ——
1390 2094 1616 2134 Willelmus
1643 2094 1703 2146 de,
1733 2094 1857 2147 miles,
1887 2094 2076 2147 magister
2099 2094 2273 2147 hospicii,

1316 2168 1410 2206 545.

1387 2238 1612 2278 Willelmus
1628 2237 1818 2289 dominus,
1843 2240 1934 2278 176.

1261 2308 1479 2360 Crennoch,
1512 2309 1694 2349 dominus
1721 2313 1762 2349 et.
1794 2309 1983 2361 magister
2014 2309 2266 2359 Laureneius,

1314 2380 1499 2430 notarius,
1524 2382 1615 2420 166.

1260 2451 1472 2502 Creswille,
1494 2451 1720 2491 Willelmus
1738 2452 1799 2502 de,
1822 2453 1887 2492 25.

1260 2522 1469 2573 Cristeson,
1502 2523 1734 2574 Cristesone,
1757 2522 1971 2575 Cristyson,
1994 2523 2166 2574 Cristini,
2189 2523 2270 2563 An-

1311 2594 1435 2645 dreas,
1458 2595 1551 2644 458,
1573 2595 1666 2645 468,
1689 2595 1781 2646 511,
1803 2596 1894 2646 523,
1918 2596 2010 2635 527.

1266 2687 1359 2695 ———
1395 2665 1577 2705 dominus
1605 2665 1750 2717 David,
1780 2667 1993 2720 presbyter,
2023 2667 2194 2707 vicarius
2224 2668 2270 2706 de

1311 2736 1555 2777 Abirkerdor
1573 2742 1614 2777 et
1632 2738 1680 2777 de
1700 2738 1888 2789 Lownan,
1905 2743 1945 2778 et
1958 2744 2203 2792 presentatus
2222 2740 2272 2778 ad

1310 2808 1500 2848 vicariam
1535 2809 1583 2849 de
1621 2809 1882 2862 Monyfwyth,
1916 2812 2009 2862 447,
2043 2812 2136 2861 451,
2177 2812 2268 2860 453,

1311 2881 1403 2931 455,
1426 2881 1518 2930 459,
1542 2882 1634 2922 511.

172 2949 423 3001 Oraufourde,
460 2949 666 3001 Craufurd,
703 2949 931 3001 Craufurde,
972 2949 1184 3001 Crawfurd,
1255 2973 1365 2983 ---
1383 2951 1571 3004 magister
1584 2957 1625 2992 et
1639 2951 1818 2992 dominus
1836 2951 1980 3005 David,
2000 2951 2115 3006 (forte
2134 2953 2267 3006 idem),

200 3026 206 3031 '
227 3020 368 3071 Adam,
389 3021 596 3073 burgensis
614 3021 662 3061 de
682 3021 904 3072 Abberden,
929 3023 1019 3072 148,
1041 3023 1133 3062 219.

169 3114 282 3124 —
298 3092 507 3146 Philippus
535 3093 598 3144 de,
628 3092 810 3133 dominus
837 3093 885 3133 de
905 3093 1093 3145 Fethray,
1120 3094 1184 3142 50,

229 3165 295 3203 51.

173 3255 283 3267 ———
303 3234 488 3287 Thomas,
508 3235 714 3288 burgensis
733 3235 780 3275 de
802 3234 988 3287 Abirden,
1011 3237 1075 3276 79.

1312 3025 1405 3064 510.

1388 3097 1577 3149 magister
1595 3098 1808 3150 Johannes,
1831 3099 1922 3138 145.

1256 3190 1365 3199 --
1386 3169 1614 3221 Margareta
1640 3169 1780 3211 Schort
1807 3183 1947 3223 sponsa
1975 3169 2144 3221 Andree,
2175 3171 2266 3220 446,

1312 3241 1406 3291 458,
1426 3242 1519 3291 468,
1541 3243 1634 3282 491.
