<?xml version="1.0" encoding="UTF-8"?>
<!DOCTYPE html PUBLIC "-//W3C//DTD XHTML 1.0 Transitional//EN"
    "http://www.w3.org/TR/xhtml1/DTD/xhtml1-transitional.dtd">
<html xmlns="http://www.w3.org/1999/xhtml" xml:lang="en" lang="en">
 <head>
  <title>
</title>
<meta http-equiv="Content-Type" content="text/html;charset=utf-8" />
  <meta name='ocr-system' content='tesseract 3.04.00' />
  <meta name='ocr-capabilities' content='ocr_page ocr_carea ocr_par ocr_line ocrx_word'/>
</head>
<body>
  <div class='ocr_page' id='page_1' title='image "./libersthomedea8602arbruoft_0128.png"; bbox 0 0 2762 3834; ppageno 0'>
   <div class='ocr_carea' id='block_1_1' title="bbox 385 774 448 822">
    <p class='ocr_par' dir='ltr' id='par_1_1' title="bbox 385 774 448 822">
     <span class='ocr_line' id='line_1_1' title="bbox 385 774 448 822; baseline 0.079 -5"><span class='ocrx_word' id='word_1_1' title='bbox 385 774 448 822; x_wconf 83' lang='lat'>29</span> 
     </span>
    </p>
   </div>
   <div class='ocr_carea' id='block_1_2' title="bbox 394 2425 458 2467">
    <p class='ocr_par' dir='ltr' id='par_1_2' title="bbox 394 2425 458 2467">
     <span class='ocr_line' id='line_1_2' title="bbox 394 2425 458 2467; baseline 0 0"><span class='ocrx_word' id='word_1_2' title='bbox 394 2425 458 2467; x_wconf 87' lang='grc'>30</span> 
     </span>
    </p>
   </div>
   <div class='ocr_carea' id='block_1_3' title="bbox 500 348 2093 412">
    <p class='ocr_par' dir='ltr' id='par_1_3' title="bbox 500 348 2093 412">
     <span class='ocr_line' id='line_1_3' title="bbox 500 348 2093 412; baseline -0.009 0"><span class='ocrx_word' id='word_1_3' title='bbox 500 368 562 412; x_wconf 83' lang='lat'>28</span> <span class='ocrx_word' id='word_1_4' title='bbox 942 357 1113 408; x_wconf 89' lang='lat' dir='ltr'><strong>REGI</strong></span> <span class='ocrx_word' id='word_1_5' title='bbox 1121 354 1365 407; x_wconf 90' lang='lat' dir='ltr'>STRUM</span> <span class='ocrx_word' id='word_1_6' title='bbox 1400 353 1497 402; x_wconf 90' lang='lat' dir='ltr'>DE</span> <span class='ocrx_word' id='word_1_7' title='bbox 1534 348 2093 400; x_wconf 87' lang='lat' dir='ltr'>ABERBROTHOC.</span> 
     </span>
    </p>
   </div>
   <div class='ocr_carea' id='block_1_4' title="bbox 499 566 1901 640">
    <p class='ocr_par' dir='ltr' id='par_1_4' title="bbox 499 566 1901 640">
     <span class='ocr_line' id='line_1_4' title="bbox 499 566 1901 640; baseline -0.01 -4"><span class='ocrx_word' id='word_1_8' title='bbox 499 566 691 637; x_wconf 80' lang='lat' dir='ltr'>Litora</span> <span class='ocrx_word' id='word_1_9' title='bbox 714 581 978 632; x_wconf 89' lang='lat' dir='ltr'>ordinandi</span> <span class='ocrx_word' id='word_1_10' title='bbox 1004 579 1251 629; x_wconf 90' lang='lat' dir='ltr'>custodem</span> <span class='ocrx_word' id='word_1_11' title='bbox 1277 577 1338 624; x_wconf 91' lang='lat' dir='ltr'>de</span> <span class='ocrx_word' id='word_1_12' title='bbox 1363 574 1519 640; x_wconf 88' lang='lat' dir='ltr'>way</span> <span class='ocrx_word' id='word_1_13' title='bbox 1543 589 1632 637; x_wconf 90' lang='lat' dir='ltr'>per</span> <span class='ocrx_word' id='word_1_14' title='bbox 1658 573 1901 622; x_wconf 84' lang='lat' dir='ltr'>abbatem.</span> 
     </span>
    </p>
   </div>
   <div class='ocr_carea' id='block_1_5' title="bbox 497 744 2552 1648">
    <p class='ocr_par' dir='ltr' id='par_1_5' title="bbox 497 744 2552 1648">
     <span class='ocr_line' id='line_1_5' title="bbox 500 744 2547 816; baseline -0.003 -4"><span class='ocrx_word' id='word_1_15' title='bbox 500 744 816 816; x_wconf 88' lang='lat' dir='ltr'>Willelmus</span> <span class='ocrx_word' id='word_1_16' title='bbox 851 798 862 809; x_wconf 90' lang='lat'><strong>.</strong></span> <span class='ocrx_word' id='word_1_17' title='bbox 902 797 913 808; x_wconf 91' lang='lat'><strong>.</strong></span> <span class='ocrx_word' id='word_1_18' title='bbox 950 797 959 808; x_wconf 95' lang='lat'><strong>.</strong></span> <span class='ocrx_word' id='word_1_19' title='bbox 993 759 1142 807; x_wconf 87' lang='lat' dir='ltr'>abbas</span> <span class='ocrx_word' id='word_1_20' title='bbox 1175 794 1187 805; x_wconf 89' lang='lat'>.</span> <span class='ocrx_word' id='word_1_21' title='bbox 1224 793 1235 804; x_wconf 89' lang='lat'><strong>.</strong></span> <span class='ocrx_word' id='word_1_22' title='bbox 1272 793 1282 803; x_wconf 94' lang='lat'>.</span> <span class='ocrx_word' id='word_1_23' title='bbox 1316 755 1378 803; x_wconf 90' lang='lat' dir='ltr'>de</span> <span class='ocrx_word' id='word_1_24' title='bbox 1402 752 1742 802; x_wconf 89' lang='lat' dir='ltr'>Abirbrothoc</span> <span class='ocrx_word' id='word_1_25' title='bbox 1764 754 1945 802; x_wconf 74' lang='grc' dir='ltr'>(111εὸὶο</span> <span class='ocrx_word' id='word_1_26' title='bbox 1968 754 2100 803; x_wconf 90' lang='lat' dir='ltr'>socio</span> <span class='ocrx_word' id='word_1_27' title='bbox 2123 763 2172 803; x_wconf 88' lang='lat' dir='ltr'>et</span> <span class='ocrx_word' id='word_1_28' title='bbox 2193 757 2547 806; x_wconf 88' lang='lat' dir='ltr'>commonacho</span> 
     </span>
     <span class='ocr_line' id='line_1_6' title="bbox 498 844 2548 904; baseline -0.003 -1"><span class='ocrx_word' id='word_1_29' title='bbox 498 855 662 904; x_wconf 87' lang='lat' dir='ltr'>nostro</span> <span class='ocrx_word' id='word_1_30' title='bbox 687 852 886 901; x_wconf 91' lang='lat' dir='ltr'>domino</span> <span class='ocrx_word' id='word_1_31' title='bbox 910 848 1130 899; x_wconf 88' lang='lat' dir='ltr'>Johanni</span> <span class='ocrx_word' id='word_1_32' title='bbox 1155 847 1318 896; x_wconf 88' lang='lat' dir='ltr'>Fewir</span> <span class='ocrx_word' id='word_1_33' title='bbox 1343 847 1549 895; x_wconf 83' lang='lat' dir='ltr'>salutem</span> <span class='ocrx_word' id='word_1_34' title='bbox 1593 881 1605 893; x_wconf 91' lang='lat'><strong>.</strong></span> <span class='ocrx_word' id='word_1_35' title='bbox 1652 881 1664 892; x_wconf 89' lang='lat'><strong>.</strong></span> <span class='ocrx_word' id='word_1_36' title='bbox 1710 881 1722 893; x_wconf 89' lang='lat'><strong>.</strong></span> <span class='ocrx_word' id='word_1_37' title='bbox 1764 844 2043 896; x_wconf 75' lang='lat' dir='ltr'>Meminisse</span> <span class='ocrx_word' id='word_1_38' title='bbox 2079 847 2268 896; x_wconf 87' lang='lat' dir='ltr'>debetis</span> <span class='ocrx_word' id='word_1_39' title='bbox 2302 847 2548 898; x_wconf 88' lang='lat' dir='ltr'>kariffime</span> 
     </span>
     <span class='ocr_line' id='line_1_7' title="bbox 498 935 2550 1010; baseline -0.003 -16"><span class='ocrx_word' id='word_1_40' title='bbox 498 946 629 1010; x_wconf 92' lang='lat' dir='ltr'>quod</span> <span class='ocrx_word' id='word_1_41' title='bbox 663 945 715 992; x_wconf 93' lang='lat' dir='ltr'>in</span> <span class='ocrx_word' id='word_1_42' title='bbox 750 943 871 991; x_wconf 89' lang='lat' dir='ltr'>festo</span> <span class='ocrx_word' id='word_1_43' title='bbox 894 939 1253 1006; x_wconf 87' lang='lat' dir='ltr'>purificationis</span> <span class='ocrx_word' id='word_1_44' title='bbox 1285 938 1440 986; x_wconf 90' lang='lat' dir='ltr'>Beate</span> <span class='ocrx_word' id='word_1_45' title='bbox 1466 935 1630 985; x_wconf 84' lang='lat' dir='ltr'>Marie</span> <span class='ocrx_word' id='word_1_46' title='bbox 1657 936 1868 1001; x_wconf 85' lang='lat' dir='ltr'>uirginis</span> <span class='ocrx_word' id='word_1_47' title='bbox 1893 937 2064 986; x_wconf 91' lang='lat' dir='ltr'>vltimo</span> <span class='ocrx_word' id='word_1_48' title='bbox 2102 975 2114 987; x_wconf 87' lang='lat'><strong><em>.</em></strong></span> <span class='ocrx_word' id='word_1_49' title='bbox 2155 976 2166 987; x_wconf 94' lang='lat'><strong>.</strong></span> <span class='ocrx_word' id='word_1_50' title='bbox 2206 976 2217 987; x_wconf 88' lang='lat'><strong>.</strong></span> <span class='ocrx_word' id='word_1_51' title='bbox 2253 939 2306 987; x_wconf 90' lang='lat' dir='ltr'>in</span> <span class='ocrx_word' id='word_1_52' title='bbox 2331 940 2550 1004; x_wconf 76' lang='lat' dir='ltr'>capitulo</span> 
     </span>
     <span class='ocr_line' id='line_1_8' title="bbox 498 1029 2549 1096; baseline -0.002 -11"><span class='ocrx_word' id='word_1_53' title='bbox 498 1036 661 1086; x_wconf 89' lang='lat' dir='ltr'>nostro</span> <span class='ocrx_word' id='word_1_54' title='bbox 699 1072 710 1083; x_wconf 91' lang='lat'>.</span> <span class='ocrx_word' id='word_1_55' title='bbox 750 1072 761 1082; x_wconf 94' lang='lat'><strong>.</strong></span> <span class='ocrx_word' id='word_1_56' title='bbox 801 1071 812 1082; x_wconf 94' lang='lat'><strong>.</strong></span> <span class='ocrx_word' id='word_1_57' title='bbox 850 1049 937 1080; x_wconf 89' lang='lat' dir='ltr'>vos</span> <span class='ocrx_word' id='word_1_58' title='bbox 961 1049 991 1080; x_wconf 88' lang='lat' dir='ltr'>a</span> <span class='ocrx_word' id='word_1_59' title='bbox 1016 1048 1136 1079; x_wconf 90' lang='lat' dir='ltr'>cura</span> <span class='ocrx_word' id='word_1_60' title='bbox 1159 1036 1209 1078; x_wconf 88' lang='lat' dir='ltr'>et</span> <span class='ocrx_word' id='word_1_61' title='bbox 1234 1029 1457 1078; x_wconf 87' lang='lat' dir='ltr'>custodia</span> <span class='ocrx_word' id='word_1_62' title='bbox 1489 1029 1662 1077; x_wconf 89' lang='lat' dir='ltr'>domus</span> <span class='ocrx_word' id='word_1_63' title='bbox 1699 1029 1865 1078; x_wconf 90' lang='lat' dir='ltr'>nostre</span> <span class='ocrx_word' id='word_1_64' title='bbox 1901 1030 1963 1078; x_wconf 90' lang='lat' dir='ltr'>de</span> <span class='ocrx_word' id='word_1_65' title='bbox 2001 1030 2193 1096; x_wconf 88' lang='lat' dir='ltr'>wayn</span> <span class='ocrx_word' id='word_1_66' title='bbox 2217 1031 2549 1081; x_wconf 81' lang='lat' dir='ltr'>relaxauimus</span> 
     </span>
     <span class='ocr_line' id='line_1_9' title="bbox 500 1120 2550 1182; baseline -0.002 -5"><span class='ocrx_word' id='word_1_67' title='bbox 500 1137 547 1177; x_wconf 91' lang='lat' dir='ltr'>et</span> <span class='ocrx_word' id='word_1_68' title='bbox 571 1126 821 1176; x_wconf 86' lang='lat' dir='ltr'>dominum</span> <span class='ocrx_word' id='word_1_69' title='bbox 847 1123 1119 1172; x_wconf 80' lang='lat' dir='ltr'>Patricium</span> <span class='ocrx_word' id='word_1_70' title='bbox 1145 1121 1206 1169; x_wconf 92' lang='lat' dir='ltr'>de</span> <span class='ocrx_word' id='word_1_71' title='bbox 1231 1120 1531 1169; x_wconf 87' lang='lat' dir='ltr'>Firmatorio</span> <span class='ocrx_word' id='word_1_72' title='bbox 1556 1120 1764 1169; x_wconf 80' lang='lat' dir='ltr'>fecimus</span> <span class='ocrx_word' id='word_1_73' title='bbox 1789 1121 1907 1169; x_wconf 63' lang='lat' dir='ltr'>dieti</span> <span class='ocrx_word' id='word_1_74' title='bbox 1929 1122 2028 1171; x_wconf 91' lang='lat' dir='ltr'>loci</span> <span class='ocrx_word' id='word_1_75' title='bbox 2052 1122 2304 1171; x_wconf 89' lang='lat' dir='ltr'>custodem</span> <span class='ocrx_word' id='word_1_76' title='bbox 2335 1151 2345 1162; x_wconf 93' lang='lat'><strong>·</strong></span> <span class='ocrx_word' id='word_1_77' title='bbox 2380 1123 2550 1182; x_wconf 84' lang='lat' dir='ltr'>Quare</span> 
     </span>
     <span class='ocr_line' id='line_1_10' title="bbox 500 1212 2552 1281; baseline -0.002 -13"><span class='ocrx_word' id='word_1_78' title='bbox 500 1220 637 1269; x_wconf 89' lang='lat' dir='ltr'>uobis</span> <span class='ocrx_word' id='word_1_79' title='bbox 661 1218 950 1266; x_wconf 85' lang='lat' dir='ltr'>mandamus</span> <span class='ocrx_word' id='word_1_80' title='bbox 987 1251 997 1262; x_wconf 87' lang='lat'><strong><em>.</em></strong></span> <span class='ocrx_word' id='word_1_81' title='bbox 1039 1250 1050 1261; x_wconf 88' lang='lat'><strong>.</strong></span> <span class='ocrx_word' id='word_1_82' title='bbox 1091 1250 1102 1261; x_wconf 87' lang='lat'><strong>.</strong></span> <span class='ocrx_word' id='word_1_83' title='bbox 1138 1220 1380 1277; x_wconf 89' lang='lat' dir='ltr'>quatenus</span> <span class='ocrx_word' id='word_1_84' title='bbox 1406 1213 1535 1262; x_wconf 64' lang='lat' dir='ltr'>dicto</span> <span class='ocrx_word' id='word_1_85' title='bbox 1561 1212 1763 1260; x_wconf 90' lang='lat' dir='ltr'>domino</span> <span class='ocrx_word' id='word_1_86' title='bbox 1789 1212 2009 1263; x_wconf 90' lang='lat' dir='ltr'>Patricio</span> <span class='ocrx_word' id='word_1_87' title='bbox 2035 1215 2264 1264; x_wconf 90' lang='lat' dir='ltr'>vniuersa</span> <span class='ocrx_word' id='word_1_88' title='bbox 2287 1223 2337 1264; x_wconf 91' lang='lat' dir='ltr'>et</span> <span class='ocrx_word' id='word_1_89' title='bbox 2360 1215 2552 1281; x_wconf 85' lang='lat' dir='ltr'>fingula</span> 
     </span>
     <span class='ocr_line' id='line_1_11' title="bbox 497 1304 2549 1373; baseline -0.001 -14"><span class='ocrx_word' id='word_1_90' title='bbox 497 1314 626 1361; x_wconf 92' lang='lat' dir='ltr'>bona</span> <span class='ocrx_word' id='word_1_91' title='bbox 660 1309 775 1357; x_wconf 70' lang='lat' dir='ltr'>diai</span> <span class='ocrx_word' id='word_1_92' title='bbox 806 1308 904 1356; x_wconf 94' lang='lat' dir='ltr'>loci</span> <span class='ocrx_word' id='word_1_93' title='bbox 930 1305 1041 1355; x_wconf 87' lang='lat' dir='ltr'>vifis</span> <span class='ocrx_word' id='word_1_94' title='bbox 1073 1305 1167 1353; x_wconf 90' lang='lat' dir='ltr'>hiis</span> <span class='ocrx_word' id='word_1_95' title='bbox 1202 1305 1361 1353; x_wconf 90' lang='lat' dir='ltr'>literis</span> <span class='ocrx_word' id='word_1_96' title='bbox 1395 1304 1619 1369; x_wconf 87' lang='lat' dir='ltr'>plenarie</span> <span class='ocrx_word' id='word_1_97' title='bbox 1643 1305 1866 1355; x_wconf 87' lang='lat' dir='ltr'>liberetis</span> <span class='ocrx_word' id='word_1_98' title='bbox 1889 1306 2018 1356; x_wconf 67' lang='lat' dir='ltr'>facta</span> <span class='ocrx_word' id='word_1_99' title='bbox 2050 1309 2181 1356; x_wconf 90' lang='lat' dir='ltr'>inter</span> <span class='ocrx_word' id='word_1_100' title='bbox 2207 1308 2364 1373; x_wconf 91' lang='lat' dir='ltr'>ipsum</span> <span class='ocrx_word' id='word_1_101' title='bbox 2389 1317 2438 1358; x_wconf 93' lang='lat' dir='ltr'>et</span> <span class='ocrx_word' id='word_1_102' title='bbox 2463 1327 2549 1357; x_wconf 88' lang='lat' dir='ltr'>vos</span> 
     </span>
     <span class='ocr_line' id='line_1_12' title="bbox 499 1396 2550 1466; baseline -0.001 -15"><span class='ocrx_word' id='word_1_103' title='bbox 499 1403 764 1451; x_wconf 89' lang='lat' dir='ltr'>indentura</span> <span class='ocrx_word' id='word_1_104' title='bbox 788 1399 1000 1464; x_wconf 88' lang='lat' dir='ltr'>quadam</span> <span class='ocrx_word' id='word_1_105' title='bbox 1031 1396 1189 1462; x_wconf 87' lang='lat' dir='ltr'>figillo</span> <span class='ocrx_word' id='word_1_106' title='bbox 1215 1396 1299 1444; x_wconf 90' lang='lat' dir='ltr'>suo</span> <span class='ocrx_word' id='word_1_107' title='bbox 1324 1404 1373 1445; x_wconf 94' lang='lat' dir='ltr'>et</span> <span class='ocrx_word' id='word_1_108' title='bbox 1397 1396 1558 1446; x_wconf 88' lang='lat' dir='ltr'>vestro</span> <span class='ocrx_word' id='word_1_109' title='bbox 1583 1396 1873 1446; x_wconf 88' lang='lat' dir='ltr'>altrinsecus</span> <span class='ocrx_word' id='word_1_110' title='bbox 1898 1400 2185 1464; x_wconf 89' lang='lat' dir='ltr'>confignata</span> <span class='ocrx_word' id='word_1_111' title='bbox 2209 1410 2258 1449; x_wconf 86' lang='lat' dir='ltr'>et</span> <span class='ocrx_word' id='word_1_112' title='bbox 2282 1402 2367 1449; x_wconf 89' lang='lat' dir='ltr'>sub</span> <span class='ocrx_word' id='word_1_113' title='bbox 2393 1400 2550 1466; x_wconf 86' lang='lat' dir='ltr'>figillo</span> 
     </span>
     <span class='ocr_line' id='line_1_13' title="bbox 501 1487 2550 1559; baseline -0.001 -16"><span class='ocrx_word' id='word_1_114' title='bbox 501 1493 713 1559; x_wconf 89' lang='lat' dir='ltr'>episcopi</span> <span class='ocrx_word' id='word_1_115' title='bbox 739 1492 896 1540; x_wconf 90' lang='lat' dir='ltr'>eciam</span> <span class='ocrx_word' id='word_1_116' title='bbox 929 1488 962 1537; x_wconf 89' lang='lat' dir='ltr'>fi</span> <span class='ocrx_word' id='word_1_117' title='bbox 998 1488 1124 1537; x_wconf 88' lang='lat' dir='ltr'>wltis</span> <span class='ocrx_word' id='word_1_118' title='bbox 1154 1496 1304 1553; x_wconf 89' lang='lat' dir='ltr'>prout</span> <span class='ocrx_word' id='word_1_119' title='bbox 1340 1506 1450 1537; x_wconf 91' lang='lat' dir='ltr'>cum</span> <span class='ocrx_word' id='word_1_120' title='bbox 1486 1487 1643 1537; x_wconf 78' lang='lat' dir='ltr'>essetis</span> <span class='ocrx_word' id='word_1_121' title='bbox 1678 1490 1810 1554; x_wconf 90' lang='lat' dir='ltr'>apud</span> <span class='ocrx_word' id='word_1_122' title='bbox 1844 1507 1934 1538; x_wconf 92' lang='lat' dir='ltr'>nos</span> <span class='ocrx_word' id='word_1_123' title='bbox 1959 1491 2087 1540; x_wconf 88' lang='lat' dir='ltr'>velle</span> <span class='ocrx_word' id='word_1_124' title='bbox 2123 1492 2289 1540; x_wconf 87' lang='lat' dir='ltr'>facere</span> <span class='ocrx_word' id='word_1_125' title='bbox 2314 1492 2502 1541; x_wconf 86' lang='lat' dir='ltr'>dixistis</span> <span class='ocrx_word' id='word_1_126' title='bbox 2540 1524 2550 1533; x_wconf 89' lang='lat'><strong>·</strong></span> 
     </span>
     <span class='ocr_line' id='line_1_14' title="bbox 500 1580 2551 1648; baseline -0.001 -14"><span class='ocrx_word' id='word_1_127' title='bbox 500 1586 565 1634; x_wconf 81' lang='lat' dir='ltr'>Et</span> <span class='ocrx_word' id='word_1_128' title='bbox 587 1586 682 1633; x_wconf 90' lang='lat' dir='ltr'>hoc</span> <span class='ocrx_word' id='word_1_129' title='bbox 706 1585 832 1632; x_wconf 67' lang='lat' dir='ltr'>fa&amp;o</span> <span class='ocrx_word' id='word_1_130' title='bbox 856 1599 1001 1646; x_wconf 92' lang='lat' dir='ltr'>quam</span> <span class='ocrx_word' id='word_1_131' title='bbox 1028 1580 1236 1630; x_wconf 82' lang='lat' dir='ltr'>celerius</span> <span class='ocrx_word' id='word_1_132' title='bbox 1259 1581 1489 1644; x_wconf 84' lang='lat' dir='ltr'>poteritis</span> <span class='ocrx_word' id='word_1_133' title='bbox 1514 1581 1577 1630; x_wconf 89' lang='lat' dir='ltr'>ad</span> <span class='ocrx_word' id='word_1_134' title='bbox 1600 1598 1690 1629; x_wconf 92' lang='lat' dir='ltr'>nos</span> <span class='ocrx_word' id='word_1_135' title='bbox 1714 1583 1846 1646; x_wconf 86' lang='lat' dir='ltr'>apud</span> <span class='ocrx_word' id='word_1_136' title='bbox 1870 1584 2219 1632; x_wconf 89' lang='lat' dir='ltr'>monasterium</span> <span class='ocrx_word' id='word_1_137' title='bbox 2245 1584 2551 1648; x_wconf 87' lang='lat' dir='ltr'>profeffionis</span> 
     </span>
    </p>
   </div>
   <div class='ocr_carea' id='block_1_6' title="bbox 502 1671 2639 1743">
    <p class='ocr_par' dir='ltr' id='par_1_6' title="bbox 502 1671 2639 1743">
     <span class='ocr_line' id='line_1_15' title="bbox 502 1671 2639 1743; baseline 0 -17"><span class='ocrx_word' id='word_1_138' title='bbox 502 1677 660 1726; x_wconf 86' lang='lat' dir='ltr'>vestre</span> <span class='ocrx_word' id='word_1_139' title='bbox 697 1673 1020 1739; x_wconf 83' lang='lat' dir='ltr'>personaliter</span> <span class='ocrx_word' id='word_1_140' title='bbox 1055 1672 1302 1721; x_wconf 84' lang='lat' dir='ltr'>accedatis</span> <span class='ocrx_word' id='word_1_141' title='bbox 1349 1699 1360 1709; x_wconf 93' lang='lat'><strong>·</strong></span> <span class='ocrx_word' id='word_1_142' title='bbox 1406 1671 1596 1722; x_wconf 89' lang='lat' dir='ltr'>Datum</span> <span class='ocrx_word' id='word_1_143' title='bbox 1632 1682 1864 1740; x_wconf 88' lang='lat' dir='ltr'>patenter</span> <span class='ocrx_word' id='word_1_144' title='bbox 1897 1675 1983 1725; x_wconf 90' lang='lat' dir='ltr'>sub</span> <span class='ocrx_word' id='word_1_145' title='bbox 2023 1675 2182 1741; x_wconf 83' lang='lat' dir='ltr'>figillo</span> <span class='ocrx_word' id='word_1_146' title='bbox 2217 1675 2384 1725; x_wconf 90' lang='lat' dir='ltr'>nostro</span> <span class='ocrx_word' id='word_1_147' title='bbox 2420 1678 2551 1743; x_wconf 91' lang='lat' dir='ltr'>apud</span> <span class='ocrx_word' id='word_1_148' title='bbox 2626 1708 2639 1717; x_wconf 26' lang='lat' dir='ltr'>s</span> 
     </span>
    </p>
   </div>
   <div class='ocr_carea' id='block_1_7' title="bbox 503 1763 2550 1921">
    <p class='ocr_par' dir='ltr' id='par_1_7' title="bbox 503 1763 2550 1921">
     <span class='ocr_line' id='line_1_16' title="bbox 503 1763 2550 1835; baseline 0.001 -18"><span class='ocrx_word' id='word_1_149' title='bbox 503 1767 839 1817; x_wconf 90' lang='lat' dir='ltr'>Abirbrothoc</span> <span class='ocrx_word' id='word_1_150' title='bbox 877 1766 955 1813; x_wconf 90' lang='lat' dir='ltr'>die</span> <span class='ocrx_word' id='word_1_151' title='bbox 992 1764 1170 1813; x_wconf 87' lang='lat' dir='ltr'>Martis</span> <span class='ocrx_word' id='word_1_152' title='bbox 1205 1764 1257 1812; x_wconf 90' lang='lat' dir='ltr'>in</span> <span class='ocrx_word' id='word_1_153' title='bbox 1298 1764 1421 1812; x_wconf 85' lang='lat' dir='ltr'>festo</span> <span class='ocrx_word' id='word_1_154' title='bbox 1461 1763 1629 1814; x_wconf 59' lang='lat' dir='ltr'>Sancti</span> <span class='ocrx_word' id='word_1_155' title='bbox 1665 1766 1805 1816; x_wconf 88' lang='lat' dir='ltr'>Petri</span> <span class='ocrx_word' id='word_1_156' title='bbox 1846 1767 1896 1816; x_wconf 91' lang='lat' dir='ltr'>in</span> <span class='ocrx_word' id='word_1_157' title='bbox 1934 1768 2172 1817; x_wconf 86' lang='lat' dir='ltr'>cathedra</span> <span class='ocrx_word' id='word_1_158' title='bbox 2214 1787 2345 1818; x_wconf 90' lang='lat' dir='ltr'>anno</span> <span class='ocrx_word' id='word_1_159' title='bbox 2381 1771 2550 1835; x_wconf 86' lang='lat' dir='ltr'>gracie</span> 
     </span>
     <span class='ocr_line' id='line_1_17' title="bbox 503 1854 1641 1921; baseline -0.001 -14"><span class='ocrx_word' id='word_1_160' title='bbox 503 1859 755 1908; x_wconf 74' lang='lat' dir='ltr'>millesimo</span> <span class='ocrx_word' id='word_1_161' title='bbox 780 1855 1118 1907; x_wconf 70' lang='lat' dir='ltr'>trecentesimo</span> <span class='ocrx_word' id='word_1_162' title='bbox 1143 1854 1439 1921; x_wconf 69' lang='lat' dir='ltr'>sexagesimo</span> <span class='ocrx_word' id='word_1_163' title='bbox 1464 1856 1641 1920; x_wconf 84' lang='lat' dir='ltr'>primo.</span> 
     </span>
    </p>
   </div>
   <div class='ocr_carea' id='block_1_8' title="bbox 504 2120 2552 2282">
    <p class='ocr_par' dir='ltr' id='par_1_8' title="bbox 504 2120 2552 2282">
     <span class='ocr_line' id='line_1_18' title="bbox 507 2120 2552 2206; baseline -0.001 -14"><span class='ocrx_word' id='word_1_164' title='bbox 507 2120 678 2192; x_wconf 81' lang='lat' dir='ltr'>Carta</span> <span class='ocrx_word' id='word_1_165' title='bbox 718 2141 925 2189; x_wconf 90' lang='lat' dir='ltr'>duarum</span> <span class='ocrx_word' id='word_1_166' title='bbox 968 2155 1249 2189; x_wconf 89' lang='lat' dir='ltr'>marcarum</span> <span class='ocrx_word' id='word_1_167' title='bbox 1291 2139 1445 2187; x_wconf 86' lang='lat' dir='ltr'>annui</span> <span class='ocrx_word' id='word_1_168' title='bbox 1492 2139 1715 2189; x_wconf 88' lang='lat' dir='ltr'>redditus</span> <span class='ocrx_word' id='word_1_169' title='bbox 1758 2140 2156 2206; x_wconf 89' lang='lat' dir='ltr'>recipiendarum</span> <span class='ocrx_word' id='word_1_170' title='bbox 2200 2159 2230 2190; x_wconf 91' lang='lat' dir='ltr'>a</span> <span class='ocrx_word' id='word_1_171' title='bbox 2271 2140 2450 2191; x_wconf 90' lang='lat' dir='ltr'>comite</span> <span class='ocrx_word' id='word_1_172' title='bbox 2492 2142 2552 2190; x_wconf 85' lang='lat' dir='ltr'>de</span> 
     </span>
     <span class='ocr_line' id='line_1_19' title="bbox 504 2233 754 2282; baseline -0.008 0"><span class='ocrx_word' id='word_1_173' title='bbox 504 2233 754 2282; x_wconf 87' lang='lat' dir='ltr'>Leuenax.</span> 
     </span>
    </p>
   </div>
   <div class='ocr_carea' id='block_1_9' title="bbox 507 2393 2559 3214">
    <p class='ocr_par' dir='ltr' id='par_1_9' title="bbox 507 2393 2559 3214">
     <span class='ocr_line' id='line_1_20' title="bbox 507 2393 2555 2484; baseline 0 -18"><span class='ocrx_word' id='word_1_174' title='bbox 507 2393 739 2466; x_wconf 81' lang='lat' dir='ltr'>Presens</span> <span class='ocrx_word' id='word_1_175' title='bbox 775 2416 1040 2464; x_wconf 89' lang='lat' dir='ltr'>indentura</span> <span class='ocrx_word' id='word_1_176' title='bbox 1076 2414 1279 2464; x_wconf 88' lang='lat' dir='ltr'>testatur</span> <span class='ocrx_word' id='word_1_177' title='bbox 1304 2415 1437 2479; x_wconf 91' lang='lat' dir='ltr'>quod</span> <span class='ocrx_word' id='word_1_178' title='bbox 1475 2432 1587 2464; x_wconf 89' lang='lat' dir='ltr'>cum</span> <span class='ocrx_word' id='word_1_179' title='bbox 1618 2415 1829 2480; x_wconf 87' lang='lat' dir='ltr'>quedam</span> <span class='ocrx_word' id='word_1_180' title='bbox 1863 2416 2122 2484; x_wconf 84' lang='lat' dir='ltr'>arreragia</span> <span class='ocrx_word' id='word_1_181' title='bbox 2156 2434 2336 2482; x_wconf 87' lang='lat' dir='ltr'>magne</span> <span class='ocrx_word' id='word_1_182' title='bbox 2371 2417 2555 2466; x_wconf 88' lang='lat' dir='ltr'>summe</span> 
     </span>
     <span class='ocr_line' id='line_1_21' title="bbox 508 2506 2557 2571; baseline 0.002 -17"><span class='ocrx_word' id='word_1_183' title='bbox 508 2506 715 2570; x_wconf 89' lang='lat' dir='ltr'>pecunie</span> <span class='ocrx_word' id='word_1_184' title='bbox 749 2523 838 2571; x_wconf 83' lang='lat' dir='ltr'>per</span> <span class='ocrx_word' id='word_1_185' title='bbox 862 2507 1012 2570; x_wconf 89' lang='lat' dir='ltr'>longa</span> <span class='ocrx_word' id='word_1_186' title='bbox 1035 2514 1259 2570; x_wconf 90' lang='lat' dir='ltr'>tempora</span> <span class='ocrx_word' id='word_1_187' title='bbox 1284 2506 1606 2557; x_wconf 77' lang='lat' dir='ltr'>cucurrissent</span> <span class='ocrx_word' id='word_1_188' title='bbox 1640 2508 1833 2557; x_wconf 90' lang='lat' dir='ltr'>ratione</span> <span class='ocrx_word' id='word_1_189' title='bbox 1860 2508 2110 2557; x_wconf 87' lang='lat' dir='ltr'>cuiusdam</span> <span class='ocrx_word' id='word_1_190' title='bbox 2146 2510 2299 2558; x_wconf 90' lang='lat' dir='ltr'>annui</span> <span class='ocrx_word' id='word_1_191' title='bbox 2333 2510 2557 2558; x_wconf 84' lang='lat' dir='ltr'>redditus</span> 
     </span>
     <span class='ocr_line' id='line_1_22' title="bbox 510 2597 2557 2663; baseline 0.002 -18"><span class='ocrx_word' id='word_1_192' title='bbox 510 2598 717 2645; x_wconf 88' lang='lat' dir='ltr'>duarum</span> <span class='ocrx_word' id='word_1_193' title='bbox 741 2615 1017 2646; x_wconf 85' lang='lat' dir='ltr'>marcarum</span> <span class='ocrx_word' id='word_1_194' title='bbox 1041 2597 1384 2663; x_wconf 86' lang='lat' dir='ltr'>sterlingorum</span> <span class='ocrx_word' id='word_1_195' title='bbox 1410 2599 1563 2648; x_wconf 91' lang='lat' dir='ltr'>debiti</span> <span class='ocrx_word' id='word_1_196' title='bbox 1600 2598 1898 2648; x_wconf 89' lang='lat' dir='ltr'>monasterio</span> <span class='ocrx_word' id='word_1_197' title='bbox 1927 2598 2093 2649; x_wconf 58' lang='lat' dir='ltr'>Sancti</span> <span class='ocrx_word' id='word_1_198' title='bbox 2120 2600 2314 2650; x_wconf 90' lang='lat' dir='ltr'>Thome</span> <span class='ocrx_word' id='word_1_199' title='bbox 2339 2602 2557 2650; x_wconf 85' lang='lat' dir='ltr'>martiris</span> 
     </span>
     <span class='ocr_line' id='line_1_23' title="bbox 512 2687 2555 2753; baseline 0.003 -18"><span class='ocrx_word' id='word_1_200' title='bbox 512 2689 572 2736; x_wconf 92' lang='lat' dir='ltr'>de</span> <span class='ocrx_word' id='word_1_201' title='bbox 598 2687 933 2737; x_wconf 89' lang='lat' dir='ltr'>Abirbrothoc</span> <span class='ocrx_word' id='word_1_202' title='bbox 966 2705 1056 2753; x_wconf 91' lang='lat' dir='ltr'>per</span> <span class='ocrx_word' id='word_1_203' title='bbox 1081 2689 1282 2738; x_wconf 89' lang='lat' dir='ltr'>comites</span> <span class='ocrx_word' id='word_1_204' title='bbox 1313 2690 1374 2739; x_wconf 90' lang='lat' dir='ltr'>de</span> <span class='ocrx_word' id='word_1_205' title='bbox 1410 2690 1646 2741; x_wconf 80' lang='lat' dir='ltr'>Leuenax</span> <span class='ocrx_word' id='word_1_206' title='bbox 1680 2698 1729 2739; x_wconf 86' lang='lat' dir='ltr'>et</span> <span class='ocrx_word' id='word_1_207' title='bbox 1762 2691 1929 2740; x_wconf 88' lang='lat' dir='ltr'>debite</span> <span class='ocrx_word' id='word_1_208' title='bbox 1963 2709 2064 2739; x_wconf 91' lang='lat' dir='ltr'>non</span> <span class='ocrx_word' id='word_1_209' title='bbox 2101 2692 2244 2741; x_wconf 89' lang='lat' dir='ltr'>soluti</span> <span class='ocrx_word' id='word_1_210' title='bbox 2278 2720 2288 2730; x_wconf 91' lang='lat'><strong>·</strong></span> <span class='ocrx_word' id='word_1_211' title='bbox 2327 2710 2386 2742; x_wconf 90' lang='lat' dir='ltr'>ac</span> <span class='ocrx_word' id='word_1_212' title='bbox 2427 2732 2437 2742; x_wconf 93' lang='lat'><strong>.</strong></span> <span class='ocrx_word' id='word_1_213' title='bbox 2487 2732 2495 2741; x_wconf 94' lang='lat'>.</span> <span class='ocrx_word' id='word_1_214' title='bbox 2547 2732 2555 2741; x_wconf 92' lang='lat'><em>.</em></span> 
     </span>
     <span class='ocr_line' id='line_1_24' title="bbox 511 2779 2555 2850; baseline 0.002 -22"><span class='ocrx_word' id='word_1_215' title='bbox 511 2780 737 2828; x_wconf 90' lang='lat' dir='ltr'>dominus</span> <span class='ocrx_word' id='word_1_216' title='bbox 760 2779 1038 2828; x_wconf 91' lang='lat' dir='ltr'>Willelmus</span> <span class='ocrx_word' id='word_1_217' title='bbox 1079 2817 1090 2828; x_wconf 88' lang='lat'><strong>.</strong></span> <span class='ocrx_word' id='word_1_218' title='bbox 1133 2818 1144 2829; x_wconf 89' lang='lat'><strong>.</strong></span> <span class='ocrx_word' id='word_1_219' title='bbox 1189 2818 1200 2829; x_wconf 88' lang='lat'><strong>.</strong></span> <span class='ocrx_word' id='word_1_220' title='bbox 1240 2782 1389 2831; x_wconf 89' lang='lat' dir='ltr'>abbas</span> <span class='ocrx_word' id='word_1_221' title='bbox 1414 2782 1533 2831; x_wconf 60' lang='lat' dir='ltr'>dieti</span> <span class='ocrx_word' id='word_1_222' title='bbox 1557 2781 1842 2830; x_wconf 88' lang='lat' dir='ltr'>monasterii</span> <span class='ocrx_word' id='word_1_223' title='bbox 1867 2783 2168 2833; x_wconf 75' lang='lat' dir='ltr'>conuenisset</span> <span class='ocrx_word' id='word_1_224' title='bbox 2191 2783 2412 2850; x_wconf 88' lang='lat' dir='ltr'>legitime</span> <span class='ocrx_word' id='word_1_225' title='bbox 2449 2823 2460 2833; x_wconf 92' lang='lat'><strong><em>.</em></strong></span> <span class='ocrx_word' id='word_1_226' title='bbox 2498 2823 2507 2833; x_wconf 92' lang='lat'>.</span> <span class='ocrx_word' id='word_1_227' title='bbox 2547 2823 2555 2832; x_wconf 89' lang='lat'><em>.</em></span> 
     </span>
     <span class='ocr_line' id='line_1_25' title="bbox 512 2870 2557 2939; baseline 0.002 -20"><span class='ocrx_word' id='word_1_228' title='bbox 512 2870 789 2919; x_wconf 89' lang='lat' dir='ltr'>Walterum</span> <span class='ocrx_word' id='word_1_229' title='bbox 820 2871 974 2919; x_wconf 90' lang='lat' dir='ltr'>filium</span> <span class='ocrx_word' id='word_1_230' title='bbox 1000 2871 1196 2920; x_wconf 90' lang='lat' dir='ltr'>Aulech</span> <span class='ocrx_word' id='word_1_231' title='bbox 1225 2873 1453 2921; x_wconf 89' lang='lat' dir='ltr'>comitem</span> <span class='ocrx_word' id='word_1_232' title='bbox 1478 2874 1540 2922; x_wconf 90' lang='lat' dir='ltr'>de</span> <span class='ocrx_word' id='word_1_233' title='bbox 1566 2873 1803 2922; x_wconf 89' lang='lat' dir='ltr'>Leuenax</span> <span class='ocrx_word' id='word_1_234' title='bbox 1829 2875 1973 2939; x_wconf 89' lang='lat' dir='ltr'>super</span> <span class='ocrx_word' id='word_1_235' title='bbox 1998 2875 2138 2923; x_wconf 57' lang='lat' dir='ltr'>dictis</span> <span class='ocrx_word' id='word_1_236' title='bbox 2162 2893 2329 2924; x_wconf 88' lang='lat' dir='ltr'>annuo</span> <span class='ocrx_word' id='word_1_237' title='bbox 2358 2876 2557 2926; x_wconf 91' lang='lat' dir='ltr'>redditu</span> 
     </span>
     <span class='ocr_line' id='line_1_26' title="bbox 513 2962 2558 3032; baseline 0.002 -21"><span class='ocrx_word' id='word_1_238' title='bbox 513 2972 561 3011; x_wconf 91' lang='lat' dir='ltr'>et</span> <span class='ocrx_word' id='word_1_239' title='bbox 596 2962 859 3026; x_wconf 87' lang='lat' dir='ltr'>arreragiis</span> <span class='ocrx_word' id='word_1_240' title='bbox 894 2962 1228 3027; x_wconf 88' lang='lat' dir='ltr'>persoluendis</span> <span class='ocrx_word' id='word_1_241' title='bbox 1262 2992 1272 3002; x_wconf 90' lang='lat'><strong>·</strong></span> <span class='ocrx_word' id='word_1_242' title='bbox 1307 2966 1505 3014; x_wconf 89' lang='lat' dir='ltr'>tandem</span> <span class='ocrx_word' id='word_1_243' title='bbox 1538 2967 1671 3030; x_wconf 91' lang='lat' dir='ltr'>apud</span> <span class='ocrx_word' id='word_1_244' title='bbox 1701 2965 1998 3032; x_wconf 88' lang='lat' dir='ltr'>Edinburgh</span> <span class='ocrx_word' id='word_1_245' title='bbox 2023 2966 2251 3016; x_wconf 74' lang='lat' dir='ltr'>vicesimo</span> <span class='ocrx_word' id='word_1_246' title='bbox 2277 2968 2358 3016; x_wconf 90' lang='lat' dir='ltr'>die</span> <span class='ocrx_word' id='word_1_247' title='bbox 2382 2967 2558 3016; x_wconf 86' lang='lat' dir='ltr'>menfis</span> 
     </span>
     <span class='ocr_line' id='line_1_27' title="bbox 514 3053 2559 3124; baseline 0.003 -22"><span class='ocrx_word' id='word_1_248' title='bbox 514 3053 812 3102; x_wconf 91' lang='lat' dir='ltr'>Nouembris</span> <span class='ocrx_word' id='word_1_249' title='bbox 859 3070 989 3102; x_wconf 90' lang='lat' dir='ltr'>anno</span> <span class='ocrx_word' id='word_1_250' title='bbox 1035 3055 1202 3119; x_wconf 87' lang='lat' dir='ltr'>gracie</span> <span class='ocrx_word' id='word_1_251' title='bbox 1247 3056 1500 3105; x_wconf 88' lang='lat' dir='ltr'>millefimo</span> <span class='ocrx_word' id='word_1_252' title='bbox 1547 3057 1887 3107; x_wconf 83' lang='lat' dir='ltr'>trecentefimo</span> <span class='ocrx_word' id='word_1_253' title='bbox 1932 3059 2223 3124; x_wconf 74' lang='lat' dir='ltr'>sexagesimo</span> <span class='ocrx_word' id='word_1_254' title='bbox 2265 3068 2442 3124; x_wconf 92' lang='lat' dir='ltr'>quarto</span> <span class='ocrx_word' id='word_1_255' title='bbox 2489 3061 2559 3109; x_wconf 85' lang='lat' dir='ltr'>ita</span> 
     </span>
     <span class='ocr_line' id='line_1_28' title="bbox 515 3144 2555 3214; baseline 0.004 -20"><span class='ocrx_word' id='word_1_256' title='bbox 515 3144 864 3194; x_wconf 87' lang='lat' dir='ltr'>concordatum</span> <span class='ocrx_word' id='word_1_257' title='bbox 889 3144 981 3193; x_wconf 89' lang='lat' dir='ltr'>fuit</span> <span class='ocrx_word' id='word_1_258' title='bbox 1018 3145 1149 3195; x_wconf 91' lang='lat' dir='ltr'>inter</span> <span class='ocrx_word' id='word_1_259' title='bbox 1180 3146 1406 3195; x_wconf 87' lang='lat' dir='ltr'>abbatem</span> <span class='ocrx_word' id='word_1_260' title='bbox 1435 3159 1485 3197; x_wconf 90' lang='lat' dir='ltr'>et</span> <span class='ocrx_word' id='word_1_261' title='bbox 1516 3149 1745 3198; x_wconf 90' lang='lat' dir='ltr'>comitem</span> <span class='ocrx_word' id='word_1_262' title='bbox 1782 3158 2071 3214; x_wconf 88' lang='lat' dir='ltr'>prenotatos</span> <span class='ocrx_word' id='word_1_263' title='bbox 2095 3151 2328 3202; x_wconf 90' lang='lat' dir='ltr'>videlicet</span> <span class='ocrx_word' id='word_1_264' title='bbox 2359 3181 2369 3192; x_wconf 90' lang='lat'><strong>·</strong></span> <span class='ocrx_word' id='word_1_265' title='bbox 2409 3152 2555 3210; x_wconf 85' lang='lat' dir='ltr'>Quod</span> 
     </span>
    </p>
   </div>
  </div>
 </body>
</html>
