2762 3834
643 377 737 426 156
1088 371 1515 426 REGISTRUM
1550 370 1646 419 DE
1678 367 2232 419 ABERBROTHOC.

643 579 950 652 Conuencio
981 599 1108 646 fa&a
1140 597 1271 644 inter
1304 594 1651 643 monasterium
1686 601 1736 642 et
1767 593 2019 641 dominum
2058 594 2120 643 de
2152 594 2433 660 Ballummy
2457 611 2607 659 penes
2632 595 2680 642 le

643 691 747 740 bait
771 690 819 738 in
847 688 1011 738 North
1037 686 1184 751 Fery.

502 866 596 919 176
647 846 780 919 Hec
820 865 1085 913 indentura
1130 863 1257 910 fasta
1299 860 1429 925 apud
1473 860 1809 909 Abirbrothoc
1860 860 2084 910 vicesimo
2132 861 2334 926 septimo
2382 863 2461 910 die
2508 863 2683 910 mensis

649 957 836 1022 Aprilis
882 971 1011 1003 anno
1052 952 1257 1002 Domini
1305 951 1558 1001 millesimo
1602 958 1735 1001 cccc⁰
1774 951 1913 1000 lxvii⁰
1952 952 2084 1002 inter
2122 990 2133 1001 .
2174 991 2184 1001 .
2225 990 2235 1000 .
2274 952 2574 1003 Malcomum
2598 994 2606 1003 .
2634 994 2641 1002 .
2671 992 2681 1001 .

648 1049 869 1119 abbatem
896 1084 907 1094 .
929 1084 939 1093 .
962 1085 970 1093 .
991 1046 1052 1093 de
1072 1043 1408 1093 Abirbrothoc
1427 1083 1436 1092 .
1458 1080 1470 1092 .
1494 1081 1504 1092 .
1523 1052 1599 1093 et.
1621 1081 1631 1092 .
1651 1082 1663 1093 .
1685 1044 2023 1094 Alexandrum
2042 1044 2199 1094 Luvel
2219 1046 2280 1094 de
2301 1045 2587 1111 Bawlumby
2609 1085 2617 1093 .
2639 1086 2648 1094 .
2671 1082 2683 1094 .

648 1137 900 1188 attestatur
925 1137 1056 1201 quod
1079 1136 1210 1184 inter
1240 1134 1485 1200 predistas
1515 1143 1682 1201 partes
1719 1172 1730 1184 .
1764 1175 1775 1185 .
1816 1175 1826 1185 .
1865 1139 2039 1187 extetit
2075 1178 2083 1186 .
2122 1177 2131 1186 .
2172 1175 2182 1185 .
2220 1138 2607 1187 concordatum.
2635 1175 2645 1184 .
2672 1174 2683 1185 .

650 1232 778 1296 quod
797 1231 952 1279 diaus
977 1229 1264 1278 Alexander
1303 1266 1313 1277 .
1351 1266 1361 1277 .
1402 1267 1412 1276 .
1449 1245 1540 1293 pro
1565 1229 1612 1277 se
1638 1236 1687 1277 et
1704 1228 1970 1278 heredibus
1989 1229 2084 1278 suis
2122 1267 2133 1278 .
2173 1266 2185 1278 .
2224 1267 2234 1278 .
2271 1229 2534 1279 conceffit.
2562 1230 2683 1278 ..in

648 1324 949 1389 proprietate
989 1362 997 1371 .
1041 1359 1052 1370 .
1095 1360 1105 1370 .
1146 1322 1310 1371 abbati
1362 1359 1373 1369 .
1429 1361 1438 1370 .
1495 1359 1505 1369 .
1557 1338 1614 1370 ac
1660 1320 1940 1370 hominibus
1987 1320 2082 1369 suis
2127 1327 2177 1369 et
2222 1337 2391 1370 eorum
2438 1321 2591 1370 seruis
2635 1330 2685 1369 et

649 1415 883 1464 ministris
930 1415 979 1462 in
1021 1414 1234 1478 paffagio
1269 1413 1446 1462 boriali
1488 1414 1549 1461 de
1591 1413 1906 1478 Portyncrag
1944 1450 1955 1461 .
1995 1450 2006 1461 .
2045 1452 2053 1461 .
2099 1413 2264 1462 abbati
2299 1451 2310 1461 .
2351 1451 2363 1461 .
2399 1453 2408 1461 .
2439 1414 2685 1477 speRante

653 1549 661 1557 .
692 1549 700 1557 .
734 1549 743 1558 .
775 1506 1189 1558 commorantibus
1223 1545 1231 1554 .
1266 1545 1275 1554 .
1312 1545 1322 1554 .
1357 1504 1645 1570 potestatem
1681 1545 1689 1553 .
1726 1545 1733 1553 .
1772 1544 1781 1553 .
1816 1505 1880 1554 ad
1899 1504 2241 1569 accipiendum
2261 1505 2546 1553 fodiendum
2573 1522 2686 1553 con-

651 1600 955 1666 gregandum
996 1606 1045 1646 et
1086 1598 1424 1646 abducendum
1473 1597 1519 1645 le
1559 1597 1679 1661 bayt
1718 1613 1809 1661 pro
1849 1595 2172 1662 piscatoribus
2217 1595 2438 1646 alborum
2483 1596 2687 1660 piscium

655 1692 889 1741 conuenis
912 1692 963 1738 in
1001 1731 1007 1738 .
1049 1728 1058 1737 .
1099 1730 1106 1738 .
1144 1690 1307 1738 arenis
1342 1697 1391 1737 et
1421 1688 1650 1738 litoribus
1684 1688 1889 1737 marinis
1925 1687 2058 1736 infra
2087 1687 2399 1752 parrochiam
2424 1688 2485 1736 de
2511 1687 2689 1753 Mony-

654 1784 783 1832 futht
828 1783 956 1831 diao
1003 1782 1290 1830 Alexandro
1341 1821 1348 1829 .
1399 1820 1408 1829 .
1457 1821 1464 1828 .
1507 1788 1729 1845 tempore
1779 1779 2097 1828 confectionis
2143 1780 2380 1844 presentis
2426 1780 2689 1829 indenture

656 1875 978 1941 spe&antibus
1003 1912 1012 1921 .
1040 1912 1049 1921 .
1078 1911 1087 1921 .
1113 1873 1212 1921 Pro
1238 1873 1413 1937 quibus
1449 1910 1460 1920 .
1496 1911 1505 1920 .
1545 1912 1552 1920 .
1590 1870 1899 1920 conceflione
1924 1878 1973 1920 et
1997 1871 2271 1920 donacione
2295 1872 2546 1935 perpetuis
2581 1908 2591 1919 .
2629 1909 2639 1918 .
2678 1909 2688 1919 .

656 1967 918 2032 piscatores
960 1982 1075 2013 vero
1117 1965 1335 2013 alborum
1377 1964 1580 2029 piscium
1621 1964 1674 2011 in
1721 1964 1767 2013 le
1809 1964 2121 2030 Portyncrag
2168 1971 2525 2012 commorantes
2564 2001 2573 2011 .
2620 2002 2629 2011 .
2677 2002 2687 2011 .

658 2059 844 2107 dabunt
866 2074 956 2121 pro
981 2056 1196 2120 qualibet
1230 2055 1352 2104 linia
1381 2056 1555 2120 gracili
1590 2072 1680 2120 per
1708 2056 1835 2121 ipsos
1858 2055 2026 2105 habita
2062 2096 2070 2104 .
2107 2095 2117 2104 .
2154 2093 2164 2103 .
2200 2055 2332 2104 omni
2358 2055 2437 2103 die
2459 2072 2555 2120 quo
2578 2073 2690 2104 con-

656 2151 815 2215 tingat
848 2149 974 2214 ipsos
1012 2150 1074 2197 ad
1111 2165 1244 2197 mare
1282 2148 1519 2213 nauigare
1554 2165 1645 2213 pro
1682 2156 1887 2211 captura
1922 2148 2144 2197 alborum
2180 2147 2383 2212 piscium
2417 2154 2467 2196 et
2502 2147 2692 2212 aliquos

658 2242 877 2307 ceperint
917 2240 996 2289 sex
1035 2240 1188 2304 pisces
1229 2240 1363 2288 albos
1409 2240 1629 2304 predi&o
1674 2240 1963 2289 Alexandro
2006 2240 2164 2289 Luvel
2204 2239 2299 2287 suis
2339 2239 2602 2288 heredibus
2643 2248 2691 2287 et

657 2333 998 2382 successoribus
1041 2371 1049 2379 .
1095 2371 1102 2379 .
1147 2371 1155 2378 .
1199 2331 1433 2380 Preterea
1472 2332 1620 2381 abbas
1663 2339 1712 2381 et
1753 2338 2026 2381 conuentus
2065 2369 2074 2379 .
2118 2368 2129 2380 .
2170 2369 2180 2379 .
2213 2348 2313 2378 non
2354 2331 2596 2395 recipient
2639 2332 2690 2378 in

659 2424 803 2473 terris
826 2424 920 2471 suis
942 2424 994 2471 in
1018 2422 1328 2487 Portyncrag
1350 2422 1615 2486 piscatores
1640 2424 1757 2472 dieti
1779 2423 2054 2473 Alexandri
2085 2461 2095 2471 .
2131 2460 2141 2470 .
2176 2463 2184 2471 .
2219 2422 2319 2472 fine
2342 2423 2553 2472 licencia
2585 2463 2593 2470 .
2628 2460 2638 2470 .
2678 2460 2689 2470 .

662 2515 778 2564 dicti
806 2514 1077 2563 Alexandri
1115 2554 1123 2562 .
1162 2553 1171 2562 .
1208 2551 1218 2561 .
1253 2513 1363 2563 Nec
1401 2552 1412 2562 .
1450 2553 1459 2563 .
1496 2555 1505 2563 .
1545 2515 1832 2564 Alexander
1855 2515 2062 2564 heredes
2090 2515 2161 2563 sui
2186 2522 2235 2564 et
2259 2514 2547 2563 successores
2584 2554 2591 2562 .
2628 2552 2638 2562 .
2680 2552 2690 2562 .

662 2604 902 2668 recipient
932 2605 1193 2668 piscatores
1232 2613 1589 2655 commorantes
1623 2607 1674 2654 in
1708 2606 2022 2672 Portyncrag
2056 2607 2120 2656 ad
2153 2606 2452 2655 manendum
2483 2606 2535 2653 in
2559 2613 2694 2654 terra

661 2697 746 2745 sua
790 2696 887 2743 fine
932 2695 1142 2743 licencia
1174 2732 1184 2742 .
1227 2732 1238 2742 .
1276 2734 1285 2743 .
1322 2696 1510 2744 abbatis
1542 2737 1551 2745 .
1587 2734 1598 2745 .
1634 2738 1643 2746 .
1686 2697 1752 2747 Et
1788 2698 1823 2746 fi
1863 2697 2118 2763 contingat
2156 2735 2167 2745 .
2213 2735 2224 2746 .
2269 2734 2280 2745 .
2320 2698 2546 2746 abbatem
2582 2735 2592 2745 .
2625 2734 2637 2745 .
2680 2734 2691 2744 .

662 2789 926 2854 piscatores
944 2786 1057 2834 dieti
1081 2785 1355 2834 Alexandri
1379 2795 1463 2835 aut
1486 2788 1590 2836 eius
1614 2789 1931 2838 successorum
1951 2789 2173 2854 recipere
2192 2787 2292 2838 fine
2311 2805 2479 2837 eorum
2498 2789 2693 2853 speciali

662 2878 871 2928 licencia
900 2916 908 2925 .
946 2914 956 2924 .
992 2915 999 2923 .
1037 2876 1186 2924 abbas
1210 2884 1258 2924 et
1283 2884 1553 2926 conuentus
1576 2879 1765 2928 soluent
1796 2918 1807 2928 .
1845 2917 1855 2928 .
1888 2918 1898 2928 .
1926 2880 2215 2930 Alexandro
2238 2888 2288 2929 et
2310 2880 2573 2929 heredibus
2600 2881 2694 2929 suis

662 2986 753 3035 pro
784 2968 1003 3033 quolibet
1035 2967 1120 3015 tali
1156 2966 1395 3030 piscatore
1433 2968 1645 3032 quinque
1677 2987 1867 3019 marcas
1896 2989 1987 3036 pro
2022 2972 2118 3021 suis
2151 2972 2376 3036 dampnis
2400 2979 2450 3020 et
2474 2971 2694 3035 expensis
2761 2962 2762 2972 ¹

662 3060 751 3110 nisi
786 3059 917 3108 infra
950 3057 1230 3122 quindecim
1267 3058 1371 3107 dies
1408 3057 1661 3122 postquam
1697 3061 1915 3124 requifiti
1951 3063 2138 3112 fuerint
2171 3101 2181 3111 .
2223 3101 2233 3111 .
2270 3099 2282 3110 .
2316 3063 2581 3127 piscatores
2609 3063 2695 3127 ipfi

664 3151 948 3201 Alexandro
973 3148 1051 3197 vel
1074 3148 1337 3197 heredibus
1361 3148 1455 3197 suis
1479 3148 1737 3199 restituant
1762 3151 1840 3199 vel
1872 3168 1902 3200 a
1924 3152 2019 3201 suis
2044 3154 2189 3202 terris
2223 3191 2235 3202 .
2275 3191 2284 3202 .
2322 3191 2333 3202 .
2369 3162 2656 3203 remoueant
2682 3182 2691 3191 ·
