2742 3848
34 1301 128 1356 689

616 332 1048 384 REGISTRUM
1081 332 1180 383 DE
1216 330 1780 382 ABERBROTHOC.
2132 332 2231 387 479

169 468 253 517 the
279 467 598 527 Northterre,
639 467 814 517 Henre
842 468 1040 518 Guthre
1074 467 1129 516 in
1164 466 1248 516 the
1285 466 1477 533 Ruffys,
1513 465 1651 516 John
1692 464 1812 516 Scot
1844 465 1898 514 in
1930 464 2017 514 the
2044 463 2233 515 Sowth-

171 568 320 619 terre,
347 560 562 627 Wilyem
588 560 819 627 Baldouy
843 562 897 610 in
930 561 1013 611 the
1047 559 1435 610 Murdrum—to
1461 560 1523 609 be
1546 558 1831 625 personally
1857 558 2100 624 occupied
2135 559 2235 607 and

172 653 414 702 laboured
436 653 504 719 by
529 652 613 702 the
637 653 741 702 said
765 653 919 713 John,
948 654 1043 703 swa
1065 653 1174 703 that
1208 652 1272 702 he
1307 653 1369 702 be
1404 652 1559 702 nocht
1589 652 1800 718 inquyet
1833 653 1896 701 be
1930 652 2024 718 hys
2059 651 2236 717 nycht-

172 748 350 812 borrys
378 745 598 794 makand
624 763 853 794 common
889 753 1012 812 gayt
1047 746 1206 795 throw
1231 746 1324 813 hys
1347 746 1699 813 toft-—paying
1723 747 1899 813 yearly
1924 751 1955 802 9
1979 746 2106 796 bolls
2138 746 2238 795 and

175 838 206 888 6
229 838 384 903 pecks
409 838 464 887 of
494 838 636 887 clean
662 839 761 887 and
788 839 883 904 dry
907 838 1083 897 wheat,
1111 856 1142 887 a
1163 839 1267 888 boll
1292 840 1347 904 os
1377 840 1568 889 custum
1599 857 1736 899 corn,
1764 844 1795 889 3
1819 839 1977 889 firlots
2005 839 2061 888 os
2091 839 2239 888 white

174 931 318 990 meal,
349 935 453 980 lOs.
492 931 570 980 for
606 931 734 980 ferm
776 930 936 990 filver,
976 935 1049 981 2s.
1086 931 1164 979 for
1204 940 1433 998 rynmart
1472 933 1630 993 filver,
1670 931 1813 983 three
1856 948 2056 998 capons‚
2099 931 2270 982 three'

175 1023 393 1090 poultry,
421 1040 628 1090 arreage
653 1024 754 1073 and
778 1040 1032 1088 carreage,
1061 1024 1163 1073 and
1187 1023 1255 1074 all
1279 1025 1423 1075 other
1446 1025 1671 1075 husband
1696 1026 1904 1091 charges
1929 1055 1940 1066 ·
1970 1025 2117 1079 1527.

181 1280 380 1354 Abbas
416 1301 600 1351 affedat
634 1318 726 1367 pro
763 1301 1093 1351 nouendecim
1131 1303 1275 1352 annis
1311 1303 1472 1352 amico
1504 1304 1589 1352 suo
1612 1304 1921 1353 benemerito
1946 1303 2098 1353 Petro
2127 1302 2247 1353 Car-

181 1395 430 1461 mychaell
454 1396 516 1445 de
540 1395 718 1445 Drone
745 1404 795 1445 et
819 1395 1059 1444 waamie
1080 1395 1289 1462 Wemys
1312 1396 1484 1460 sponse
1509 1395 1590 1444 sue
1614 1394 1975 1460 heredibusque
2000 1394 2249 1461 affignatis

184 1488 532 1537 executoribus
559 1495 608 1538 et
631 1488 1005 1538 subtenentibus
1024 1488 1121 1537 suis
1140 1488 1357 1538 decimas
1378 1487 1607 1554 garbales
1627 1495 1676 1537 et
1695 1488 2030 1538 emolumenta
2049 1487 2251 1549 ecclesie

185 1582 247 1630 de
279 1580 566 1647 Abirnethy
594 1598 705 1630 cum
743 1581 983 1630 frufitibus
1019 1587 1070 1629 et
1105 1579 1311 1630 decimis
1347 1579 1538 1644 capelle
1574 1580 1636 1629 de
1671 1579 1849 1629 Drone
1884 1580 2253 1631 Dunblanenfis

186 1674 392 1723 diocesis
431 1691 543 1723 cum
586 1674 733 1724 terris
772 1675 834 1723 de
876 1674 1084 1724 Bellach
1123 1672 1313 1723 vocatis
1352 1672 1488 1722 infra
1527 1672 1929 1722 vicecomitatum
1968 1675 2030 1723 de
2065 1674 2220 1724 Perth
2244 1704 2254 1714 ·

188 1767 466 1817 Reddendo
504 1767 898 1834 quadringentas
933 1783 1128 1816 mareas
1167 1772 1366 1814 monete
1406 1764 1582 1815 Scocie
1623 1773 1673 1814 et
1712 1765 2002 1831 incipiendo
2044 1767 2256 1832 primam

189 1858 491 1908 solucionem
534 1859 599 1909 ad
639 1857 816 1909 festum
848 1859 1036 1909 Pasche
1072 1858 1300 1925 proxime
1334 1857 1444 1923 post
1476 1857 1608 1907 diem
1639 1858 1756 1907 date
1792 1858 2104 1923 presencium
2142 1889 2152 1899 ·
2194 1860 2259 1908 26

193 1951 376 2001 Marcii
407 1955 551 2001 1528.

55 2235 148 2290 690
199 2210 353 2282 Idem
395 2231 580 2283 affedat
616 2232 944 2298 infrascriptis
981 2249 1074 2298 pro
1112 2233 1442 2282 nouendecim
1480 2233 1624 2282 annis
1660 2241 1818 2283 terras
1856 2233 1918 2281 de
1955 2231 2125 2298 Kepty
2151 2248 2261 2280 cum

203 2323 409 2372 decimis
449 2324 736 2388 garbalibus
777 2352 790 2363 ·
830 2324 901 2373 ita
941 2326 1075 2389 quod
1115 2325 1152 2374 J
1154 2325 1377 2374 ohannes
1422 2324 1568 2375 Seras
1616 2324 1879 2390 occupabit
1926 2333 2026 2373 tres
2073 2341 2213 2373 acras
2256 2353 2264 2362 ·

206 2415 487 2464 Willelmus
512 2415 693 2465 Portar
718 2434 865 2465 vnam
892 2434 1060 2466 acram
1095 2444 1104 2454 ·
1137 2417 1446 2466 Allexander
1469 2417 1710 2467 Pettillok
1735 2418 1857 2467 duas
1882 2435 2022 2466 acras
2055 2447 2065 2456 ·
2096 2417 2266 2466 Allex-

205 2508 361 2556 ander
386 2506 614 2556 Mustard
638 2508 760 2558 duas
786 2525 926 2557 acras
965 2538 975 2547 ·
1015 2508 1051 2557 J
1053 2508 1274 2559 ohannes
1300 2510 1514 2576 Ramsay
1540 2520 1754 2575 quatuor
1778 2526 1918 2558 acras
1957 2538 1967 2548 ·
2008 2509 2044 2559 J
2047 2509 2266 2558 ohannes

206 2599 402 2649 Barbur
431 2617 573 2649 vnam
599 2617 764 2649 acram
799 2629 810 2639 ·
848 2600 1100 2650 Robertus
1135 2600 1311 2668 Smyth
1349 2619 1496 2652 unam
1534 2619 1702 2651 acram
1738 2630 1748 2641 ·
1789 2601 2100 2668 Nycholaius
2125 2601 2268 2666 Logy

208 2709 355 2741 vnam
380 2710 548 2742 acram
579 2723 589 2733 ·
622 2693 789 2742 Adam
815 2692 1095 2743 Pikkeman
1120 2711 1270 2743 unam
1295 2712 1463 2744 acram
1499 2721 1510 2732 ·
1547 2694 1600 2743 N
1602 2694 1800 2744 inianus
1824 2694 1956 2743 Liell
1981 2694 2104 2743 duas
2129 2710 2268 2742 acras

210 2802 321 2834 cum
342 2784 550 2834 dimidio
574 2814 585 2825 ·
614 2785 864 2852 Georgius
884 2785 1020 2852 Crag
1038 2804 1187 2836 vnam
1206 2803 1374 2836 acram
1393 2813 1403 2824 ·
1423 2786 1705 2836 Willelmus
1727 2786 1887 2853 Steyll
1907 2803 2051 2836 vnam
2073 2803 2239 2835 acram
2259 2814 2268 2825 ·

155 2891 157 2893 ’
210 2878 440 2927 Andreas
479 2878 643 2928 Grant
680 2896 829 2928 vnam
865 2897 1031 2929 acram
1070 2907 1081 2918 ·
1121 2880 1342 2929 Jacobus
1386 2879 1529 2929 Colle
1571 2897 1716 2929 vnam
1755 2897 1922 2928 acram
1960 2908 1970 2919 ·
2013 2879 2049 2928 J
2052 2878 2270 2927 ohannes

217 2970 381 3020 Smart
417 2988 564 3020 vnam
600 2988 766 3021 acram
807 3002 817 3012 -
862 2972 1120 3022 Gralfridus
1154 2972 1341 3021 Farror
1377 2989 1526 3021 vnam
1567 2988 1735 3021 acram
1776 3001 1787 3011 ·
1830 2971 2096 3020 Elesabeth
2137 2970 2271 3035 Boys

217 3065 338 3113 duas
361 3081 502 3114 acras
527 3091 537 3101 ·
560 3063 597 3113 J
599 3066 781 3114 acobus
807 3064 1009 3114 Hunter
1034 3082 1182 3114 vnam
1207 3082 1375 3114 acram
1400 3093 1411 3103 ·
1438 3065 1759 3129 quasquidem
1784 3065 1966 3129 prefati
1992 3070 2236 3128 occupant
2262 3091 2270 3100 ·

219 3163 267 3204 et
314 3156 562 3206 Robertus
609 3156 815 3221 Dunlop
864 3157 1128 3221 occupabit
1175 3157 1296 3205 duas
1345 3173 1485 3205 acras
1529 3173 1651 3219 quas
1708 3156 1846 3220 prius
1905 3162 2273 3219 occupauerunt
