2762 3834
55 1088 118 1138 78

45 2756 108 2810 79

637 267 1070 355 REGISTRUM
1102 303 1202 354 DE
1236 304 1798 358 ABERBROTHoc.
2189 311 2254 364 69

181 433 339 483 nostri
376 435 688 499 presentibus
730 438 802 487 est
842 437 1111 503 appensum
1151 440 1284 504 apud
1322 439 1677 493 monasterium
1712 440 1937 494 nostrum
1971 442 2250 507 prediEtum

177 534 358 591 quarto
400 528 482 578 die
520 528 699 579 menfis
744 530 979 580 Januarii
1025 549 1157 581 anno
1205 533 1411 582 Domini
1458 533 1715 585 millefimo
1762 534 2248 600 quadringentesimo

176 620 423 670 tricesimo
443 623 633 687 quinto,

175 874 465 948 Affedacio
490 897 672 949 batelle
697 899 759 949 de
786 899 1070 966 Kyncorth.

174 1058 456 1132 Uniuerfis
491 1091 661 1149 pateat
701 1123 712 1133 .
756 1123 767 1135 .
810 1124 820 1134 .
862 1102 955 1136 nos
996 1084 1279 1137 Walterum
1316 1124 1327 1136 .
1368 1124 1378 1136 .
1420 1125 1431 1136 .
1469 1088 1700 1140 abbatem
1742 1125 1753 1137 .
1793 1126 1804 1137 .
1846 1126 1856 1137 .
1894 1089 1958 1138 de
2000 1088 2244 1138 Abirbro—

171 1172 287 1223 thoc
342 1211 353 1222 .
412 1213 423 1224 .
481 1214 492 1224 .
550 1177 615 1225 ad
637 1177 832 1226 firmam
861 1177 1085 1227 dimififl'e
1139 1215 1151 1226 .
1208 1217 1219 1227 .
1276 1217 1288 1227 .
1345 1178 1577 1229 Grilberto
1616 1180 1814 1230 Arthur
1850 1188 1900 1230 et
1935 1180 2144 1230 Andree
2181 1182 2242 1230 de

169 1264 436 1332 Kyncorth
488 1306 499 1315 .
554 1306 564 1316 .
618 1302 629 1313 .
682 1269 954 1334 paffagium
994 1269 1219 1319 nostrum
1259 1270 1484 1336 superius
1521 1272 1662 1325 iuxta
1698 1280 1884 1325 terram
1921 1272 2141 1323 nostram
2180 1275 2242 1323 de

169 1358 435 1424 Kyncorth
484 1399 496 1409 .
548 1399 559 1409 .
610 1399 623 1411 .
671 1379 764 1428 pro
817 1363 1033 1413 termino
1081 1364 1164 1412 xix
1212 1379 1458 1413 annorum
1505 1382 1536 1413 a
1582 1365 1699 1416 data
1743 1365 2053 1430 presencium
2103 1404 2113 1414 .
2166 1405 2176 1414 .
2230 1406 2239 1414 .

172 1450 425 1502 Soluendo
449 1453 567 1502 inde
593 1455 852 1505 annuatim
898 1493 909 1504 .
954 1494 967 1505 .
1014 1492 1025 1504 .
1075 1456 1197 1506 xviii
1232 1456 1413 1507 solidos
1450 1463 1501 1506 et
1523 1457 1593 1506 xii
1630 1474 1845 1522 capones
1870 1475 1984 1508 cum
2007 1460 2242 1508 oneribus

223 1584 232 1593 .
274 1584 284 1593 .
324 1547 569 1597 consuetis
607 1574 618 1585 -
654 1556 708 1598 et
741 1549 878 1613 quod
911 1549 1123 1615 predicti
1161 1587 1173 1599 .
1213 1587 1224 1599 .
1264 1587 1276 1599 .
1309 1549 1514 1599 barcam
1538 1549 1639 1603 fiue
1662 1550 1894 1600 batellam
1921 1550 2240 1601 sufficientem

169 1677 179 1686 .
219 1677 230 1687 .
271 1677 282 1687 .
319 1656 412 1705 pro
448 1640 676 1691 omnibus
712 1642 1098 1692 aduenientibus
1142 1681 1153 1692 .
1201 1680 1212 1691 .
1259 1680 1270 1691 .
1315 1643 1714 1693 manutenebunt
1739 1643 1874 1692 acin
1899 1644 2037 1694 exitu
2061 1643 2242 1693 asseda-

167 1732 323 1781 cionis
371 1750 544 1783 eorum
592 1734 828 1784 batellam
875 1735 1259 1785 conuenientem
1309 1753 1402 1801 pro
1449 1736 1734 1785 huiusmodi
1781 1736 1953 1786 labore
2006 1737 2243 1786 decenter

164 1825 451 1891 relinquent
489 1864 500 1875 .
541 1865 551 1875 .
592 1865 603 1875 .
641 1827 708 1877 Et
740 1826 774 1875 fi
801 1828 1011 1894 prediffi
1047 1866 1057 1877 .
1097 1866 1108 1877 .
1149 1867 1160 1878 .
1198 1829 1252 1877 in
1293 1828 1546 1878 solucione
1584 1829 1840 1879 firmarum
1885 1867 1896 1877 .
1942 1866 1953 1878 .
2000 1866 2011 1875 .
2056 1829 2243 1879 fuerint

298 1958 309 1969 .
361 1920 616 1986 dampnofi
664 1929 750 1971 aut
791 1922 1140 1972 condicionem
1180 1921 1461 1988 premissam
1503 1938 1605 1971 non
1649 1920 2033 1988 adimpleuerint
2074 1922 2242 1972 licebit

164 2014 305 2062 nobis
330 2021 379 2063 et
404 1995 755 2063 successoribus
778 2014 958 2065 nostris
983 2016 1045 2065 de
1084 2054 1095 2064 .
1136 2054 1147 2065 .
1188 2054 1199 2065 .
1238 2015 1455 2082 paffagio
1501 2054 1512 2064 .
1558 2054 1569 2064 .
1617 2054 1627 2064 .
1674 2016 1933 2081 disponere
1968 2033 2060 2081 pro
2099 2017 2240 2066 libito

164 2106 434 2157 voluntatis
475 2145 486 2156 .
526 2146 536 2156 .
578 2146 589 2157 .
630 2107 692 2157 In
715 2107 854 2159 cuius
878 2108 954 2158 rei
978 2109 1314 2158 testimonium
1339 2107 1549 2174 sigillum
1593 2146 1604 2157 .
1646 2146 1659 2159 .
1701 2146 1712 2158 .
1754 2108 1961 2175 capituli
2007 2147 2018 2157 .
2060 2148 2071 2157 .
2112 2148 2122 2158 .
2170 2111 2240 2158 est

162 2200 430 2266 appensum
477 2239 488 2249 .
540 2239 550 2249 .
602 2239 614 2250 .
663 2218 796 2250 nono
823 2201 904 2251 die
929 2201 1114 2252 Marcii
1138 2219 1270 2252 anno
1296 2201 1505 2252 Domini
1540 2201 1798 2253 millesimo
1835 2209 1969 2252 cccc⁰
1994 2202 2237 2253 tricefimo

163 2292 354 2357 quinto,

172 2549 376 2640 [Carta
397 2577 532 2644 regis
550 2577 737 2629 -Jacobi
763 2578 826 2628 de
851 2578 1154 2644 regalitate]
1183 2593 1187 2599 ¹

160 2737 398 2810 Jacobus
449 2797 460 2808 .
514 2798 524 2809 .
578 2799 589 2810 .
638 2779 728 2811 rex
755 2761 1019 2813 Scotorum
1051 2762 1339 2813 iusticiariis
1389 2801 1400 2812 .
1454 2800 1465 2811 .
1520 2800 1531 2811 .
1584 2770 1634 2813 et
1658 2761 1769 2813 aliis
1789 2762 2029 2814 *ministris
2053 2763 2232 2812 nostris

161 2851 535 2918 quibuscunque
574 2891 584 2902 .
625 2891 636 2901 .
676 2891 687 2902 .
725 2854 931 2905 salutem
970 2884 981 2896 ·
1024 2855 1160 2915 Quia
1195 2855 1388 2906 constat
1419 2854 1567 2906 nobis
1603 2893 1615 2904 .
1657 2893 1667 2904 .
1709 2892 1719 2903 .
1758 2855 1891 2920 quod
1930 2893 1941 2903 .
1983 2893 1993 2903 .
2033 2892 2043 2903 .
2080 2855 2229 2906 abbas

159 2952 209 2994 et
234 2952 512 2995 conuentus
550 2983 560 2993 .
602 2983 612 2993 .
652 2983 664 2995 .
705 2946 768 2996 de
785 2947 1127 2998 Abirbrothoc
1164 2986 1176 2996 .
1217 2986 1229 2997 .
1270 2987 1280 2997 .
1318 2956 1478 2999 terras
1496 2949 1606 2998 suas
1623 2947 1756 2998 infra
1773 2964 1983 3014 regnum
2008 2947 2227 2997 nostrum

157 3039 208 3087 in
234 3055 411 3104 puram
450 3077 460 3088 .
503 3077 512 3087 .
555 3077 566 3087 .
603 3038 905 3090 elimofinam
931 3049 982 3092 et
1003 3042 1212 3092 liberam
1236 3041 1550 3107 regalitatem
1590 3078 1601 3089 .
1642 3079 1652 3088 .
1696 3078 1706 3089 .
1744 3049 1918 3092 tenent
1949 3058 2038 3107 per
2070 3040 2225 3089 infeo-

156 3131 392 3181 daciones
433 3169 443 3180 .
487 3169 497 3179 .
541 3169 551 3179 .
591 3148 764 3196 regum
793 3131 968 3183 Scocie
993 3135 1055 3184 ab
1080 3133 1286 3199 antiquo
1311 3151 1520 3198 quorum
1557 3170 1567 3182 .
1605 3171 1616 3182 .
1653 3171 1663 3182 .
1702 3133 2070 3185 infeodaciones
2109 3171 2118 3180 .
2160 3170 2169 3179 .
2211 3170 2220 3178 .
