2762 3834
27 2170 134 2254 5172

627 402 1053 454 REGISTRUM
1087 405 1184 454 DE
1222 405 1782 457 ABERBROTHOC.
2137 415 2230 459 153

178 550 268 598 pro
293 540 505 597 quatuor
538 536 718 584 marcis
751 566 760 575 -
799 555 950 585 vnum
980 538 1225 587 screnium
1262 539 1495 588 videlicet
1531 557 1561 588 a
1574 540 1830 606 schrevyn
1864 558 1955 606 pro
1991 542 2229 605 quinqua-

176 627 317 692 ginta
339 625 505 673 solidis
543 655 553 666 ·
591 634 640 674 et
665 644 815 676 vnum
839 628 1044 694 longum
1067 630 1216 679 sedile
1252 631 1485 681 videlicet
1520 649 1551 680 a
1585 633 1862 699 langfadile
1895 650 1986 698 pro
2023 634 2230 698 quadra-

176 720 317 785 ginta
341 726 554 783 quatuor
588 719 755 767 solidis
791 721 969 770 vsualis
1003 730 1200 772 monete
1239 722 1412 772 Scocie
1449 751 1459 761 ·
1500 740 1593 788 pro
1629 724 1760 773 diaa
1792 725 1979 774 summa
2017 763 2027 773 .
2067 763 2077 774 .
2118 763 2129 773 .
2165 726 2231 774 Et

176 810 284 876 post
320 811 600 860 huiusmodi
638 812 1067 875 appreciacionem
1108 815 1226 864 licet
1262 816 1482 880 prefatus
1521 817 1818 866 venerabilis
1855 826 1998 883 pater
2033 827 2230 883 poterat

177 904 386 952 iuridice
412 903 542 952 dicta
563 903 697 951 bona
721 910 770 952 et
796 903 1018 952 vtenfilia
1055 943 1066 952 .
1107 943 1117 953 .
1158 944 1168 953 .
1205 907 1367 955 secum
1405 946 1416 956 .
1456 946 1467 956 .
1507 946 1518 957 .
1555 909 1753 958 auferre
1782 917 1948 960 tamen
1975 927 2035 959 ex
2058 911 2229 975 gracia

178 998 262 1045 sua
287 995 487 1060 speciali
511 995 722 1043 duxerat
758 994 1128 1059 supercedentia
1162 997 1247 1046 sub
1282 999 1364 1063 spe
1400 999 1663 1049 solucionis
1699 1001 1826 1050 diae
1860 1002 2044 1051 summe
2080 1002 2229 1066 vsque

179 1090 242 1138 ad
266 1087 442 1137 festum
468 1087 533 1136 ad
557 1086 759 1135 uincula
786 1085 954 1135 Sancti
978 1086 1116 1135 Petri
1139 1090 1415 1153 proximum
1438 1091 1555 1139 inde
1580 1091 1786 1156 sequens
1812 1092 1898 1141 sub
1932 1093 2026 1142 hac
2062 1094 2230 1142 condi-

179 1181 321 1229 cione
359 1217 369 1227 .
410 1217 421 1228 .
461 1218 471 1227 .
509 1179 643 1243 quod
667 1179 700 1227 fi
726 1179 885 1227 dictus
912 1179 1132 1228 Thomas
1157 1181 1245 1229 fibi
1269 1198 1370 1230 non
1394 1182 1687 1233 satisfecerit
1711 1184 1772 1232 de
1798 1184 1928 1232 dicta
1950 1185 2137 1234 summa
2168 1186 2232 1234 ad

178 1274 311 1321 hunc
344 1273 477 1320 diem
515 1309 526 1320 .
567 1309 577 1320 .
619 1309 630 1320 .
669 1279 788 1321 tunc
826 1271 957 1320 diffisa
992 1273 1125 1322 bona
1163 1311 1172 1321 .
1214 1311 1224 1321 .
1265 1310 1275 1320 .
1314 1281 1460 1322 erunt
1496 1274 1628 1323 bona
1663 1275 1865 1340 propria
1900 1315 1909 1324 .
1946 1315 1956 1325 .
1994 1315 2004 1326 .
2042 1277 2232 1325 abbatis

177 1382 269 1430 pro
293 1363 571 1413 huiusmodi
595 1364 783 1413 summa
826 1401 838 1412 .
883 1401 894 1412 .
941 1401 952 1413 .
1000 1363 1160 1429 Super
1192 1365 1368 1429 quibus
1411 1403 1422 1414 .
1466 1403 1477 1414 .
1519 1404 1530 1414 .
1573 1367 1721 1415 abbas
1746 1384 1875 1416 ame
1920 1405 1930 1415 .
1973 1406 1983 1416 .
2025 1406 2036 1417 .
2081 1368 2232 1433 peciit

240 1496 250 1506 .
297 1496 307 1506 .
352 1456 731 1507 instrumentum
769 1486 780 1497 ·
821 1457 951 1506 Aaa
986 1465 1133 1506 erunt
1169 1457 1261 1505 hec
1305 1494 1316 1504 .
1362 1495 1373 1505 .
1420 1494 1430 1505 .
1472 1458 1598 1506 hora
1632 1459 1894 1508 undecima
1924 1460 2003 1509 vel
2038 1461 2234 1509 eocirca

180 1558 296 1600 ante
326 1550 595 1599 merediem
641 1588 652 1598 .
698 1586 710 1598 .
756 1587 768 1598 .
810 1548 1120 1614 presentibus
1165 1587 1175 1597 .
1222 1587 1233 1596 .
1280 1585 1291 1596 .
1333 1547 1370 1597 J
1372 1547 1566 1597 ohanne
1605 1548 1789 1615 Ogilvy
1822 1550 1882 1598 de
1917 1550 2231 1617 Luntrethyn

179 1643 334 1694 milite
371 1672 381 1683 ·
418 1644 611 1693 Jacobo
638 1642 827 1709 Ogilvy
852 1669 862 1680 ·
886 1642 1176 1691 Alexandro
1211 1639 1437 1706 Baldovy
1471 1669 1482 1680 ·
1516 1640 1712 1689 Thema
1735 1641 1906 1690 Broun
1942 1670 1952 1680 ·
1990 1650 2039 1691 et
2063 1643 2233 1692 Dauid

184 1735 413 1802 Symonis
439 1764 449 1774 ·
476 1752 589 1784 cum
613 1735 817 1784 diuerfis
843 1734 954 1784 aliis
999 1772 1010 1783 .
1057 1773 1067 1782 .
1114 1772 1125 1783 .
1170 1733 1420 1783 Robertus
1444 1732 1559 1781 Leis
1604 1769 1616 1781 .
1661 1770 1671 1781 .
1718 1771 1727 1781 .
1771 1733 2007 1783 notarius.

184 1986 357 2060 Carta
382 2010 443 2058 de
469 2009 704 2074 lapicidio
730 2009 790 2057 de
816 2008 984 2074 Keny.

187 2167 462 2241 Uniuerfis
487 2196 656 2254 pateat
693 2226 701 2236 .
746 2226 757 2236 .
798 2226 808 2236 .
844 2205 923 2236 me
946 2186 1254 2237 Willelmum
1291 2186 1352 2233 de
1386 2183 1750 2250 Outhyrlowny
1771 2184 1831 2232 de
1857 2184 2028 2232 eodem
2054 2183 2233 2232 dediss‘e

188 2320 198 2330 .
237 2319 248 2331 .
287 2319 298 2330 .
335 2281 447 2331 Deo
473 2290 522 2331 et
547 2280 843 2330 monasterio
883 2317 894 2328 .
935 2317 945 2328 .
986 2317 996 2327 .
1036 2280 1097 2329 de
1122 2277 1462 2328 Abirbrothoc
1488 2294 1546 2325 ac
1584 2314 1594 2325 .
1632 2313 1642 2324 .
1680 2314 1691 2324 .
1729 2275 1995 2325 Malcolmo
2020 2275 2234 2324 eiusdem

186 2373 351 2422 abbati
375 2381 425 2423 et
449 2372 703 2422 monachis
753 2410 764 2421 .
816 2409 827 2420 .
879 2409 890 2420 .
940 2372 1188 2438 signanter
1212 2389 1303 2436 pro
1328 2369 1676 2435 recognicione
1727 2406 1738 2416 .
1789 2406 1799 2416 .
1851 2405 1861 2415 .
1910 2367 2234 2416 fraternitatis

185 2473 291 2513 mee
327 2472 377 2514 et
411 2464 595 2514 Jonete
631 2481 740 2514 mee
775 2465 946 2530 sponse
998 2502 1008 2512 .
1060 2502 1071 2512 .
1124 2502 1134 2512 .
1182 2462 1445 2512 licenciam
1493 2498 1504 2509 .
1556 2498 1567 2509 .
1619 2497 1630 2508 .
1678 2459 1986 2525 lapiscidium
2020 2458 2235 2506 faciendi

188 2556 374 2621 lapides
408 2556 639 2606 lucrandi
674 2564 724 2606 et
759 2557 824 2606 ad
860 2573 1030 2606 eorum
1062 2554 1429 2620 beneplacitum
1470 2590 1480 2601 .
1525 2590 1535 2600 .
1578 2589 1590 2600 .
1625 2552 1678 2599 in
1716 2558 1821 2600 tota
1857 2558 1992 2600 terra
2029 2566 2140 2598 mea
2174 2550 2234 2598 de

192 2647 555 2715 Outhyrlowny
577 2687 588 2699 .
611 2687 623 2699 .
644 2687 655 2697 .
676 2666 772 2714 que
798 2649 931 2715 olym
954 2648 1212 2698 dicebatur
1231 2646 1376 2696 Kelle
1394 2645 1589 2694 iacente
1609 2643 1742 2692 infra
1759 2642 2154 2692 vicecomitatum
2174 2643 2234 2690 de

189 2739 364 2790 Forfar
387 2759 478 2807 pro
502 2741 861 2791 sustentacione
902 2779 913 2790 .
956 2778 967 2790 .
1009 2778 1021 2790 .
1061 2740 1180 2789 dieti
1203 2737 1489 2788 monasterii
1528 2774 1538 2785 .
1582 2774 1592 2784 .
1635 2772 1646 2784 .
1685 2735 1752 2783 Et
1776 2735 1809 2783 fi
1835 2734 2088 2799 contingat
2123 2771 2134 2782 .
2174 2771 2184 2781 .
2222 2770 2232 2780 .

191 2848 267 2881 me
291 2834 370 2882 vel
392 2834 601 2884 heredes
626 2852 760 2884 meas
785 2843 870 2884 aut
893 2832 1185 2882 succefl'ores
1230 2870 1240 2879 .
1287 2869 1298 2880 .
1344 2868 1354 2879 .
1398 2838 1556 2879 terras
1592 2828 1653 2877 de
1693 2826 2070 2891 Ouchtirlowny
2110 2863 2120 2874 .
2167 2862 2178 2873 .
2223 2863 2233 2872 .

192 2934 488 2990 occupantes
538 2964 548 2975 .
598 2964 609 2975 .
662 2963 673 2975 .
721 2926 890 2975 abbati
930 2924 1186 2974 monachis
1228 2921 1309 2971 vel
1348 2922 1444 2971 suis
1485 2919 1803 2969 seruitoribus
1852 2955 1862 2966 .
1914 2955 1925 2967 .
1976 2955 1987 2966 .
2036 2917 2235 2981 aliquod

193 3014 492 3066 obstaculum
540 3055 551 3065 .
603 3054 615 3066 .
667 3055 678 3065 .
725 3017 890 3067 facere
940 3054 952 3065 .
1004 3053 1015 3065 .
1066 3053 1076 3064 .
1124 3013 1433 3078 lapiscidium
1475 3011 1702 3061 faciendo
1746 3012 1827 3059 seu
1868 3010 2048 3058 factum
2096 3046 2107 3056 .
2159 3046 2170 3056 .
2223 3044 2234 3054 .

193 3109 478 3173 occupando
513 3146 523 3157 .
561 3145 572 3158 .
608 3145 620 3157 .
654 3109 737 3158 seu
768 3145 779 3157 .
816 3145 828 3157 .
863 3146 874 3156 .
906 3107 1096 3172 lapides
1120 3107 1361 3156 lucrando
1397 3143 1408 3154 .
1446 3143 1457 3153 .
1495 3142 1505 3153 .
1542 3104 1762 3153 concedo
1796 3139 1807 3150 .
1842 3139 1853 3150 .
1888 3139 1899 3150 .
1932 3101 2095 3150 abbati
2128 3136 2141 3149 .
2174 3137 2185 3147 .
2217 3137 2227 3147 .

194 3196 361 3248 decem
385 3216 576 3249 marcas
602 3198 782 3249 usualis
807 3206 1002 3248 monete
1047 3235 1058 3246 .
1103 3235 1114 3246 .
1159 3234 1171 3245 .
1209 3197 1382 3248 Scocie
1405 3196 1643 3245 leuandae
1682 3232 1692 3242 .
1737 3231 1747 3241 .
1790 3229 1800 3241 .
1838 3194 1899 3242 de
1924 3192 2064 3241 diais
2089 3191 2230 3241 terris

1195 3304 1225 3335 U
