2742 3848
408 1445 494 1493 66]

410 1999 505 2046 662

557 392 654 443 470
1026 385 1451 437 REGISTRUM
1486 385 1582 434 DE
1615 384 2177 436 ABERBROTHOC.

560 522 903 587 Kyncoldrum
940 522 1073 570 infra
1107 520 1417 585 regalitatem
1455 518 1517 566 de
1556 517 1782 567 Arbroth
1819 527 1868 567 et
1900 519 2300 570 vicecomitatum
2340 521 2401 569 de
2437 520 2615 569 Forfar

561 615 881 663 extendentes
917 615 967 662 in
1006 611 1186 660 rentali
1221 610 1412 659 abbatis
1456 610 1519 658 ad
1559 611 1731 659 decem
1774 619 1824 659 et
1859 628 2038 660 nouem
2076 629 2266 662 marcas
2306 620 2355 662 et
2394 612 2527 679 [pro]
2567 613 2613 661 le

560 716 784 775 rynmart
816 716 864 757 et
890 707 1091 771 weddyr
1126 704 1409 768 quindecim
1448 702 1627 750 solidos
1654 721 1863 752 vnacum
1903 712 2117 768 quatuor
2154 704 2308 753 bollas
2345 722 2612 753 auenarum

562 800 897 850 custumalium
928 828 938 837 ·
965 798 1099 846 salua
1122 796 1399 862 regalitatis
1423 795 1763 844 iurisdictione
1789 823 1800 833 ·
1825 796 2102 845 Reddendo
2134 797 2382 861 predictas
2407 797 2616 845 summas

561 901 755 941 monete
803 899 852 941 et
895 890 1176 939 vi&ualium
1218 897 1268 939 et
1314 889 1366 937 in
1415 889 1878 954 augmentacionem
1928 889 2135 938 rentalis
2182 889 2416 938 summam
2465 890 2613 938 trium

557 1001 833 1035 marcarum
870 990 1067 1031 monete
1107 981 1281 1032 Scocie
1318 981 1519 1030 nomine
1554 982 1832 1031 feodifirme
1873 990 2066 1031 tantum
2105 999 2315 1031 vnacum
2359 982 2617 1047 presencia

559 1081 633 1128 vel
670 1080 796 1128 se&a
822 1079 883 1127 ad
909 1086 1009 1127 tres
1035 1077 1199 1126 curias
1235 1076 1473 1141 capitales
1509 1075 1701 1124 abbatis
1737 1076 1978 1124 tenendas
2014 1076 2148 1140 apud
2175 1075 2510 1125 Carnconnan
2538 1075 2616 1123 vel

556 1172 671 1220 alibi
698 1199 707 1208 ·
734 1176 791 1219 31
823 1168 1035 1235 Augusti
1059 1169 1201 1223 1527.

556 1427 878 1511 Preceptum
904 1446 1054 1494 safine
1079 1445 1223 1509 super
1247 1442 1472 1508 predi&a
1508 1450 1648 1491 carta
1670 1460 1760 1507 per
1786 1450 1918 1492 terre
1945 1450 1994 1492 et
2018 1442 2198 1508 lapidis
2223 1451 2272 1491 et
2297 1443 2441 1491 vuius
2464 1444 2617 1508 garbe

556 1539 880 1587 tradicionem
919 1538 1159 1586 directum
1195 1536 1389 1586 Jacobo
1417 1535 1633 1602 Ogylwy
1660 1536 1721 1584 de
1747 1535 1995 1584 Bradown
2033 1563 2043 1572 ·
2080 1535 2392 1584 Allexandro
2421 1535 2616 1585 Guthre

555 1634 614 1680 ‹le
641 1631 1075 1697 Kynblaythmont
1110 1659 1121 1669 ·
1162 1629 1356 1678 Thome
1381 1627 1617 1694 Lyndsay
1643 1629 1705 1678 de
1735 1629 2024 1695 Laythnoth
2064 1655 2074 1665 ·
2111 1636 2160 1677 et
2196 1628 2281 1677 alii
2307 1656 2317 1665 ·
2341 1628 2539 1677 balliuis
2564 1628 2614 1676 in

556 1726 647 1773 hac
673 1732 814 1788 parte
840 1753 850 1762 ·
878 1728 932 1771 31
968 1722 1182 1787 Augusti
1213 1722 1357 1776 1527.

559 1981 710 2051 Idem
747 2002 797 2049 in
836 2009 1153 2066 augmentum
1199 2001 1404 2048 rentalis
1448 1998 1679 2048 concedit
1722 1997 1916 2047 Thome
1959 1998 2183 2047 Annand
2222 1998 2324 2046 filio
2366 1999 2614 2062 quondam

561 2094 854 2142 Allexandri
892 2093 1114 2141 Annand
1151 2092 1267 2141 olim
1303 2093 1354 2140 in
1393 2091 1592 2157 Middyl
1627 2091 1777 2140 Perse
1803 2092 2056 2156 wlgariter
2081 2072 2260 2141 uocata
2284 2091 2493 2157 Bagraw
2520 2092 2616 2140 suis

560 2186 822 2235 heredibus
847 2195 896 2234 et
921 2184 1169 2251 affignatis
1193 2185 1420 2234 masculis
1454 2213 1464 2224 ·
1503 2184 1681 2249 quibus
1706 2184 2051 2233 deficientibus
2078 2184 2273 2233 Thome
2300 2184 2521 2233 Annand
2554 2186 2615 2233 de

560 2279 604 2327 K
610 2278 916 2344 ynquheryis
941 2277 1036 2326 suis
1052 2278 1316 2326 heredibus
1339 2286 1389 2326 et
1410 2277 1660 2341 affignatis
1685 2276 1912 2325 masculis
1935 2277 1996 2325 de
2017 2284 2347 2342 cognomento
2367 2278 2587 2326 Annand
2607 2306 2616 2315 ·

559 2370 733 2433 quibus
770 2369 1112 2417 deficientibus
1153 2368 1419 2417 heredibus
1462 2368 1655 2418 Thome
1694 2370 1918 2418 Annand
1955 2370 2045 2418 filii
2089 2369 2387 2418 Allexandri
2424 2371 2616 2434 quibus-

560 2480 754 2526 cunque
791 2492 801 2501 ·
839 2470 997 2511 terras
1023 2462 1083 2510 de
1110 2461 1413 2527 Midylperse
1439 2462 1591 2510 dictas
1618 2462 1826 2528 Bagraw
1855 2479 1968 2511 cum
2005 2462 2209 2511 decimis
2244 2462 2529 2528 garbalibus
2564 2463 2615 2510 in

560 2554 778 2601 dominio
805 2554 866 2601 de
891 2553 1240 2618 Kyncoldrum
1266 2553 1527 2617 regalitate
1549 2555 1610 2603 de
1629 2555 1888 2621 Arbroyth
1909 2565 1958 2604 et
1978 2555 2326 2604 vicecomitatu
2352 2556 2413 2603 de
2438 2554 2616 2603 Forfar

560 2646 883 2694 extendentes
906 2645 958 2693 in
983 2645 1164 2694 rentali
1190 2645 1380 2694 abbatis
1416 2647 1478 2694 ad
1514 2647 1687 2695 decem
1720 2665 1914 2697 marcas
1951 2655 2000 2696 et
2034 2665 2127 2713 pro
2162 2647 2209 2697 le
2246 2656 2473 2713 rynmart
2505 2665 2613 2695 cum
2667 2677 2671 2683 -
2711 2680 2717 2686 ,

562 2753 770 2785 veruece
812 2736 891 2785 sex
931 2737 1109 2786 solidos
1147 2739 1254 2785 octo
1295 2738 1525 2786 denarios
1562 2756 1673 2787 cum
1711 2741 1972 2789 duodecim
2010 2739 2282 2805 caponibus
2321 2748 2370 2788 et
2408 2740 2614 2788 totidem

559 2829 768 2893 pultreis
793 2856 803 2866 ·
826 2828 960 2877 salua
982 2828 1258 2893 regalitatis
1284 2829 1617 2879 iurisdictione
1644 2861 1653 2871 ·
1680 2832 1958 2881 Reddendo
1991 2832 2238 2897 predi&as
2262 2833 2470 2880 summas
2506 2850 2615 2880 cum

563 2921 832 2985 caponibus
869 2929 918 2969 et
955 2920 999 2968 le
1034 2920 1242 2984 pultreis
1268 2928 1317 2968 et
1339 2920 1391 2968 in
1417 2923 1876 2986 augmentacionem
1902 2924 2109 2973 rentalis
2133 2925 2255 2973 duas
2279 2941 2471 2972 marcas
2505 2940 2613 2972 cum

564 3012 769 3073 dimidia
805 3020 1001 3060 monete
1046 3009 1219 3060 Scocie
1257 3012 1456 3060 nomine
1496 3013 1785 3063 feodofirme
1822 3033 2035 3065 vnacum
2078 3016 2206 3065 secta
2245 3015 2323 3065 vel
2362 3015 2618 3080 presencia

564 3113 614 3151 at
650 3113 750 3152 tres
776 3103 937 3151 curias
967 3102 1202 3167 capitales
1227 3104 1465 3151 tenendas
1490 3107 1620 3168 apud
1650 3105 1985 3157 Carnconnan
2013 3108 2091 3157 vel
2116 3107 2234 3156 alibi
2269 3135 2279 3146 ·
2315 3111 2375 3155 31
2405 3106 2616 3172 Augusti

567 3197 707 3248 1527.
