2762 3834
460 1313 556 1356 300

458 2775 549 2819 301

614 372 711 417 248
1055 362 1476 416 REGISTRUM
1511 360 1607 409 DE
1643 358 2202 409 ABERBROTHOC.

662 539 670 548 .
708 540 716 548 .
760 507 954 547 monete
990 538 998 546 .
1032 538 1040 546 .
1079 538 1087 546 .
1128 497 1299 547 Scocie
1334 496 1384 542 in
1422 492 1541 541 festo
1580 492 1762 540 Pasche
1803 491 1882 539 vel
1916 491 2047 540 infra
2084 492 2364 555 quindecim
2403 493 2509 541 dies
2547 532 2554 540 .
2588 533 2597 541 .
2635 533 2644 541 .

615 590 750 639 fimul
774 599 823 638 et
848 589 991 637 semel
1027 629 1035 637 .
1074 628 1082 636 .
1118 628 1127 636 .
1167 588 1233 635 Et
1258 586 1288 634 ss
1315 587 1365 634 in
1391 585 1639 633 solucione
1678 622 1686 630 .
1728 622 1736 630 .
1778 622 1787 631 .
1830 583 1894 630 ad
1915 583 2177 631 terminum
2204 591 2253 632 et
2277 584 2405 632 diem
2430 585 2647 648 prefatos

614 722 622 730 .
661 721 669 730 .
709 718 719 729 .
758 680 1028 729 defecerint
1052 678 1217 727 licebit
1242 677 1382 725 nobis
1424 715 1432 724 .
1474 715 1482 723 .
1527 715 1535 723 .
1578 675 1639 722 de
1683 713 1691 721 .
1736 713 1744 721 .
1789 714 1797 722 .
1839 674 2044 723 decimis
2069 675 2132 724 ad
2169 715 2178 724 .
2223 715 2231 724 .
2276 715 2285 724 .
2324 676 2517 724 libitum
2553 716 2561 724 .
2594 716 2602 724 .
2638 716 2647 724 .

613 773 867 835 disponere
894 809 902 818 .
929 810 937 818 .
965 809 973 817 .
1003 770 1153 833 Apud
1178 809 1186 817 .
1214 808 1222 816 .
1249 808 1257 816 .
1285 766 1554 831 capitulum
1581 764 1806 815 vicefimo
1843 775 2019 830 quarto
2043 767 2124 816 die
2148 767 2324 816 meniis
2347 767 2648 831 Septembris

611 879 739 911 anno
765 861 966 910 Domini
999 859 1143 908 1486.

609 1106 890 1176 Ass'edacio
913 1125 1177 1188 garbarum
1202 1121 1513 1171 decimalium
1540 1119 1741 1168 ecclefie
1767 1121 1829 1168 de
1854 1093 2104 1186 Dunbolg.

608 1286 733 1358 Nos
775 1308 943 1356 Dauid
984 1308 1133 1356 abbas
1175 1344 1186 1354 .
1225 1344 1235 1354 .
1276 1344 1286 1354 .
1324 1307 1386 1354 de
1424 1303 1762 1354 Abirbrothoc
1809 1344 1818 1352 .
1862 1343 1871 1352 .
1913 1344 1921 1352 .
1971 1305 2239 1353 affedamus
2280 1344 2288 1352 .
2327 1345 2335 1353 .
2376 1345 2384 1353 .
2430 1306 2648 1354 Roberto

609 1399 817 1448 Hem-ici
854 1410 902 1448 et
936 1399 1156 1448 Johanni
1189 1398 1399 1447 Henrici
1428 1398 1531 1446 filio
1567 1398 1650 1446 suo
1689 1436 1698 1445 .
1740 1436 1748 1444 .
1793 1436 1801 1445 .
1842 1397 2059 1446 decimas
2081 1397 2309 1463 garbales
2336 1397 2561 1446 villarum
2588 1399 2650 1446 de

608 1493 842 1557 Dunbolg
867 1522 877 1532 ·
894 1492 1141 1540 -Balmade
1167 1521 1177 1531 -
1202 1491 1236 1540 J
1239 1490 1482 1539 honstoun
1508 1518 1518 1528 ·
1546 1488 1871 1540 Contrahillis
1896 1520 1907 1531 ·
1934 1508 2033 1539 vna
2057 1508 2165 1539 cum
2193 1491 2397 1539 decimis
2422 1508 2648 1539 acrarum

605 1585 783 1648 prioris
807 1585 868 1632 de
894 1584 1131 1647 Dunbolg
1154 1583 1428 1632 iacencium
1465 1582 1595 1630 infra
1628 1582 1944 1646 parrochiam
1979 1583 2144 1632 nostre
2180 1583 2381 1632 ecclefie
2413 1584 2473 1631 de
2510 1583 2646 1632 Dun-

606 1676 722 1741 bolg
744 1693 834 1740 pro
860 1676 1081 1725 terminis
1110 1675 1423 1724 triumdecim
1459 1691 1703 1723 annorum
1740 1675 2025 1724 immediate
2060 1675 2170 1739 post
2207 1675 2392 1723 obitum
2429 1675 2666 1740 magistri,
2758 1692 2759 1697 ¹

607 1767 775 1816 Dauid
800 1768 1168 1833 Abbircrumby
1205 1807 1213 1815 .
1253 1807 1261 1815 .
1297 1807 1305 1815 .
1344 1766 1555 1815 termino
1580 1766 1811 1816 introitus
1847 1807 1856 1816 .
1892 1807 1900 1816 .
1936 1807 1945 1816 .
1981 1767 2251 1831 incipiente
2271 1767 2320 1814 in
2341 1766 2461 1815 festo
2485 1766 2648 1816 Sancti

609 1861 744 1909 Petri
787 1861 1049 1909 aduineula
1089 1860 1275 1909 obitum
1315 1860 1430 1908 dieti
1472 1859 1694 1924 magistri
1736 1858 1908 1908 Dauid
1949 1858 2232 1908 immediate
2274 1858 2505 1922 sequente
2542 1899 2550 1906 .
2589 1899 2597 1907 .
2637 1896 2647 1906 .

612 1951 860 2001 Soluendo
891 1991 899 2000 .
935 1993 943 2000 .
982 1990 992 2000 .
1028 1953 1260 2000 summam
1286 1952 1492 2016 triginta
1515 1952 1665 2000 trium
1688 1952 1928 2001 librarum
1953 1953 2033 2001 sex
2059 1952 2322 2000 solidorum
2347 1952 2430 1999 viii
2456 1952 2648 2000 denari-

609 2061 746 2091 orum
783 2080 795 2091 .
830 2080 841 2091 .
879 2080 890 2091 .
927 2051 1121 2092 monete
1164 2081 1173 2091 .
1215 2081 1226 2092 .
1269 2081 1280 2091 .
1323 2042 1493 2093 Scocie
1518 2044 1582 2093 ad
1619 2082 1630 2092 .
1670 2081 1681 2092 .
1722 2081 1734 2092 .
1771 2044 1894 2092 festa
1936 2082 1947 2091 .
1992 2081 2003 2092 .
2046 2082 2055 2091 .
2097 2043 2470 2092 Purificacionis
2496 2043 2648 2091 Beate

608 2134 768 2182 Mario
806 2143 854 2183 ct
890 2135 1073 2183 Pasche
1113 2172 1124 2183 .
1165 2173 1175 2183 .
1216 2172 1227 2183 .
1271 2135 1336 2183 Et
1374 2135 1408 2182 fi
1448 2172 1458 2182 .
1498 2173 1509 2184 .
1550 2174 1560 2184 .
1598 2137 1651 2184 in
1693 2136 1939 2185 solucione
1978 2174 1989 2184 .
2029 2174 2041 2185 .
2080 2174 2090 2184 .
2128 2136 2386 2185 deficerint
2431 2175 2440 2184 .
2480 2175 2489 2184 .
2531 2174 2541 2184 .
2585 2137 2647 2184 ad

608 2226 841 2273 terminos
886 2263 896 2273 .
938 2263 949 2274 .
989 2263 1000 2274 .
1038 2226 1206 2275 licebit
1248 2227 1388 2275 nobis
1432 2264 1442 2275 .
1488 2264 1498 2275 .
1544 2264 1554 2275 .
1599 2228 1661 2276 de
1699 2265 1710 2276 .
1750 2266 1761 2276 .
1801 2266 1812 2276 .
1850 2228 2053 2277 decimis
2092 2265 2103 2275 .
2143 2266 2152 2275 .
2193 2264 2204 2275 .
2242 2228 2502 2292 disponere
2542 2265 2551 2275 .
2588 2264 2598 2274 .
2632 2265 2644 2275 .

607 2318 754 2379 Apud
790 2356 799 2364 .
838 2357 846 2365 .
884 2357 892 2365 .
931 2318 1197 2381 capitulum
1224 2334 1255 2366 x
1281 2319 1361 2366 die
1385 2319 1559 2367 menfis
1587 2318 1816 2369 O&obris
1841 2337 1971 2368 anno
1996 2319 2202 2368 Domini
2232 2319 2376 2367 1486.

610 2566 890 2636 Ass'cdacio
913 2589 1176 2651 garbarum
1201 2590 1512 2638 decimalium
1538 2592 1599 2639 de
1625 2591 1837 2656 Balgillo
1864 2600 1911 2640 et
1938 2590 2191 2639 Balmoffe.

608 2748 737 2820 Nos
784 2771 948 2819 Dauid
997 2773 1146 2820 abbas
1184 2808 1195 2821 .
1233 2810 1244 2820 .
1285 2811 1295 2821 .
1333 2774 1393 2821 de
1442 2775 1778 2823 Abirbrothoc
1822 2815 1830 2823 .
1871 2812 1882 2823 .
1908 2783 1932 2823 “.
1974 2774 2241 2824 afl'edamus
2283 2814 2293 2823 .
2336 2814 2345 2823 .
2387 2814 2396 2822 .
2442 2775 2642 2823 Andree

609 2861 767 2926 Barry
793 2861 1016 2934 burgensi
1043 2864 1103 2910 de
1129 2862 1311 2911 Dunde
1337 2873 1386 2912 et
1410 2865 1680 2914 Elezabeth
1704 2866 1871 2930 sponse
1898 2867 1979 2915 sue
2018 2906 2027 2914 .
2068 2905 2077 2914 .
2117 2905 2126 2914 .
2168 2866 2382 2914 decimas
2417 2865 2642 2930 garbales

608 2952 833 3000 villarum
860 2953 919 3000 de
945 2952 1156 3017 Balgillo
1181 2962 1230 3002 et
1255 2954 1493 3003 Balmoss'e
1525 2996 1533 3004 .
1561 2996 1569 3005 .
1596 2995 1605 3004 .
1638 2974 1728 3021 pro
1754 2958 1977 3006 terminis
2004 2958 2230 3006 vndecim
2257 2975 2496 3006 annorum
2534 2996 2544 3005 .
2580 2995 2590 3005 .
2626 2994 2637 3004 .

607 3045 815 3092 termino
840 3044 1070 3093 introitus
1105 3082 1115 3091 .
1153 3084 1162 3093 .
1200 3084 1209 3093 .
1247 3046 1513 3110 incipiente
1538 3047 1588 3095 in
1615 3047 1734 3095 festo
1763 3047 1924 3097 Sanffi
1952 3049 2089 3097 Petri
2114 3050 2246 3113 quod
2270 3049 2450 3098 dicitur
2471 3049 2640 3097 aduin-

605 3136 716 3185 eula
756 3137 919 3184 datam
952 3136 1255 3200 presencium
1295 3137 1574 3186 immediate
1615 3139 1842 3202 sequente
1884 3178 1894 3187 .
1935 3177 1946 3187 .
1984 3179 1993 3188 .
2033 3139 2282 3189 Soluendo
2322 3180 2330 3188 .
2367 3179 2376 3188 .
2418 3179 2427 3188 .
2470 3141 2636 3188 decem
