2762 3834
464 751 560 797 216

451 2285 542 2334 217

611 352 703 402 190
1053 340 1472 396 REGISTRUM
1507 340 1602 389 DE
1637 307 2194 388 ABERBROTHOC.

615 550 895 620 Affedacio
920 573 1091 630 quarte
1115 565 1268 628 partis
1295 563 1408 610 ville
1434 561 1595 608 nostre
1621 560 1682 607 de
1705 558 2066 624 Dunnycbtyn.

613 729 884 799 Uniuerfis
921 753 1087 809 pateat
1118 781 1128 791 .
1165 781 1175 790 .
1210 780 1220 790 .
1253 759 1341 789 nos
1376 740 1682 789 Willelmum
1710 776 1720 786 .
1751 776 1760 786 .
1790 775 1801 786 .
1829 739 2056 787 abbatem
2084 776 2095 786 .
2124 775 2135 787 .
2165 776 2175 786 .
2203 740 2264 787 de
2304 740 2638 789 Abirbrotboc

724 875 734 885 .
777 835 999 885 ass'edafl'e
1043 872 1054 882 .
1101 872 1110 882 .
1157 871 1167 881 .
1210 832 1430 881 Johanni
1466 831 1643 879 Fariar
1679 837 1728 878 et
1762 829 1950 894 Agneti
1988 828 2209 878 Bucbart
2245 830 2385 878 vxori
2420 830 2502 878 sue
2537 847 2638 878 mo-

608 932 757 977 derne
793 936 841 976 et
876 943 1043 975 eorum
1082 924 1443 973 coadiutoribus
1480 922 1745 971 dummodo
1782 903 2094 969 coadiutores
2119 920 2191 969 illi
2216 938 2305 986 per
2339 938 2428 969 nos
2465 922 2636 970 admit-

607 1027 771 1067 tantur
815 1054 825 1065 .
870 1054 880 1064 .
926 1053 936 1064 .
980 1023 1203 1078 quartam
1228 1020 1417 1078 partem
1449 1013 1559 1062 ville
1596 1011 1761 1060 nostre
1803 1012 1865 1059 de
1904 1010 2251 1077 Dunnychtyn
2288 1029 2399 1060 cum
2433 1012 2636 1060 decimis

605 1109 882 1175 gat-balibus
922 1106 1135 1163 eiusdem
1172 1141 1181 1152 .
1224 1142 1234 1152 .
1275 1142 1286 1152 .
1320 1121 1411 1168 pro
1453 1103 1677 1152 terminis
1714 1103 1886 1151 decem
1928 1111 1978 1150 et
2017 1119 2196 1152 nouem
2239 1120 2482 1151 annorum
2522 1142 2531 1151 .
2572 1141 2583 1151 .
2622 1141 2632 1151 .

605 1201 811 1249 termino
835 1198 1064 1247 introitus
1103 1233 1113 1245 .
1153 1234 1164 1244 .
1204 1232 1214 1244 .
1252 1195 1520 1260 incipiente
1546 1195 1597 1242 in
1629 1194 1751 1243 festo
1787 1193 2103 1243 Pentecostes
2139 1195 2304 1243 datam
2328 1195 2635 1258 presencium

604 1292 881 1341 immediate
907 1291 1135 1354 sequente
1158 1315 1168 1326 ·
1197 1287 1445 1338 Soluendo
1483 1324 1494 1335 .
1531 1324 1542 1334 .
1580 1324 1590 1335 .
1629 1286 1817 1351 vigenti
1842 1286 1999 1335 bollas
2028 1294 2078 1335 et
2101 1303 2280 1336 nouem
2306 1296 2356 1336 et
2380 1287 2634 1335 dimidiam

603 1384 779 1432 bollam
804 1358 929 1430 ordii
952 1389 1001 1430 et
1024 1380 1395 1445 quatuordecim
1428 1379 1583 1428 bollas
1618 1379 1806 1428 farrine
1843 1396 1955 1427 cum
1993 1378 2220 1427 mensura
2254 1379 2349 1427 fori
2388 1380 2633 1428 currentis

605 1477 667 1524 ad
690 1475 927 1523 terminos
952 1473 1178 1522 victualia
1201 1472 1420 1521 soluendi
1446 1472 1701 1520 consuetos
1727 1489 1824 1520 vna
1848 1489 1960 1520 cum
1984 1479 2210 1537 rynmart
2235 1471 2409 1520 wethir
2445 1480 2494 1519 et
2525 1471 2633 1519 aliis

602 1565 959 1614 husbandorum
1007 1563 1237 1612 oneribus
1275 1600 1286 1610 .
1326 1600 1336 1611 .
1377 1600 1387 1610 .
1424 1562 1489 1611 Et
1527 1561 1562 1609 fi
1600 1563 1808 1627 predicti
1848 1601 1858 1611 .
1901 1601 1911 1611 .
1956 1601 1968 1611 .
2011 1563 2137 1611 male
2178 1562 2511 1626 persoluentes
2550 1574 2634 1612 aut

601 1658 740 1706 nobis
768 1694 778 1704 .
808 1694 818 1704 .
848 1694 858 1705 .
884 1655 1102 1705 iniuriofi
1128 1655 1381 1705 extiterint
1404 1655 1573 1703 licebit
1596 1654 1739 1702 nobis
1766 1691 1777 1702 .
1807 1691 1817 1702 .
1848 1692 1858 1702 .
1885 1655 1947 1702 de
1982 1691 1992 1702 .
2030 1692 2040 1702 .
2079 1692 2090 1702 .
2123 1654 2268 1702 terris
2294 1672 2405 1703 cum
2430 1655 2633 1703 decimis

601 1750 662 1797 ad
700 1786 711 1796 .
751 1785 762 1796 .
799 1785 808 1795 .
845 1747 1036 1795 libitum
1076 1784 1086 1795 .
1130 1784 1140 1794 .
1182 1783 1193 1795 .
1232 1746 1486 1811 disponere
1526 1784 1536 1794 .
1580 1784 1590 1795 .
1624 1783 1635 1794 .
1668 1746 1819 1810 Apud
1844 1744 2193 1795 monasterium
2229 1784 2239 1795 .
2280 1784 2290 1794 .
2328 1783 2339 1794 .
2374 1747 2534 1810 primo
2553 1747 2632 1794 die

600 1839 772 1887 menfis
795 1838 983 1902 Aprilis
1008 1854 1136 1887 anno
1161 1837 1365 1886 Domini
1388 1837 1641 1886 millesimo
1667 1844 1801 1887 cccc⁰
1824 1838 1959 1887 lxxx⁰
1983 1838 2151 1887 tercio.

600 2090 878 2159 Affedacio
903 2108 1103 2156 dimidie
1126 2108 1280 2172 part-is
1304 2107 1574 2155 molendini
1599 2108 1660 2155 de
1688 2106 1943 2172 Craquhy.

596 2268 869 2340 Uniuerfis
900 2297 1065 2354 pateat
1104 2326 1114 2336 .
1158 2327 1168 2337 .
1212 2327 1222 2337 .
1267 2307 1356 2338 nos
1382 2289 1687 2338 Willelmum
1723 2327 1733 2338 .
1773 2328 1783 2338 .
1822 2327 1832 2337 .
1875 2290 2102 2339 abbatem
2145 2327 2156 2337 .
2200 2327 2210 2338 .
2255 2328 2266 2338 .
2303 2292 2364 2339 de
2390 2291 2627 2340 Abirbro-

597 2381 708 2428 thoc
755 2418 765 2428 .
814 2418 824 2427 .
873 2419 881 2428 .
928 2397 1019 2444 pro
1067 2388 1202 2430 certa
1248 2382 1433 2429 summa
1477 2382 1716 2445 peccunie
1763 2381 1905 2430 nobis
1954 2398 2045 2446 pro
2103 2382 2450 2446 redempcione
2499 2400 2626 2431 noue

596 2471 882 2533 prouifionis
919 2471 1200 2520 monasterii
1230 2471 1383 2519 nostri
1415 2479 1636 2535 tempore
1675 2473 1996 2522 confectionis
2030 2473 2340 2538 presencium
2372 2482 2626 2539 gratanter

597 2562 750 2609 soluta
794 2561 1016 2611 affedafl'e
1065 2601 1075 2610 .
1123 2601 1132 2611 .
1186 2600 1196 2610 .
1248 2563 1438 2611 Thome
1482 2564 1611 2628 Pyot
1652 2572 1700 2612 et
1742 2564 1959 2613 Patricio
2003 2564 2132 2629 Pyot
2168 2564 2272 2612 filio
2311 2565 2396 2613 suo
2438 2564 2624 2628 suisque

598 2652 959 2701 coadiutoribus
999 2670 1089 2716 pro
1131 2662 1234 2701 toto
1276 2662 1495 2717 tempore
1536 2654 1634 2702 vite
1677 2691 1687 2701 .
1730 2693 1739 2702 .
1785 2692 1795 2702 .
1840 2654 2094 2703 dimidiam
2131 2662 2318 2719 partem
2358 2655 2625 2703 molendini

596 2742 746 2791 nostri
771 2743 832 2791 de
859 2742 1094 2807 Craquby
1114 2760 1223 2792 cum
1252 2744 1346 2791 suis
1383 2783 1394 2794 .
1428 2781 1438 2792 .
1474 2782 1484 2791 .
1522 2744 1951 2794 commoditatibus
1980 2781 1992 2792 .
2025 2782 2035 2792 .
2070 2781 2080 2792 .
2115 2744 2291 2809 quibus
2314 2761 2447 2792 nunc
2471 2745 2625 2793 diaus

597 2833 813 2881 Thomas
843 2834 1025 2898 gaudet
1065 2860 1075 2870 ·
1116 2834 1327 2882 termino
1361 2835 1591 2883 introitus
1635 2872 1646 2883 .
1692 2872 1702 2883 .
1746 2873 1757 2885 .
1798 2837 2068 2902 incipiente
2094 2838 2144 2886 in
2170 2837 2290 2886 festo
2314 2836 2625 2886 Pentecostes

596 2925 759 2973 datam
783 2924 1089 2987 presencium
1124 2924 1405 2973 immediate
1442 2925 1669 2989 sequente
1710 2955 1720 2964 ·
1763 2926 2014 2977 Soluendo
2058 2966 2070 2976 .
2115 2966 2127 2977 .
2173 2966 2184 2976 .
2227 2936 2437 2993 quatuor
2471 2926 2624 2976 bollas
2673 2944 2682 2951 ·

597 3014 722 3062 ordii
748 3022 797 3062 et
820 3015 1060 3063 sexdecim
1085 3015 1239 3063 bollas
1262 3015 1448 3064 farrine
1479 3017 1702 3065 mensure
1738 3017 1833 3065 fori
1870 3019 2114 3068 currentis
2150 3036 2262 3068 cum
2299 3018 2624 3084 quadraginta

595 3105 812 3154 denariis
835 3114 1030 3154 monete
1058 3103 1229 3154 Scocie
1249 3123 1340 3170 pro
1365 3107 1567 3155 dimidia
1590 3116 1730 3172 parte
1754 3110 1893 3173 porci
1925 3119 1975 3159 et
2004 3111 2085 3159 sex
2122 3111 2389 3175 caponibus
2424 3118 2473 3159 et
2507 3109 2620 3157 duo·
