2762 3834
48 775 139 826 107

53 2649 144 2694 108

645 361 738 411 RE
745 359 1077 411 GISTRUM
1111 360 1210 410 DE
1246 357 1810 411 ABERBROTHOC.
2198 368 2258 417 91

194 566 370 639 Carta
393 587 665 636 tenementi
691 588 752 636 de
773 586 940 636 Perth.

197 749 461 823 Omnibus
511 809 522 820 .
576 809 587 820 .
639 809 650 819 .
700 770 999 819 Malcolmus
1037 808 1049 819 .
1089 807 1100 819 .
1141 807 1153 819 .
1191 771 1342 820 abbas
1379 808 1390 819 .
1433 809 1443 819 .
1483 809 1494 820 .
1533 772 1595 821 de
1641 772 1864 822 Arbroth
1905 811 1915 821 .
1958 811 1968 822 .
2010 811 2019 821 .
2057 774 2263 823 salutem

199 903 210 914 .
250 904 260 914 .
301 903 312 914 .
351 865 569 914 Nouerit
591 865 882 913 vniuerfitas
902 864 1066 913 vestra
1081 881 1172 912 nos
1211 901 1222 912 .
1258 900 1269 911 .
1310 901 1321 912 .
1349 863 1625 914 conceffifl‘e
1665 902 1675 912 .
1717 902 1727 912 .
1768 902 1778 913 .
1816 864 2057 915 Michaeli
2075 865 2264 916 Lokart

196 956 426 1023 burgenfi
465 995 475 1005 .
517 995 526 1006 .
568 995 578 1005 .
617 958 678 1006 de
704 957 859 1006 Perth
898 995 908 1005 .
949 994 960 1005 .
1001 994 1011 1005 .
1050 964 1236 1005 terram
1261 955 1478 1005 nostram
1511 957 1716 1006 baronie
1747 958 1914 1006 nostre
1937 958 2182 1008 iacentem
2209 960 2261 1008 in

198 1052 452 1101 territorio
481 1089 491 1100 .
521 1088 532 1099 .
561 1088 572 1099 .
600 1051 744 1116 burgi
761 1051 823 1099 de
847 1050 1002 1099 Perth
1027 1050 1080 1098 in
1097 1050 1208 1098 vico
1234 1055 1376 1097 extra
1399 1057 1594 1113 portam
1621 1058 1671 1099 et
1693 1058 1897 1115 pontem
1920 1061 2261 1118 nuncupatum

198 1146 243 1193 le
270 1144 317 1192 T
321 1144 547 1209 uratbrig
572 1161 631 1193 ex
655 1153 799 1207 part-e
825 1141 1025 1191 australi
1045 1143 1123 1190 vie
1149 1141 1286 1205 regie
1312 1158 1411 1205 qua
1433 1141 1535 1190 itur
1560 1160 1590 1190 a
1614 1143 1744 1191 dicta
1761 1152 1909 1207 porta
1932 1145 1995 1192 ad
2021 1145 2263 1209 capellam

201 1237 369 1287 Sancti
394 1236 539 1286 Pauli
564 1237 698 1285 inter
723 1242 908 1284 terram
930 1234 1051 1283 dieti
1075 1233 1341 1282 Michaelis
1366 1251 1424 1282 ex
1452 1242 1594 1298 parte
1620 1235 1851 1284 orientali
1877 1275 1888 1285 .
1922 1275 1933 1285 .
1963 1275 1976 1286 .
2004 1245 2053 1287 et
2077 1246 2264 1288 terram

199 1330 407 1379 Roberti
434 1329 671 1378 Watsone
699 1345 760 1376 ex
783 1335 925 1391 parte
951 1325 1251 1375 occidentali
1291 1363 1302 1374 .
1346 1362 1356 1373 .
1399 1363 1410 1374 .
1449 1334 1499 1374 et
1534 1335 1699 1376 ortum
1734 1330 1982 1392 quondam
2016 1330 2274 1380 Johannis·

198 1422 353 1472 Clerk
377 1421 439 1468 de
467 1419 649 1484 Condy
672 1436 732 1468 ex
756 1427 899 1483 parte
920 1417 1122 1466 australi
1148 1447 1159 1458 ·
1188 1418 1483 1468 Tenendam
1522 1456 1535 1467 .
1577 1457 1588 1467 .
1633 1457 1644 1468 .
1681 1421 1734 1468 in
1753 1421 1900 1470 feodo
1917 1431 1965 1472 et
1986 1423 2264 1472 hereditate

196 1514 562 1578 imperpetuum
604 1549 614 1560 .
658 1549 667 1560 .
708 1549 719 1559 .
756 1511 1034 1559 Reddendo
1074 1547 1084 1558 .
1126 1547 1137 1558 .
1178 1547 1188 1558 .
1227 1511 1309 1559 sex
1339 1510 1517 1559 solidos
1548 1512 1726 1560 vsualis
1761 1522 1958 1563 monete
1995 1514 2168 1564 Scocie
2202 1517 2265 1565 ad

198 1608 322 1655 duos
365 1606 485 1655 anni
522 1605 762 1655 terminos
797 1642 808 1653 .
849 1642 860 1653 .
901 1641 912 1652 .
950 1604 1154 1653 nomine
1196 1603 1484 1651 feodefirme
1527 1610 1721 1652 tantum
1761 1642 1771 1652 .
1811 1642 1823 1653 .
1863 1643 1874 1654 .
1912 1607 1973 1655 In
2013 1609 2152 1657 cuius
2190 1610 2265 1658 rei

196 1699 531 1749 testimonium
569 1698 780 1764 sigillum
816 1697 1037 1746 nostrum
1063 1713 1327 1746 commune
1374 1733 1384 1743 .
1438 1733 1448 1743 .
1501 1733 1511 1744 .
1550 1695 1763 1745 >fecimus
1800 1700 2017 1763 appendi
2054 1718 2264 1750 vnacum

197 1794 367 1859 {igillis
417 1832 428 1842 .
474 1829 486 1842 .
532 1830 543 1842 .
592 1792 841 1842 «Iohannis
881 1791 1162 1850 Quhitsoun
1202 1788 1460 1854 burgenfis
1510 1825 1521 1836 .
1572 1826 1584 1836 .
1636 1827 1647 1837 .
1699 1790 1760 1837 de
1796 1789 1951 1839 Perth
1992 1800 2041 1840 et
2079 1793 2266 1842 domini

190 1887 401 1937 Patricii
441 1886 587 1952 Kyrk
630 1885 877 1950 capellani
917 1884 1088 1933 altaris
1129 1883 1308 1932 Sancte
1352 1883 1516 1932 Marie
1550 1882 1754 1932 ecclesie
1786 1885 2116 1949 parrochialis
2150 1887 2267 1936 diui

189 1979 337 2044 burgi
375 1979 775 2042 balliuorumque
814 1976 1096 2025 nostrorum
1141 1976 1226 2040 qui
1269 1977 1450 2026 statum
1489 1984 1538 2025 et
1576 1976 1912 2041 pofl‘effionem
1955 1979 2082 2028 diffce
2131 1987 2264 2029 terre

333 2109 344 2119 .
401 2071 642 2120 Michaeli
698 2109 709 2119 .
765 2108 776 2119 .
834 2108 844 2118 .
898 2069 1217 2120 tradiderunt
1268 2107 1279 2118 .
1332 2107 1343 2118 .
1395 2107 1405 2117 .
1456 2070 1589 2134 apud.
1635 2071 1988 2120 monasterium
2030 2074 2262 2124 ⁴nostrum

233 2166 322 2190 .....

197 2184 303 2214 xuu
347 2167 428 2214 die
452 2165 629 2215 mensis
656 2164 953 2213 Decembris
979 2181 1110 2213 anno
1136 2163 1346 2212 Domini
1372 2169 1439 2211 m⁰
1465 2169 1600 2212 cccc⁰
1624 2164 2031 2230 quinquagesimo
2056 2166 2206 2216 sexto,

196 2423 410 2495 Littera
435 2443 776 2510 inquificionis
800 2444 945 2509 super
970 2443 1118 2492 terris
1143 2443 1205 2492 de
1230 2442 1463 2508 Forglen.

197 2605 334 2680 Hec
358 2628 617 2694 inquificio
642 2629 771 2677 facta
794 2628 845 2676 in
871 2628 1094 2692 pretorio
1130 2626 1277 2692 burgi
1314 2625 1375 2673 de
1412 2623 1673 2672 Abbirden
1714 2639 1879 2671 coram
1914 2621 2168 2671 Willelmo
2206 2623 2266 2671 de

198 2722 413 2771 Muraue
439 2723 500 2771 de
529 2722 830 2770 Tulibardin
857 2721 1151 2770 vicecomite
1177 2721 1239 2768 de
1255 2718 1392 2766 Banf
1424 2754 1435 2764 .
1478 2754 1488 2765 .
1530 2754 1540 2765 .
1579 2715 1734 2765 tercio
1752 2715 1831 2763 die
1852 2714 2028 2763 mensis
2048 2714 2267 2763 Nouem-

198 2815 300 2865 bris
325 2833 458 2864 anno
485 2815 695 2862 Domini
720 2814 978 2862 millesimo
1005 2810 1492 2877 quadringentefimo
1514 2809 1921 2874 quinquagefimo
1947 2810 2152 2874 septimo
2177 2827 2265 2875 per

202 2946 211 2955 .
265 2945 274 2956 .
327 2945 336 2955 .
392 2907 697 2955 Willelmum
743 2905 954 2971 Cwmyn
996 2932 1006 2943 ·
1044 2904 1218 2953 Dauid
1262 2903 1596 2968 Skermgeour
1634 2931 1644 2940 ·
1691 2903 1994 2951 Willelmum
2034 2902 2163 2951 Reid
2204 2904 2265 2951 de

201 2999 488 3050 Colistoune
526 3029 536 3039 ·
565 2999 811 3047 Thomam
837 2999 898 3047 de
925 2998 1150 3047 Allirdas
1180 3027 1190 3038 ·
1218 2997 1494 3046 W'alterum
1532 2996 1750 3060 Breklay
1775 3024 1785 3034 ·
1812 2995 1847 3043 J
1851 2995 2096 3043 ohannem
2132 2994 2236 3042 Fiff
2254 3023 2263 3031 ·

200 3093 471 3142 Ricardum
516 3092 673 3141 Waus
718 3123 727 3132 -
767 3092 1071 3140 Lanxlotum
1112 3091 1173 3139 de
1215 3089 1511 3155 Abernethy
1549 3115 1559 3125 ·
1600 3087 1962 3137 Archibaldum
2004 3087 2213 3136 Stewart
2254 3113 2263 3122 ·

201 3186 456 3235 Andrean]
486 3185 674 3235 Glastir
717 3212 726 3221 ·
766 3183 1064 3234 meredum
1100 3182 1440 3247 Abircromby
1480 3207 1490 3217 ·
1519 3180 1875 3233 Alexandrum
1907 3180 1967 3228 de
2004 3178 2211 3242 Gardyn
2253 3208 2262 3217 ·
