2762 3834
621 396 1052 448 REGISTRUM
1086 398 1184 447 DE
1222 397 1787 450 ABERBROTHOC.
2171 402 2231 446 21

163 529 300 595 apud
324 529 504 579 Forfar
523 531 723 581 sedente
747 550 838 598 pro
865 533 1104 583 tribunali
1128 534 1178 583 in
1198 534 1476 600 Justiciaria
1498 535 1724 600 predi8w,
1742 534 1823 583 die
1838 533 1874 583 J
1877 533 1985 583 ouis
2003 531 2235 582 videlicet

165 623 568 687 septimodecimo
595 625 676 673 die
709 625 888 675 mensis
911 625 947 676 J
951 625 1040 675 ulii
1073 643 1206 676 anno
1231 627 1441 677 Domini
1464 627 1722 677 millesimo
1747 625 2092 677 trecentesimo
2118 642 2234 690 qua-

163 715 441 782 dragefimo
479 719 655 766 octauo
691 726 1079 783 comparuerunt
1111 719 1164 768 in
1193 720 1385 785 judicio
1413 758 1425 770 .
1453 758 1465 770 .
1493 759 1504 770 .
1531 720 1816 770 Willelmus
1842 756 1855 768 .
1885 757 1897 768 .
1925 755 1937 768 .
1964 719 2114 767 abbas
2142 755 2153 766 .
2183 755 2193 766 .
2225 756 2234 765 .

165 809 227 858 de
265 809 604 858 Abirbrothoc
651 848 662 859 .
714 848 726 859 .
778 848 788 859 .
838 811 1038 859 nomine
1077 812 1194 861 dieti
1234 813 1522 862 monasterii
1564 821 1801 878 tanquam
1843 815 1978 862 ecstor
2018 849 2030 860 .
2075 848 2086 860 .
2133 846 2144 864 .
2186 819 2236 859 et

163 901 199 950 J
202 902 424 951 ohannes
448 904 512 952 de
539 902 851 953 Clakmanan
876 922 991 953 reus
1032 941 1046 953 .
1088 943 1100 954 .
1141 943 1153 955 .
1188 924 1286 956 vna
1310 924 1423 956 cum
1447 906 1964 971 magistro.Willelmo
1990 906 2051 954 de
2078 904 2199 953 Hall
2224 933 2233 943 ·

165 995 386 1045 Roberto
406 997 539 1046 dicto
562 996 680 1047 Scot
706 1026 715 1036 ·
743 998 894 1047 Petro
920 999 982 1048 de
1009 998 1161 1065 Haya
1183 1027 1194 1037 ·
1220 1007 1269 1048 et
1286 999 1542 1048 Willelmo
1563 999 1725 1048 Jacob
1749 1028 1763 1038 ·
1786 997 1985 1047 balliuis
2004 997 2150 1062 burgi
2172 997 2234 1045 de

164 1089 352 1140 Dunde
378 1120 389 1131 ·
414 1109 506 1156 per
529 1091 701 1140 literas
724 1099 953 1156 patentes
979 1092 1345 1142 communitatis
1376 1092 1496 1140 dieti
1520 1091 1667 1157 burgi
1691 1090 1847 1156 figillo
1873 1090 1958 1139 suo
1982 1090 2232 1138 communi

165 1182 401 1248 sigillatas
425 1221 436 1232 .
462 1221 474 1232 .
500 1221 510 1233 .
536 1185 814 1233 constitutis
828 1186 888 1233 ad
905 1184 1283 1250 replegiandum
1301 1184 1681 1249 eomburgenses
1696 1183 1805 1231 suos
1820 1182 2169 1248 stalligiatores
2185 1189 2234 1230 et

165 1293 339 1325 eorum
358 1276 630 1325 seruientes
649 1277 767 1325 dieti
785 1277 932 1341 burgi
947 1277 1210 1326 indietatos
1229 1286 1279 1327 et
1298 1278 1535 1327 arestatos
1552 1279 1603 1326 in
1619 1278 1752 1326 di8ta
1766 1276 2036 1326 iusticiaria
2051 1284 2100 1326 et
2116 1276 2234 1325 alibi

166 1370 448 1434 vbicunque
474 1376 523 1418 et
543 1370 782 1435 precipue
816 1369 1002 1417 dictum
1027 1386 1168 1417 reum
1193 1370 1336 1432 super
1361 1387 1419 1418 eo
1446 1370 1678 1419 videlicet
1703 1371 1837 1435 quod
1861 1371 2019 1418 dietus
2042 1387 2157 1418 reus
2182 1368 2233 1417 in

166 1462 286 1510 villa
309 1463 370 1510 de
395 1462 583 1510 Dunde
608 1462 689 1510 dic
719 1460 923 1511 sabbati
957 1462 1187 1527 proxima
1209 1461 1319 1527 post
1342 1461 1519 1510 festum
1547 1461 1715 1512 Sandai
1740 1463 1774 1511 J
1778 1462 1987 1512 ohannis
2011 1462 2233 1528 Baptiste

163 1555 284 1604 anni
320 1556 530 1620 predicti
556 1573 585 1604 a
610 1556 827 1620 quodam
860 1555 1063 1605 homine
1097 1556 1342 1604 di&orum
1376 1554 1723 1620 religiosorum
1757 1555 1888 1604 dicto
1916 1555 2096 1605 Colino
2132 1555 2234 1604 filio

170 1648 359 1714 Nigelli
395 1656 630 1696 manente
664 1647 719 1695 in
756 1655 893 1696 terra
917 1647 1003 1696 sua
1026 1647 1087 1695 de
1114 1647 1466 1712 Kyngoldrum
1494 1646 1626 1711 cepit
1651 1664 1803 1696 vnum
1827 1648 2089 1696 denarium
2117 1649 2234 1697 ster-

164 1742 418 1807 lingorum
453 1758 546 1806 pro
572 1740 781 1789 tollonio
814 1739 947 1804 regis
979 1741 1115 1804 quod
1149 1740 1315 1789 facere
1351 1740 1554 1788 minime
1580 1740 1750 1790 debuit
1777 1747 1830 1789 ut
1855 1740 2051 1791 asseruit
2075 1741 2234 1790 dictus

166 1835 319 1883 abbas
358 1851 469 1883 cum
510 1833 608 1882 hoc
647 1833 764 1882 effet
803 1842 981 1882 contra
1017 1834 1337 1899 priuilegium
1371 1836 1500 1886 bone
1532 1836 1771 1885 memorie
1803 1837 1935 1902 regis
1959 1836 2235 1885 Alexandri

163 1928 253 1977 filii
291 1928 424 1994 regis
460 1927 704 1976 Willelmi
746 1928 998 1991 quondam
1039 1927 1243 1977 illustris
1281 1930 1413 1994 regis
1453 1928 1628 1979 Scocie
1665 1929 1944 1978 fundatoris
1981 1929 2098 1979 dieti
2132 1947 2232 1978 mo·

164 2021 367 2071 nasterii
404 2022 539 2086 quod
570 2020 772 2085 quidem
809 2020 1128 2086 priuilegium
1162 2021 1321 2087 figillo
1357 2022 1474 2071 dieti
1507 2022 1640 2087 regis
1674 2022 1953 2072 Alexandri
1992 2022 2235 2088 figilatum

164 2116 352 2166 ibidem
377 2115 569 2164 ostendi
603 2115 722 2164 fecit
759 2123 910 2179 atque
944 2115 1044 2180 legi
1070 2132 1170 2163 vna
1205 2132 1317 2164 cum
1351 2116 1489 2165 bulla
1523 2115 1688 2182 papali
1726 2116 2049 2166 confirmante
2085 2118 2235 2166 dona-

167 2211 327 2260 tiones
367 2217 417 2258 et
456 2209 791 2258 concessiones
830 2226 1007 2274 regum
1045 2226 1104 2257 ac
1139 2208 1425 2274 principum
1461 2217 1511 2258 et
1543 2208 1753 2257 aliorum
1793 2208 1979 2259 Christi
2017 2209 2235 2258 fidelium

164 2304 296 2353 dicto
319 2302 618 2352 monasterio
643 2303 798 2352 factas
826 2310 879 2352 et
906 2302 1162 2351 faciendas
1187 2302 1516 2352 concludente
1549 2300 1947 2350 maledictionem
1977 2309 2026 2350 et
2057 2318 2237 2366 penam

167 2396 474 2461 spiritualem
499 2403 676 2445 contra
702 2395 960 2444 venientes
994 2403 1170 2445 contra
1199 2395 1467 2460 priuilegia
1490 2403 1540 2444 et
1565 2402 1800 2444 contenta
1822 2395 1874 2443 in
1900 2395 2002 2460 ipsa
2025 2395 2162 2444 bulla
2184 2397 2236 2444 in

168 2491 442 2554 dampnum
472 2489 555 2538 seu
590 2488 923 2554 preiudicium
960 2488 1207 2537 dictorum
1231 2488 1575 2553 religiosorum
1599 2495 1648 2537 et
1671 2487 1957 2537 monasterii
1980 2487 2187 2553 predicti
2226 2519 2236 2528 ·

172 2582 275 2642 Qui
299 2600 414 2633 reus
440 2582 616 2632 videns
642 2582 852 2631 audiens
878 2590 928 2631 et
953 2581 1270 2631 confiderans
1298 2589 1497 2630 tenores
1522 2580 1764 2629 dictorum
1787 2579 2165 2646 priuilegiorum
2191 2589 2238 2628 et

171 2677 304 2740 quod
330 2676 489 2724 dietus
513 2676 663 2725 abbas
682 2693 781 2740 quo
806 2676 954 2740 supra
975 2675 1177 2724 nomine
1202 2682 1404 2738 paratus
1429 2674 1523 2722 fuit
1545 2673 1817 2739 procedere
1843 2679 2018 2721 eontra
2042 2689 2151 2721 eum
2178 2689 2237 2721 ex

173 2768 328 2818 caufis
351 2769 588 2833 prediffis
609 2769 754 2834 super
771 2769 998 2818 fraudem
1025 2767 1352 2834 protectionis
1377 2767 1515 2831 regie
1535 2766 1605 2815 eis
1628 2783 1686 2815 ac
1705 2765 2000 2814 monasterio
2019 2764 2237 2829 predicto

172 2871 223 2910 et
255 2878 427 2910 eorum
465 2861 749 2911 hominibus
786 2870 937 2926 atque
978 2861 1123 2912 bonis
1160 2868 1403 2926 perpetuo
1430 2859 1650 2909 concesse
1681 2876 1829 2924 quam
1865 2858 2023 2907 eciam
2056 2857 2237 2906 ibidem

172 2953 274 3019 legi
315 2953 434 3002 fecit
468 2953 626 3003 dictus
665 2955 816 3004 abbas
857 2956 911 3004 in
953 2954 1102 3020 plena
1141 2954 1282 3003 curia
1314 2954 1455 3002 flexis
1497 2953 1707 3018 genibus
1740 2952 1837 3000 suis
1868 2952 2160 3016 recognouit
2190 2953 2236 3000 se

174 3047 359 3095 dictum
396 3062 537 3095 reum
578 3046 811 3096 errauiss’e
850 3055 900 3096 et
941 3046 1216 3112 peccauiss'e
1259 3055 1437 3096 contra
1475 3046 1741 3112 priuilegia
1779 3045 2000 3110 predicta
2037 3052 2086 3093 et
2126 3061 2234 3092 cum

174 3139 403 3188 manibus
428 3139 704 3189 coniunctis
736 3141 936 3205 rogauit
969 3140 1152 3189 dictum
1184 3140 1440 3189 dominum
1473 3139 1702 3188 abbatem
1729 3139 1791 3186 de
1817 3137 1961 3186 venia
1985 3136 2233 3185 offerendo

176 3233 264 3283 fibi
290 3233 550 3283 denarium
576 3234 637 3283 ab
662 3234 864 3284 homine
899 3235 983 3283 suo
1020 3240 1219 3299 captum
1256 3250 1314 3281 ac
1347 3231 1556 3296 prediffi
1591 3230 1763 3280 balliui
1799 3229 1868 3277 sui
1904 3236 2002 3277 tam
2037 3227 2234 3277 nomine
