2762 3834
602 374 1023 425 REGISTRUM
1058 374 1156 423 DE
1195 371 1746 423 ABERBROTHOC.
2099 378 2195 422 245

160 576 291 649 Hec
324 605 431 645 erat
466 597 732 661 subscripta
766 615 855 661 per
891 599 1117 646 abbatem
1155 606 1203 647 et
1239 598 1355 646 xxix
1391 599 1451 646 de
1477 604 1729 646 conuentu
1763 613 1854 660 pro
1878 595 2195 643 instruffione

158 707 478 739 nouiciorum.

159 826 434 899 Uniuerfis
474 854 641 912 pateat
680 863 770 910 per
804 846 1053 910 presentes
1090 865 1178 895 nos
1216 847 1386 896 Dauid
1419 847 1728 912 permistione
1767 848 1937 896 diuina
1969 847 2197 896 abbatem

160 938 440 987 monasterii
480 937 645 987 Sanfiffi
677 936 871 984 Thome
906 937 1123 985 martiris
1159 939 1219 985 de
1245 940 1581 988 Abirbrothoc
1620 948 1669 988 et
1704 939 1916 988 eiusdem
1951 939 2048 987 loci
2085 956 2197 987 con-

160 1038 359 1079 uentum
385 1029 604 1077 vnanimi
640 1027 872 1076 consensu
906 1035 954 1075 et
984 1026 1167 1076 affensu
1203 1030 1406 1093 capituli
1444 1031 1597 1079 nostri
1633 1031 1971 1095 capitulariter
1996 1047 2198 1095 congre-

158 1122 261 1187 gati
286 1122 497 1170 vtilitate
522 1120 639 1168 diesi
662 1118 944 1167 monasterii
979 1119 1133 1167 nostri
1160 1121 1373 1184 Vndique
1407 1122 1610 1185 pensata
1634 1121 1911 1170 conduxisse
1936 1122 2199 1171 discretum

161 1213 392 1262 clericum
432 1211 716 1276 magistrum
756 1210 1117 1259 Archibaldum
1165 1211 1318 1260 Lame
1363 1230 1455 1276 pro
1502 1214 1714 1261 termino
1760 1214 1910 1262 trium
1958 1230 2199 1261 annorum

162 1304 392 1353 continue
425 1303 532 1368 post
567 1303 731 1351 datam
765 1301 1075 1365 presencium
1111 1305 1511 1367 eomplendorum
1539 1334 1548 1344 ·
1577 1306 1739 1354 dando
1764 1306 2017 1354 annuatim
2042 1306 2200 1354 eidem

160 1395 390 1461 magistro
410 1394 717 1443 Archibaldo
743 1394 914 1442 decem
947 1410 1138 1441 marcas
1170 1394 1346 1444 vsualis
1383 1404 1579 1445 monete
1617 1398 1760 1462 regni
1787 1397 1958 1447 Scocie
1992 1398 2055 1445 ad
2080 1398 2202 1445 duos

163 1488 278 1536 anni
306 1487 541 1536 terminos
576 1486 699 1534 festa
722 1485 954 1534 videlicet
979 1485 1330 1535 Penthecostes
1363 1495 1412 1536 et
1439 1486 1604 1536 San8ci
1630 1489 1836 1536 Martini
1872 1489 1923 1536 in
1949 1506 2090 1552 yeme
2114 1505 2203 1553 per

163 1580 358 1644 equales
399 1579 659 1643 porciones
699 1595 796 1626 vna
838 1595 948 1625 cum
989 1578 1240 1626 cotidiana
1276 1579 1513 1643 porcione
1555 1579 1676 1627 ficut
1714 1587 1984 1627 conuentus
2023 1579 2203 1628 cotidie

162 1657 338 1735 recipit
375 1699 385 1710 ·
418 1670 671 1718 Faciendo
702 1669 913 1734 proinde
945 1669 1318 1734 prenominatus
1352 1670 1585 1734 magister
1616 1670 1948 1718 Archibaldus
1979 1670 2120 1718 nobis
2156 1679 2204 1718 et

163 1762 490 1810 confratribus
525 1761 704 1809 nostris
739 1761 877 1809 suum
915 1761 1136 1809 debitum
1174 1761 1435 1809 seruicium
1472 1761 1756 1825 requisitum
1793 1768 1842 1809 et
1870 1761 2118 1825 signanter
2152 1761 2204 1808 in

163 1854 480 1903 instrutffione
526 1854 838 1903 nouiciorum
886 1862 935 1902 et
980 1855 1216 1902 iuuenum
1265 1853 1570 1901 confratrum
1616 1851 1894 1900 nostrorum
1939 1869 2030 1916 pro
2078 1852 2205 1900 dieto

165 1946 371 1994 termino
395 1946 544 1994 trium
570 1963 814 1994 annorum
834 1972 844 1983 ·
874 1946 1229 1994 terminovero
1262 1944 1493 1994 introitus
1519 1945 1635 1993 dicti
1668 1944 1885 2009 magistri
1911 1944 2205 1993 Archibaldi

165 2038 227 2085 ad
259 2038 519 2087 seruicium
553 2038 750 2086 feodum
789 2045 838 2087 et
871 2037 1158 2102 porcionem
1193 2037 1417 2102 predista
1450 2036 1721 2100 incipiente
1756 2037 1808 2084 in
1844 2036 1964 2084 festo
1995 2036 2206 2085 Penthe-

167 2129 317 2177 costes
359 2130 523 2177 datam
563 2130 870 2193 presencium
907 2129 1188 2178 immediate
1230 2129 1463 2193 sequente
1508 2156 1518 2166 ·
1566 2127 1927 2191 Quamquidem
1975 2127 2205 2176 summam

166 2221 333 2269 decem
356 2238 633 2269 marcarum
661 2238 758 2269 vna
782 2239 894 2269 cum
925 2221 1162 2285 porcione
1192 2222 1414 2286 predifflra
1438 2220 1709 2284 obligamus
1734 2236 1822 2267 nos
1847 2230 1894 2267 et
1920 2219 2205 2267 successores

166 2311 351 2360 nostros
374 2312 655 2378 persoluere
682 2320 731 2361 et
756 2312 1038 2362 satisfacere
1073 2314 1234 2362 eidem
1271 2312 1502 2377 magistro
1527 2311 1832 2360 Archibaldo
1867 2311 2119 2359 annuatim
2144 2311 2204 2358 de

168 2403 319 2451 techis
343 2404 520 2451 nostris
547 2404 611 2452 ad
634 2404 870 2452 terminos
907 2405 1176 2468 prelibatos
1202 2412 1250 2453 et
1275 2406 1335 2452 de
1360 2403 1596 2468 porcione
1621 2403 1740 2452 dieti
1764 2404 1922 2451 donec
1947 2411 1995 2451 et
2020 2404 2205 2466 semper

168 2494 371 2556 prediss'd
404 2502 505 2544 tres
541 2495 662 2543 anni
701 2496 933 2559 completi
974 2496 1156 2544 fuerint
1187 2505 1234 2545 et
1259 2496 1472 2544 reuoluti
1497 2525 1508 2534 ·
1535 2494 1595 2543 In
1621 2496 1758 2543 cuius
1781 2494 1855 2543 rei
1878 2494 2203 2544 testimonium

170 2584 375 2650 sigillum
401 2603 660 2635 commune
686 2587 891 2651 capituli
914 2588 1069 2635 nostri
1101 2588 1208 2652 post
1241 2587 1520 2636 manualem
1558 2586 1771 2635 nostram
1798 2585 2205 2649 subscripcionem

169 2677 466 2740 presentibus
492 2679 815 2743 appendimus
853 2679 1025 2743 quinto
1063 2679 1254 2744 Aprilis
1290 2696 1420 2728 anno
1457 2678 1662 2726 Domini
1696 2678 1947 2726 millefimo
1979 2677 2206 2740 quadrin-

169 2767 431 2832 gentefimo
457 2769 746 2835 o&ogefimo
772 2770 917 2819 sexto
