2762 3834
476 405 538 448 52
920 396 1347 465 REGISTRUM
1380 394 1478 444 DE
1515 388 2078 441 ABERBROTHOC.

478 533 762 582 continebat
796 533 1032 581 ha&enus
1067 531 1177 594 sepe
1213 527 1458 591 contingit
1482 523 1749 572 nonnullos
1773 523 2042 572 monachos
2063 522 2349 573 monasterii
2376 524 2526 572 uestri

478 625 540 673 de
572 623 908 673 Abirbrothoc
943 661 953 671 .
991 661 1001 670 .
1039 658 1051 669 .
1087 628 1136 669 et
1167 619 1288 668 alios
1321 617 1528 667 clericos
1559 616 1803 664 seculares
1836 616 1900 664 ad
1935 614 2199 665 seruicium
2224 616 2450 665 diuinum
2474 616 2525 664 in

479 716 650 763 eodem
684 714 980 762 monasterio
1014 711 1365 761 celebrandum
1402 710 1663 773 deputatos
1696 715 1902 772 propter
1930 707 2082 756 maris
2111 689 2246 757 'inter
2271 708 2526 758 ciuitatem

481 807 833 857 Sanffiandree
866 813 915 854 et
946 805 1099 869 ipsum
1139 801 1490 851 monasterium
1530 800 1779 850 currentis
1812 801 1990 849 crebra
2023 799 2248 865 pericula
2279 817 2338 849 ac
2370 801 2527 849 eciam

477 915 566 963 pro
599 915 658 946 eo
693 899 825 962 quod
859 897 984 945 sacri
1023 896 1222 944 ordines
1260 893 1462 958 fingulis
1499 911 1529 942 a
1562 892 1672 942 iure
1710 891 1906 942 statutis
1941 892 1995 941 in
2026 892 2208 943 eisdem
2241 892 2445 942 ciuitate
2481 900 2530 940 et

474 989 649 1038 diocefi
674 989 977 1053 temporibus
1001 986 1280 1051 retrolapfis
1304 986 1508 1034 minime
1541 985 1781 1035 celebrati
1809 986 2012 1035 fuerunt
2038 986 2102 1035 ad
2126 987 2291 1035 sacros
2326 985 2528 1034 ordines

474 1080 775 1145 temporibus
794 1079 1033 1128 ordinatis
1057 1086 1112 1127 ut
1136 1076 1410 1127 debuissent
1431 1095 1524 1143 pro
1547 1077 1698 1127 mifiis
1724 1086 1774 1128 et
1797 1078 2019 1129 seruiciis
2042 1078 2322 1128 huiusmodi
2345 1079 2400 1127 in
2423 1078 2528 1143 ipso

474 1173 768 1222 monasterio
810 1172 1119 1221 celebrandis
1159 1171 1363 1220 minime
1400 1171 1688 1236 promoueri
1726 1171 1959 1236 quodque
1999 1177 2208 1236 propter
2248 1170 2527 1219 huiusmodi

470 1265 693 1329 pericula
714 1265 987 1331 grauesque
1013 1265 1190 1314 exinde
1214 1265 1475 1329 sequentes
1499 1262 1736 1328 expensas
1761 1263 1968 1313 ecclefia
1995 1263 2283 1313 monasterii
2318 1262 2526 1328 prediffl

471 1357 667 1422 eiusque
706 1357 892 1422 capelle
929 1365 978 1406 et
1013 1357 1215 1407 ecclefie
1251 1373 1522 1422 eorumque
1558 1356 1816 1406 cimeteria
1840 1373 1936 1420 que
1965 1355 2076 1421 sepe
2103 1356 2351 1422 contingit
2372 1355 2530 1421 pollui

471 1450 661 1500 diutine
696 1450 993 1514 quandoque
1023 1458 1283 1499 remanent
1313 1450 1502 1499 uiolata
1545 1478 1556 1488 ·
1597 1447 1769 1507 Quare
1793 1465 1887 1514 pro
1911 1455 2054 1513 parte
2079 1448 2245 1498 vestra
2267 1448 2410 1497 nobis
2434 1448 2529 1496 fuit

469 1542 719 1592 humiliter
742 1542 1069 1607 supplicatum
1094 1550 1147 1591 vt
1183 1582 1193 1591 .
1231 1582 1241 1591 .
1280 1582 1289 1591 .
1328 1543 1531 1592 abbates
1567 1541 1686 1590 dicei
1720 1542 2008 1591 monasterii
2044 1582 2054 1591 .
2093 1582 2101 1591 .
2140 1581 2150 1591 .
2185 1541 2443 1591 monachis
2479 1549 2529 1590 et

469 1635 662 1684 clericis
685 1635 985 1684 secularibus
1011 1635 1331 1685 seruitoribus
1357 1635 1475 1684 dicei
1498 1634 1787 1685 monasterii
1810 1635 2030 1684 minores
2062 1635 2263 1684 ordines
2300 1634 2528 1684 conferre

468 1746 663 1778 necnon
700 1746 868 1794 mapas
903 1729 1109 1778 tobalias
1146 1737 1195 1778 et
1230 1728 1559 1778 sacerdotalia
1582 1729 1646 1778 ad
1669 1709 1884 1794 ipsarum
1920 1727 2123 1778 ecclefie
2149 1735 2199 1777 et
2224 1727 2528 1792 capellarum

470 1838 736 1885 earumque
775 1821 1005 1870 altarium
1042 1822 1176 1871 vsum
1214 1822 1513 1872 benedicere
1554 1841 1613 1872 ac
1652 1823 1811 1872 eciam
1849 1822 2078 1871 ecclesias
2120 1828 2170 1870 et
2212 1821 2428 1886 capellas
2471 1838 2529 1871 ac

471 1915 724 1964 cimeteria
740 1915 1019 1964 huiusmodi
1039 1915 1274 1980 quociens
1296 1915 1386 1965 illa
1408 1916 1546 1981 polui
1574 1916 1833 1981 continget
1856 1915 2186 1964 reconciliare
2208 1914 2417 1963 ualeatis
2438 1913 2528 1963 tibi

467 2008 538 2055 fili
563 2008 711 2056 abbas
737 2015 786 2057 et
832 2047 842 2058 .
886 2048 895 2057 .
939 2048 949 2057 .
997 2007 1345 2058 successoribus
1375 2009 1473 2057 tuis
1499 2008 1776 2058 concedere
1825 2047 1834 2057 .
1883 2047 1893 2057 .
1943 2047 1952 2057 .
2002 2008 2326 2072 dignaremur
2367 2034 2378 2045 ·
2420 2006 2528 2055 Nos

468 2100 620 2163 igitur
655 2109 709 2149 ut
747 2101 908 2149 eidem
943 2101 1241 2150 monasterio
1280 2101 1445 2150 uestro
1484 2100 1751 2150 decencius
1786 2099 1839 2148 in
1877 2099 2060 2149 divinis
2097 2099 2333 2148 continue
2366 2098 2529 2149 valeat

468 2193 704 2241 deseruiri
725 2201 773 2242 et
791 2211 854 2242 ne
871 2193 1029 2259 ipsum
1048 2200 1098 2243 et
1115 2194 1304 2259 capelle
1324 2211 1382 2243 ac
1401 2194 1605 2243 ecclefie
1622 2193 1815 2258 prefate
1842 2193 2034 2242 diutine
2053 2192 2352 2257 quandoque
2370 2208 2527 2240 rema·

470 2293 619 2334 neant
642 2285 833 2349 polluta
855 2286 1171 2335 intendentes
1193 2287 1463 2351 prouidere
1498 2285 1779 2335 huiusmodi
1812 2284 2263 2350 supplicacionibus
2300 2283 2528 2334 inclinati

470 2386 523 2426 ut
545 2384 600 2426 tu
621 2377 691 2425 fili
716 2379 865 2427 abbas
891 2385 940 2428 et
963 2378 1256 2429 successores
1303 2419 1313 2429 .
1363 2419 1372 2429 .
1421 2419 1430 2428 .
1479 2380 1720 2446 religiosis
1745 2387 1796 2429 et
1821 2379 2016 2429 clericis
2040 2378 2364 2428 seruitoribus
2406 2418 2415 2427 .
2461 2417 2471 2427 .
2513 2415 2522 2424 .

470 2469 754 2518 monasterii
789 2471 854 2519 ad
888 2471 1112 2520 diuinum
1146 2471 1408 2520 seruicium
1446 2472 1500 2521 in
1537 2491 1595 2522 eo
1634 2473 1883 2538 deputatis
1921 2489 2014 2538 pro
2052 2479 2276 2537 tempore
2308 2471 2361 2519 in
2395 2477 2527 2520 etate

471 2560 712 2623 legittima
736 2561 1053 2611 existentibus
1078 2564 1382 2628 temporibus
1402 2565 1547 2630 super
1567 2566 1664 2615 hoc
1689 2584 1720 2614 a
1741 2565 1850 2615 iure
1876 2564 2070 2615 statutis
2088 2564 2307 2612 minores
2328 2563 2526 2612 ordines

471 2653 566 2701 rite
588 2654 814 2702 conferre
837 2672 1034 2704 necnon
1056 2673 1226 2720 mapas
1252 2664 1301 2705 et
1322 2658 1529 2707 tobalias
1554 2659 1785 2708 altarium
1810 2675 1869 2708 ac
1890 2657 2186 2707 uestimenta
2203 2656 2528 2706 sacerdotalia

474 2754 522 2793 et
559 2745 656 2793 alia
694 2747 756 2794 ad
794 2748 929 2795 vsum
968 2748 1281 2797 ecclesiarum
1322 2751 1625 2814 capellarum
1663 2760 1713 2802 et
1748 2753 1981 2802 altarium
2009 2751 2347 2817 predi&orum
2378 2752 2525 2799 bene-

474 2837 639 2885 dicere
664 2845 713 2886 et
736 2838 933 2903 insuper
958 2841 1149 2888 easdem
1174 2841 1402 2890 ecclesias
1422 2845 1636 2908 capellas
1662 2853 1712 2894 et
1737 2845 1996 2895 cimeteria
2011 2844 2213 2909 quocies
2230 2843 2284 2892 in
2303 2843 2523 2892 futurum

472 2929 634 2978 forsan
657 2930 745 2978 illa
766 2948 856 2995 per
881 2933 1160 2981 effufionem
1181 2933 1432 2999 sanguinis
1458 2936 1537 2985 vel
1571 2938 1769 2986 seminis
1805 2937 2109 2987 emiffionem
2133 2943 2220 2986 aut
2244 2953 2523 2985 excommu-

473 3022 749 3071 nicatorum
774 3023 1173 3073 inhumacionem
1199 3026 1464 3091 contigerit
1495 3028 1670 3077 violari
1704 3029 2033 3079 reconciliare
2070 3028 2361 3094 corporibus
2403 3065 2415 3076 .
2457 3065 2468 3077 .
2512 3064 2523 3075 .

472 3115 1007 3164 excommunicatorum
1044 3117 1076 3165 fi
1113 3119 1174 3166 ab
1207 3118 1315 3166 aliis
1345 3120 1635 3183 corporibus
1660 3120 1872 3170 discerni
1896 3122 2097 3171 valeant
2119 3120 2350 3186 primitus
2375 3119 2525 3169 exhu-

470 3208 614 3256 matis
637 3216 684 3257 et
708 3209 882 3273 procul
908 3210 969 3258 ab
994 3210 1320 3259 ecclesiastica
1343 3211 1592 3275 sepultura
1608 3211 1801 3261 ia&atis
1821 3221 1870 3262 et
1889 3231 2019 3278 aqua
2041 3213 2180 3278 prius
2198 3230 2289 3278 per
2307 3212 2522 3276 aliquem
