2762 3834
576 382 669 430 126
1017 381 1439 432 REGISTRUM
1474 379 1571 428 DE
1608 375 2171 427 ABERBROTHOC.

574 517 696 564 duos
721 515 838 564 anni
864 516 1099 564 terminos
1125 514 1311 563 vsuales
1346 550 1355 560 .
1391 552 1399 560 .
1437 553 1445 561 .
1482 529 1594 560 cum
1619 511 1846 560 omnibus
1868 511 1978 559 aliis
2004 511 2236 559 oneribus
2260 511 2625 561 husbandorum

577 648 584 655 .
625 647 633 655 .
675 648 683 655 .
724 609 961 657 Preterea
984 608 1152 656 licebit
1178 607 1318 655 nobis
1348 613 1397 654 et
1420 605 1613 670 prefato
1650 603 1841 652 custodi
1879 641 1889 651 .
1931 641 1941 651 .
1983 636 1993 652 -.
2032 603 2278 666 predictas
2314 612 2471 654 terras
2511 643 2521 653 .
2561 644 2571 653 .
2614 644 2624 653 .

578 716 752 764 capere
790 701 841 747 in
880 700 1102 748 manibus
1139 698 1318 746 nostris
1357 735 1367 745 .
1407 735 1417 745 .
1460 734 1470 744 .
1507 696 1820 761 prouidendo
1860 704 2027 745 tamen
2065 698 2290 761 predicto
2317 699 2523 747 Andree
2563 701 2624 748 de

578 793 659 841 tali
687 801 735 840 et
760 800 897 840 tanta
922 792 1227 840 ass'edacione
1254 792 1466 839 durante
1491 790 1706 839 termino
1738 789 2016 853 supradicto
2056 828 2066 838 .
2108 827 2118 837 .
2159 827 2170 838 .
2210 790 2363 854 Apud
2386 792 2626 840 monaste-

575 886 700 932 rium
726 884 942 931 nostrum
981 920 990 930 .
1033 921 1042 930 .
1085 921 1094 930 .
1130 883 1322 931 decimo
1349 882 1429 931 die
1456 882 1630 931 menfis
1657 883 1960 931 Nouembris
1986 900 2117 931 anno
2143 882 2348 932 Domini
2374 884 2628 933 millesimo

576 973 1054 1039 quadringentesimo
1079 974 1373 1039 sexagefimo
1398 975 1626 1023 secundo,

579 1227 861 1295 txfl'edacio
887 1253 1130 1291 terra-rum
1157 1243 1217 1290 de
1244 1242 1487 1307 Ardlogy.

436 1436 526 1477 144
580 1405 857 1477 Uniuerfis
898 1463 906 1472 .
949 1463 958 1472 .
1000 1463 1009 1472 .
1051 1425 1326 1473 Malcomus
1366 1462 1375 1471 .
1417 1461 1427 1471 .
1463 1462 1472 1471 .
1511 1425 1662 1474 abbas
1694 1464 1704 1474 .
1742 1464 1791 1474 ..
1825 1428 1886 1475 de
1912 1427 2250 1476 Abirbrothoc
2287 1467 2296 1476 .
2336 1467 2346 1476 .
2384 1467 2394 1476 .
2430 1429 2633 1478 salutem

640 1558 649 1566 .
706 1557 715 1566 .
758 1518 935 1569 Sciatis
971 1536 1059 1567 nos
1110 1556 1121 1567 .
1173 1557 1182 1566 .
1232 1556 1241 1565 .
1283 1517 1509 1566 affedass'e
1549 1556 1558 1566 .
1600 1556 1610 1566 .
1651 1557 1662 1567 .
1700 1518 1924 1568 Johanni
1963 1519 2136 1584 Trovp
2173 1528 2221 1569 et
2245 1520 2427 1569 Jonete
2467 1522 2634 1585 sponse

583 1613 662 1658 sue
687 1628 778 1675 pro
802 1618 907 1660 toto
932 1618 1155 1674 tempore
1182 1611 1280 1660 vite
1311 1611 1582 1658 eorundem
1621 1649 1631 1658 .
1672 1650 1682 1660 .
1723 1651 1734 1661 .
1770 1622 1927 1662 terras
1964 1613 2156 1662 nostras
2181 1615 2243 1663 de
2268 1614 2481 1679 Ardlogi
2519 1652 2529 1662 .
2571 1652 2581 1662 .
2624 1653 2633 1661 .

584 1704 792 1751 termino
819 1721 935 1752 vero
971 1704 1202 1753 introitus
1241 1742 1250 1752 .
1293 1742 1301 1751 .
1348 1741 1357 1751 .
1393 1704 1665 1768 incipiente
1701 1706 1752 1754 in
1788 1706 1911 1754 festo
1937 1706 2288 1756 Penthecostes
2327 1708 2494 1755 datam
2527 1723 2635 1770 pre-

585 1798 799 1846 sencium
836 1799 1118 1847 immediate
1155 1799 1384 1863 sequente
1425 1837 1434 1846 .
1482 1837 1491 1847 .
1538 1838 1548 1847 .
1591 1798 1842 1849 Soluendo
1878 1837 1888 1847 .
1929 1837 1939 1846 .
1980 1837 1990 1847 .
2031 1798 2218 1847 custodi
2257 1800 2429 1848 domus
2474 1799 2637 1847 nostre

587 1892 646 1938 de
671 1890 808 1955 Fyve
835 1899 884 1939 et
909 1892 1160 1940 monachis
1186 1931 1195 1939 .
1225 1930 1234 1939 .
1266 1930 1275 1939 .
1310 1894 1393 1940 sex
1430 1893 1582 1941 libras
1608 1891 1785 1940 vsualis
1822 1899 2019 1939 monete
2055 1891 2198 1956 regni
2230 1891 2401 1940 Scocie
2428 1892 2492 1940 ad
2516 1892 2639 1940 duos

589 1983 703 2030 anni
729 1985 963 2031 terminos
989 1984 1177 2033 vsuales
1216 2023 1225 2032 .
1267 2022 1276 2032 .
1319 2022 1328 2031 .
1368 2002 1478 2033 cum
1505 1986 1732 2034 omnibus
1758 1985 1867 2034 aliis
1893 1984 2127 2032 oneribus
2152 1984 2517 2033 husbandorum
2546 2021 2556 2030 .
2587 2021 2596 2030 .
2628 2022 2637 2030 .

589 2078 737 2140 Apud
778 2078 1126 2126 monasterium
1165 2078 1385 2127 nostrum
1427 2117 1436 2126 .
1489 2117 1499 2127 .
1553 2117 1562 2127 .
1601 2079 1794 2127 decimo
1835 2078 1915 2126 die
1955 2077 2130 2124 menfis
2171 2076 2472 2125 Nouembris
2511 2093 2641 2124 anno

590 2169 796 2216 Domini
821 2170 1074 2218 millefimo
1100 2172 1584 2235 quadringentesimo
1608 2171 1904 2236 sexagefimo
1930 2170 2161 2218 secundo.

596 2424 878 2494 Ass'edacio
905 2452 1147 2492 terrarum
1175 2445 1235 2492 de
1262 2443 1607 2509 Tulyquhyly.

456 2614 547 2656 145
599 2585 875 2656 Uniuerfis
900 2615 1066 2670 pateat
1103 2647 1110 2654 .
1151 2647 1159 2654 .
1200 2645 1209 2655 .
1246 2625 1335 2655 nos
1369 2608 1671 2657 Malcomum
1709 2647 1717 2655 .
1758 2647 1765 2655 .
1805 2647 1813 2655 .
1851 2608 2113 2656 abbatem.
2143 2647 2150 2655 .
2180 2647 2188 2655 .
2215 2608 2276 2656 de
2305 2607 2645 2655 Abirbrothoc

656 2739 663 2746 .
709 2738 716 2745 .
755 2696 978 2747 affedaffe
1017 2738 1024 2746 .
1070 2739 1077 2746 .
1122 2738 1130 2746 .
1170 2699 1346 2748 Finlao
1370 2700 1624 2748 Dauisoun
1649 2707 1698 2748 et
1723 2698 1938 2747 Mariote
1964 2698 2133 2763 sponse
2159 2699 2240 2746 sue
2278 2738 2286 2746 .
2328 2737 2336 2746 .
2378 2734 2388 2745 .
2426 2714 2516 2762 pro
2542 2705 2645 2745 toto

605 2791 702 2839 vite
727 2791 807 2838 sue
834 2798 1051 2854 tempore
1088 2830 1096 2838 .
1141 2830 1149 2839 .
1194 2831 1202 2839 .
1240 2800 1396 2840 terras
1430 2793 1619 2840 nostras
1645 2791 1760 2840 ville
1786 2791 1951 2840 nostre
1976 2791 2037 2840 de
2065 2791 2391 2856 Tulyquhyly
2414 2828 2424 2838 .
2452 2830 2460 2838 .
2490 2828 2500 2837 .
2528 2807 2647 2853 quas

607 2924 614 2931 .
644 2924 650 2930 .
680 2923 687 2930 .
710 2882 911 2930 Finlaus
938 2919 947 2929 .
979 2920 989 2929 .
1019 2919 1029 2928 .
1056 2890 1265 2946 occupat
1291 2900 1500 2931 vnacum
1525 2883 1691 2948 garbis
1716 2883 2068 2931 decimalibus.
2097 2923 2105 2931 .
2134 2922 2142 2931 .
2170 2882 2420 2932 Soluendo
2449 2919 2459 2929 .
2487 2921 2495 2929 .
2523 2922 2532 2930 .
2558 2900 2647 2946 pro

607 2976 746 3022 firma
760 2975 821 3022 ‘et
845 2972 1036 3021 decima
1066 3012 1075 3020 .
1119 3012 1125 3019 .
1174 3011 1183 3021 .
1227 2973 1442 3036 quinque
1466 2973 1618 3022 libras
1643 2975 1821 3023 vsualis
1844 2983 2041 3023 monete
2073 2975 2217 3041 regni
2242 2973 2414 3023 Scocie
2440 2974 2503 3022 ad
2528 2975 2648 3021 duos

610 3065 725 3113 anni
742 3064 976 3112 terminos
987 3063 1175 3111 vsuales
1196 3102 1204 3110 .
1223 3102 1231 3111 .
1251 3101 1260 3110 .
1281 3080 1391 3111 cum
1408 3073 1632 3127 rynmart
1652 3072 1701 3112 et
1720 3066 1917 3114 wedder
1932 3074 1981 3115 et
1998 3066 2107 3114 aliis
2126 3066 2359 3114 oneribus
2376 3065 2647 3113 husbando-

610 3174 718 3205 rum
758 3195 766 3203 .
811 3195 818 3202 .
864 3193 872 3203 .
912 3154 976 3202 Et
1001 3154 1032 3201 fi
1060 3154 1315 3218 contingat
1357 3192 1365 3202 .
1411 3192 1420 3201 .
1466 3194 1474 3202 .
1512 3154 1742 3204 Finlaum
1767 3158 1828 3204 ab
1852 3157 1945 3206 hac
1970 3158 2080 3207 luce
2105 3158 2321 3223 migrare
2364 3196 2373 3205 .
2417 3196 2425 3206 .
2471 3196 2480 3205 .
2535 3166 2648 3205 ante
