2742 3848
611 402 708 446 448
1059 395 1487 448 REGISTRUM
1521 395 1619 446 DE
1654 393 2220 447 ABERBROTHOC.

463 620 560 669 600
612 599 767 674 Idem
803 621 986 671 affedat
1020 637 1112 685 pro
1148 621 1321 669 decem
1358 627 1409 668 et
1442 635 1625 667 nouem
1662 619 1806 668 annis
1831 619 2032 669 domino
2058 620 2228 670 Dauid
2255 621 2373 672 Scot
2397 624 2585 674 vicario
2611 627 2672 674 de

614 715 833 764 Tarlane
858 742 869 753 ·
898 712 1123 761 Henrico
1152 710 1269 761 Scot
1294 738 1304 749 ·
1330 719 1379 760 et
1404 710 1613 760 A'ndree
1641 710 1761 762 Scot
1791 711 1894 760 filio
1919 713 2171 777 quondam
2197 713 2498 765 Allexandri
2523 716 2641 766 Scot
2669 748 2678 756 ·

612 814 660 855 et
684 806 779 854 suis
805 804 1053 870 aflignatis
1079 820 1137 851 ac
1160 803 1534 851 subtenentibus
1555 820 1656 852 non
1682 804 1884 853 maioris
1919 805 2074 854 status
2117 835 2128 846 ·
2170 813 2331 856 terras
2367 808 2430 856 de
2467 807 2679 873 Spettel-

609 898 743 963 feyld
769 914 880 945 cum
905 895 1110 944 decimis
1133 895 1419 960 garbalibus
1444 923 1454 933 =
1480 894 1759 946 Reddendo
1783 897 1927 947 nobis
1952 906 2038 948 aut
2063 899 2306 948 monacho
2333 900 2672 950 elemofinarie

608 991 824 1055 quinque
860 1006 1053 1038 marcas
1088 996 1287 1038 monete
1319 988 1492 1038 Scocie
1518 1006 1733 1038 vnacum
1767 990 1909 1039 sectis
1945 991 2010 1040 ad
2046 991 2212 1040 curias
2249 993 2441 1042 abbatis
2478 1003 2527 1043 et
2564 994 2674 1043 aliis

604 1082 971 1132 husbandorum
994 1082 1227 1131 oneribus
1253 1109 1264 1119 ·
1293 1086 1355 1131 15
1380 1082 1415 1131 J
1419 1082 1523 1131 unii
1550 1086 1698 1131 1525.

453 1370 543 1418 601
607 1344 757 1418 Idem
815 1366 998 1416 affedat
1055 1384 1147 1431 pro
1207 1365 1538 1414 nouendecim
1588 1363 1732 1413 annis
1784 1363 2017 1413 Gilberto
2065 1364 2238 1432 Keyth
2285 1368 2347 1416 de
2398 1368 2587 1434 Troup,
2628 1380 2677 1420 et

609 1460 908 1510 Helizabeth
950 1458 1141 1508 Forbas
1179 1457 1351 1523 sponse
1387 1458 1470 1506 sue
1512 1483 1523 1495 ·
1562 1456 1791 1506 Gilberto
1830 1455 2057 1506 Menzeis
2100 1487 2111 1498 ·
2152 1458 2394 1511 Mariorie
2435 1460 2676 1529 Chalmyr

606 1552 774 1618 sponse
818 1552 900 1600 sue
940 1580 950 1590 ·
991 1558 1041 1600 et
1082 1566 1253 1598 eorum
1294 1548 1668 1598 coadiutoribus
1709 1558 1759 1599 et
1796 1549 2048 1617 affignatis
2086 1569 2188 1601 non
2228 1554 2430 1603 maioris
2473 1554 2626 1604 status
2664 1586 2673 1594 ·

607 1646 825 1695 decimas
849 1644 1077 1709 garbales
1114 1641 1433 1692 ecclefiarum
1458 1642 1521 1690 de
1546 1641 1778 1709 Lungley
1804 1650 1854 1692 et
1888 1642 2212 1711 Fettirangus
2246 1646 2380 1695 infra
2418 1647 2675 1697 vicecomi-

606 1748 762 1789 tatum
801 1739 863 1786 de
900 1736 1129 1786 Abirden
1170 1752 1261 1800 pro
1301 1734 1487 1784 summa
1525 1736 1855 1784 ducentarum
1894 1753 2175 1786 marcarum
2213 1746 2412 1788 monete
2450 1738 2623 1790 Scocie
2663 1774 2672 1782 -

607 1832 857 1882 Soluendo
882 1828 1246 1895 quinquaginta
1269 1828 1422 1877 libras
1448 1827 1666 1878 eiusdem
1691 1837 1889 1879 monete
1913 1857 1924 1867 ·
1952 1829 2015 1879 16
2039 1829 2075 1879 J
2078 1830 2184 1879 unii
2212 1835 2358 1881 1525.

458 2098 554 2147 602
607 2081 762 2154 Idem
799 2104 980 2154 ass'edat
1016 2122 1108 2170 pro
1146 2106 1476 2154 nouendecim
1519 2105 1663 2153 annis
1704 2122 1796 2170 pro
1836 2112 1974 2154 certa
2011 2105 2199 2153 summa
2234 2104 2477 2169 peccunie
2502 2104 2669 2153 Allex-

606 2199 762 2247 andro
787 2197 979 2247 Burnet
1003 2198 1203 2247 domino
1228 2200 1289 2247 de
1314 2198 1445 2264 Leys
1466 2198 1652 2247 iuniori
1678 2226 1688 2236 ·
1715 2197 1936 2247 Roberto
1958 2196 2152 2246 Burnet
2175 2223 2186 2235 ·
2211 2195 2415 2262 Symoni
2443 2197 2635 2246 Burnet
2657 2229 2667 2237 ·

604 2291 719 2340 filiis
743 2291 860 2340 dieti
884 2291 1178 2340 Allexandri
1216 2320 1227 2331 ·
1266 2301 1315 2341 et
1341 2308 1511 2361 eorum
1550 2289 1801 2356 affignatis
1838 2289 2295 2339 etsubtenentibus
2331 2307 2432 2338 non
2467 2291 2669 2339 maioris

605 2384 757 2433 status
795 2412 805 2423 ·
847 2392 1006 2433 terras
1042 2384 1158 2432 ville
1196 2385 1257 2433 de
1292 2383 1609 2433 Innereanne
1632 2400 1744 2432 eum
1769 2383 2058 2432 molendino
2095 2390 2145 2432 et
2180 2382 2436 2431 dimidiam
2474 2392 2666 2447 partem

607 2477 722 2526 ville
747 2478 807 2525 de
833 2477 1139 2542 Banquhory
1165 2494 1274 2526 cum
1302 2476 1465 2525 cimba
1489 2476 1705 2525 eiusdem
1730 2478 1952 2526 iacentes
1970 2475 2023 2524 in
2042 2475 2305 2541 regalitate
2325 2476 2387 2524 de
2407 2476 2667 2541 Arbroyth

605 2569 737 2617 infra
757 2569 1153 2618 vicecomitatum
1179 2570 1240 2618 de
1266 2568 1611 2635 Kyneardyne
1635 2596 1647 2607 ·
1674 2568 1927 2620 Soluendo
1951 2585 2044 2633 pro
2064 2566 2381 2616 Innercanne
2408 2576 2457 2616 et
2482 2568 2667 2617 molen-

608 2661 725 2710 dino
751 2669 852 2710 tres
875 2661 1028 2709 libras
1053 2661 1133 2710 sex
1156 2661 1336 2709 solidos
1361 2669 1410 2709 et
1435 2663 1544 2710 οὸὶο
1569 2661 1801 2710 denarios
1825 2687 1836 2699 ·
1861 2667 1911 2709 et
1934 2676 2027 2724 pro
2049 2658 2257 2708 dimidia
2291 2667 2435 2724 parte
2461 2659 2577 2708 ville
2603 2661 2665 2709 de

609 2753 913 2817 Banquhory
955 2770 1065 2801 cum
1111 2753 1274 2801 cimba
1320 2753 1561 2801 tredecim
1602 2752 1783 2801 solidos
1831 2759 1881 2801 et
1929 2759 2143 2816 quatuor
2189 2751 2420 2800 denarios
2466 2760 2664 2801 monete

612 2845 784 2895 Scocie
810 2875 820 2884 ·
847 2862 956 2893 cum
981 2854 1208 2909 rynmart
1232 2852 1281 2893 et
1305 2845 1505 2893 wedder
1530 2852 1579 2894 et
1603 2843 1712 2893 aliis
1735 2842 2102 2892 husbandorum
2129 2842 2362 2892 oneribus
2391 2871 2401 2881 ·
2438 2843 2498 2897 17
2521 2842 2557 2892 J
2559 2845 2663 2892 unii

612 2943 635 2987 1
644 2941 753 2988 525.
