2762 3834
646 354 1076 407 REGISTRUM
1109 353 1207 403 DE
1243 344 1805 402 ABERBROTHOC.
2195 343 2256 402 57

196 492 320 539 duos
345 491 728 540 anniterminos
766 529 776 539 .
818 529 828 538 .
871 529 880 538 .
912 489 1165 538 Faciendo
1191 487 1348 537 eciam
1386 526 1396 536 .
1437 525 1447 535 .
1487 496 1498 535 ’.
1535 476 1757 535 debitum
1773 470 2044 534 sseiu‘i'c‘ium
2070 490 2120 532 et
2144 493 2259 531 con-

195 584 385 632 suetum
421 611 432 622 ·
463 591 512 632 et
546 584 679 647 quod
713 583 870 631 dictus
908 582 1166 632 Gilbertus
1199 588 1249 630 et
1279 580 1489 629 heredes
1521 579 1593 627 sui
1631 568 1970 628 tenementum
2006 561 2106 623 non
2143 573 2260 623 alie-

198 677 387 725 nabunt
431 714 440 724 .
485 713 496 724 .
541 713 551 723 .
590 674 690 723 fine
727 674 895 723 nostra
928 673 1141 722 licencia
1176 673 1376 738 speciali
1523 711 1533 722 .
1575 672 1637 720 In
1662 671 1802 720 cuius
1825 670 1900 718 rei
1925 667 2260 718 testimonium

195 769 312 817 huic
349 777 485 817 carte
518 805 529 816 .
568 806 577 815 .
618 805 627 815 .
662 767 873 832 sigillum
906 804 916 814 .
953 805 962 814 .
997 803 1008 814 .
1042 765 1248 830 capituli
1287 802 1298 813 .
1340 804 1350 813 .
1392 803 1402 813 .
1441 764 1512 813 est
1553 764 1818 828 appensum
1852 762 1985 828 apud
2017 760 2259 810 Abirbro-

196 860 312 908 thoc
344 859 620 924 penultima
655 859 735 907 die
767 858 944 907 menfis
982 857 1166 907 Marcii
1199 876 1329 907 anno
1355 857 1563 906 Domini
1588 856 1845 905 millesimo
1871 860 2006 904 cccc⁰
2030 853 2257 902 vicesimo

195 954 415 1017 leptimo.

194 1213 388 1285 Litera
409 1232 746 1298 inquificionis
771 1239 903 1281 terre
928 1230 1093 1280 nostre
1116 1231 1177 1280 de
1203 1231 1531 1298 Edynburgh.
1611 1252 1614 1254 ·

193 1394 474 1479 Inquificio
515 1413 647 1461 facta
689 1413 822 1476 apud
866 1411 1160 1476 Edinburgh
1204 1429 1370 1461 coram
1420 1393 1666 1477 preposito
1708 1420 1756 1461 et
1801 1412 2000 1461 balliuis
2041 1392 2256 1462 eiusdem

192 1507 366 1572 quinto
406 1505 490 1554 die
536 1503 714 1553 menfis
759 1503 991 1553 Octobris
1039 1521 1169 1553 anno
1217 1503 1426 1553 Domini
1475 1503 1731 1553 millesimo
1773 1490 2256 1571 quadringentefimo

191 1598 421 1648 vicesimo
460 1601 635 1647 octauo
676 1614 768 1662 per
804 1597 895 1645 hos
938 1597 1234 1662 subscriptos
1272 1589 1553 1645 videlicet·
1590 1587 1865 1646 Robertu'm
1904 1598 1966 1646 de
2009 1598 2209 1664 Hawyk
2244 1626 2254 1637 ·

191 1692 449 1740 Andream
484 1690 756 1740 de'Carnis
793 1718 803 1729 ·
840 1689 1127 1738 Johannem
1163 1688 1390 1739 Currour
1423 1687 1437 1729 '·
1474 1689 1722 1738 Jacobum
1758 1684 1899 1739 Rede
1924 1675 1946 1728 ‚.
1985 1669 2263 1740 Patricium*

191 1783 393 1833 Baroun
419 1810 429 1820 ·
452 1783 488 1832 J
491 1782 738 1831 ohannem
759 1781 920 1830 Hervi
947 1809 956 1820 ·
987 1781 1234 1830 Thomam
1252 1781 1402 1830 Farle
1429 1813 1439 1823 -
1465 1781 1713 1831 Thomam
1737 1768 1913 1849 Sniyth
1939 1812 1949 1823 ·
1977 1783 2257 1832 VValterum

191 1876 375 1941 Young
415 1902 426 1912 ·
468 1875 744 1923 Robertum
785 1874 926 1933 Gray
965 1873 1571 1923 ···Johannem“V1'1thank
1609 1902 1619 1912 ·
1658 1874 1915 1924 Andream
1949 1875 2211 1924 Tabernar
2249 1904 2257 1914 ·

191 1968 435 2016 Thomam
462 1968 522 2016 de
549 1967 763 2032 Benyng
799 1995 810 2006 ·
843 1966 1129 2015 Johannem
1156 1966 1363 2016 Andree
1396 1996 1407 2006 ·
1444 1974 1493 2016 et
1533 1966 1813 2017 Henricum
1837 1968 2072 2017 Demstar
2106 1999 2117 2009 -
2156 1969 2257 2028 Qui

188 2061 340 2110 iurati
366 2056 541 2109 dicunt
566 2061 700 2124 quod
725 2060 786 2108 de
811 2066 1097 2108 tenemento
1123 2058 1159 2107 J
1161 2058 1371 2108 ohannis
1396 2059 1634 2109 Vernour
1667 2099 1677 2109 .
1715 2099 1726 2110 .
1763 2099 1773 2110 .
1806 2061 1996 2125 jacenti
2019 2061 2072 2110 in
2095 2063 2254 2127 burgo

189 2154 250 2202 de
275 2153 573 2218 Edinburgh
598 2170 658 2201 ex
682 2159 825 2217 parte
850 2150 1052 2200 australi
1081 2150 1176 2200 vici
1200 2153 1329 2218 regii
1366 2191 1375 2202 .
1415 2191 1425 2201 .
1463 2191 1473 2202 .
1506 2153 1639 2202 inter
1658 2159 1995 2203 tenementum
2012 2153 2255 2203 Willelmi

193 2245 391 2296 Curour
415 2262 475 2293 ex
500 2252 642 2310 parte
667 2244 900 2293 orientali
925 2251 975 2292 et
1007 2251 1192 2293 terram
1211 2244 1251 2293 'J
1257 2245 1467 2294 ohannis
1500 2245 1678 2293 Butlar
1703 2263 1764 2294 ex
1788 2254 1930 2310 parte
1957 2246 2254 2296 occidentali

190 2339 464 2387 debebatur
487 2336 803 2402 hostilagium
842 2375 853 2385 .
898 2375 908 2384 .
953 2374 964 2385 .
1004 2337 1182 2386 abbati
1212 2376 1221 2386 .
1266 2376 1275 2386 .
1322 2375 1332 2385 .
1370 2338 1431 2386 de
1457 2337 1798 2386 Abirbrothoc
1833 2365 1844 2376 ·
1879 2337 2072 2405 Dicunt
2097 2339 2253 2389 eciam

191 2433 325 2495 quod
355 2432 416 2479 de
442 2431 655 2495 quodam
696 2431 853 2478 crofto
888 2441 1083 2478 annexo
1108 2430 1239 2478 (11ἃο
1275 2425 1561 2478 tenemento
1595 2420 1978 2495 jacentiprope
2010 2432 2250 2496 capellam

192 2523 348 2572 Beate
383 2523 550 2572 Marie·
571 2522 801 2588 Virginis
838 2522 892 2570 in
920 2522 1115 2587 Campo
1146 2522 1280 2570 inter
1305 2522 1472 2570 acram
1510 2528 1643 2570 terre
1680 2522 1855 2570 domus
1892 2522 1953 2570 de
1995 2521 2157 2573 Soltre
2194 2541 2254 2572 ex

191 2614 658 2678 partezoccidenta‘li
684 2622 733 2663 et
758 2621 944 2663 terram
969 2614 1068 2663 fiue
1093 2619 1260 2663 'acram
1296 2595 1435 2662 Beati
1472 2604 1723 2686 Leonardi
1761 2631 1820 2662 ex
1857 2622 1998 2679 parte
2023 2615 2253 2666 orientali

195 2706 503 2755 debebantur
527 2707 625 2754 duo
650 2706 792 2755 solidi
817 2707 970 2755 annui
1005 2706 1229 2756 redditus
1268 2735 1278 2746 ·
1318 2704 1563 2756 Nesciunt
1588 2694 1826 2771 quantum
1852 2707 2034 2756 dfflum
2059 2707 2254 2756 hostila-

195 2799 331 2863 gium
352 2798 485 2846 valet
502 2815 640 2847 nunc
663 2817 754 2863 per
779 2801 999 2848 annum'·
1025 2801 1107 2848 sed
1131 2801 1305 2849 dicunt
1321 2799 1454 2863 quod
1479 2795 1636 2848 dictus
1666 2816 1860 2847 annuus
1883 2800 2107 2849 redditus
2124 2801 2253 2850 valet

197 2907 286 2954 per
318 2906 504 2937 annum
535 2881 574 2938 ii
603 2890 782 2939 solidos
819 2899 868 2940 et
904 2888 1095 2940 tantum
1133 2883 1356 2956 tempore
1392 2891 1529 2956 pacis
1567 2919 1578 2930 ·
1620 2891 1686 2940 Et
1716 2893 2014 2962 tenebantur
2039 2894 2100 2941 de
2125 2893 2253 2941 dicto

198 2982 375 3030 abbate
415 2988 637 3044 tempore
674 2999 770 3045 quo
811 2982 1094 3047 poffedebat
1131 2985 1303 3032 eadem
1344 2984 1436 3048 per
1472 2984 1696 3048 predicta
1734 2984 1945 3033 seruicia
1983 3011 1995 3022 ·
2040 2984 2165 3035 Sunt
2202 2985 2251 3033 in

198 3074 424 3122 manibus
466 3072 712 3121 Johannis
754 3073 991 3123 Vei-nour
1032 3075 1245 3124 racione
1278 3073 1573 3140 conquestus
1616 3075 1686 3123 sui
1733 3076 2004 3125 tenementi
2052 3084 2100 3125 et
2141 3093 2254 3124 acre

202 3166 361 3215 eidem
402 3182 592 3213 annexe
633 3183 662 3213 a
701 3172 924 3230 tempore
950 3167 1246 3231 conquestus
1278 3167 1350 3216 sui
1389 3169 1659 3216 eorundem
1703 3196 1714 3207 ·
1757 3167 1818 3216 In
1845 3168 1982 3216 cuius
2013 3168 2087 3216 rei
2123 3167 2253 3216 testi-

1207 3273 1243 3306 H
