2762 3834
36 1985 107 2029 338

606 367 1034 419 REGISTRUM
1069 368 1166 416 DE
1202 368 1759 419 ABERBROTHOC.
2105 379 2199 429 207

160 502 517 568 quinquaginta
538 510 637 550 tres
663 501 841 549 solidos
867 509 916 550 et
941 508 1153 565 quatuor
1178 502 1408 549 denarios
1434 502 1610 550 vsualis
1645 510 1841 551 monete
1866 504 2007 568 regni
2033 504 2201 554 Scocie

159 596 221 643 ad
256 596 378 643 duos
403 593 521 642 anni
545 593 789 659 terminos·
809 592 999 641 vsuales
1026 629 1036 636 .
1067 630 1077 641 .
1107 629 1118 640 .
1145 592 1211 640 Et
1247 593 1364 656 quia
1391 630 1401 640 .
1431 630 1441 641 .
1471 633 1480 641 .
1507 592 1790 642 Johannem
1820 602 1868 643 et
1899 594 2202 644 Willelmum

159 703 268 735 cum
289 686 527 735 fratribus
542 685 719 733 nostris
737 686 800 733 ad
817 685 1139 748 equitandum
1155 692 1204 733 et
1218 684 1543 733 laborandum
1561 686 1780 750 expensis
1799 686 1978 735 nostris
1997 704 2203 738 onerare

159 778 458 826 intendimus
483 778 609 842 ipsos
633 777 787 842 igitur
822 817 830 825 .
869 817 877 825 .
917 816 925 824 .
964 783 1013 824 et
1038 775 1377 842 Margaretam
1416 814 1428 825 .
1467 814 1478 825 .
1514 815 1524 825 .
1562 777 1761 842 suosque
1794 779 2104 828 subtenentes
2143 782 2202 828 de

160 870 385 918 omnibus
409 869 778 918 husbandorum
804 868 1036 916 oneribus
1062 875 1111 916 et
1146 868 1255 915 aliis
1291 869 1627 918 exaffionibus
1651 908 1661 918 .
1690 908 1701 918 .
1731 908 1741 918 .
1769 888 2090 920 exoneramus
2114 909 2125 920 .
2154 911 2164 920 .
2195 911 2203 921 .

159 963 404 1012 Volumus
446 969 609 1010 autem
650 969 748 1010 et
785 998 796 1008 .
831 998 841 1008 .
876 960 1194 1009 concedimus
1226 1000 1234 1008 .
1275 999 1285 1008 .
1326 998 1337 1008 .
1375 962 1716 1010 au&oritatem
1744 963 1884 1011 dictis
1921 1002 1931 1011 .
1972 1001 1981 1011 .
2018 1000 2030 1011 .
2061 965 2202 1013 coad-

158 1057 345 1104 iutores
370 1055 453 1103 seu
473 1053 751 1102 husbandos
776 1053 829 1100 in
870 1091 879 1100 .
922 1091 932 1102 .
977 1090 988 1101 .
1030 1052 1176 1100 terris
1217 1090 1228 1100 .
1271 1090 1281 1100 .
1325 1090 1335 1100 .
1377 1053 1437 1100 de
1472 1052 1733 1116 Bogfochil
1758 1063 1807 1103 et
1835 1055 2068 1104 Auchlek
2093 1073 2203 1104 cum

158 1147 529 1196 subtenentibus
573 1145 822 1195 retinendi
868 1145 1090 1210 ipsosque
1137 1144 1451 1194 subtenentes
1498 1145 1783 1209 imponendi
1830 1155 1879 1195 et
1925 1148 2203 1212 expellendi

159 1240 348 1288 tociens
373 1238 611 1302 quociens
630 1238 701 1286 eis
728 1275 739 1286 .
771 1277 781 1287 .
808 1277 818 1286 .
846 1237 1096 1286 videbitur
1116 1236 1350 1301 expedire
1378 1274 1388 1284 .
1415 1274 1424 1284 .
1457 1275 1466 1284 .
1489 1236 1714 1302 Sigillum
1730 1255 1986 1287 commune
2001 1240 2204 1304 capituli

158 1331 311 1379 nostri
330 1348 426 1379 vna
442 1348 552 1379 cum
568 1329 878 1378 manualibus
896 1328 1198 1394 singulorum
1219 1330 1525 1378 confratrum
1545 1330 1747 1394 capituli
1766 1331 2203 1395 subscripcionibus

161 1425 230 1472 est
254 1424 519 1489 appensum
544 1423 676 1487 apud
704 1460 714 1470 .
744 1460 754 1470 .
783 1462 791 1470 .
819 1421 1089 1486 capitulum
1114 1421 1249 1470 sexta
1270 1422 1350 1469 die
1375 1421 1552 1470 menfis
1572 1421 1831 1471 Februarii
1851 1440 1978 1471 anno
1999 1423 2203 1471 Domini
2291 1410 2314 1465 s

159 1515 413 1564 millesimo
439 1514 920 1579 quadringentesimo
947 1513 1272 1579 octuagesimo
1298 1514 1468 1563 tercio.
1492 1542 1495 1545 -

158 1770 442 1842 Affedacio
467 1798 599 1840 terre
625 1791 788 1839 nostre
811 1791 872 1838 de
901 1789 1202 1839 Carnfochil.

160 1953 439 2025 Uniuerfis
463 1982 631 2039 pateat
659 2011 669 2021 .
698 2011 708 2021 .
739 2011 749 2020 .
778 1990 867 2020 nos
892 1971 1183 2020 villelmum
1222 2009 1232 2019 .
1272 2010 1282 2020 .
1324 2009 1334 2019 .
1374 1972 1600 2020 abbatem
1641 2010 1650 2020 .
1691 2009 1701 2019 .
1742 2010 1751 2020 .
1785 1973 1844 2021 de
1871 1973 2203 2022 Abirbrothoc

162 2105 172 2115 .
201 2105 212 2115 .
241 2105 251 2115 .
281 2066 507 2115 affedafl'e
535 2105 545 2115 .
575 2104 586 2115 .
615 2104 625 2114 .
654 2066 908 2114 Willelmo
953 2065 1159 2113 Andree
1185 2094 1195 2103 ·
1221 2063 1493 2113 Elezabeth
1532 2065 1699 2129 sponse
1742 2065 1823 2114 sue
1864 2067 2098 2115 moderne
2123 2094 2132 2103 ·
2158 2077 2205 2114 et

158 2158 405 2208 Duncano
431 2160 638 2208 Andree
663 2159 764 2206 filio
790 2159 873 2207 suo
913 2196 922 2205 .
965 2195 974 2205 .
1015 2196 1026 2206 .
1065 2175 1154 2222 pro
1181 2165 1284 2206 toto
1311 2164 1532 2220 tempore
1569 2157 1667 2205 vite
1707 2195 1716 2204 .
1757 2195 1767 2205 .
1807 2195 1818 2206 .
1853 2166 1902 2206 et
1934 2158 2028 2206 suis
2064 2161 2204 2206 coad*

158 2252 399 2300 iutoribus
416 2252 681 2300 dummodo
721 2289 731 2299 .
773 2288 782 2298 .
823 2288 833 2297 .
868 2251 929 2299 de
950 2250 1184 2299 consensu
1210 2248 1376 2296 nostro
1410 2285 1420 2296 .
1455 2288 1466 2297 „
1500 2286 1510 2296 .
1542 2249 1864 2297 admittantur
1903 2286 1912 2296 .
1949 2287 1959 2296 .
2000 2287 2009 2296 .
2049 2258 2203 2298 terras

160 2343 346 2392 nostras
372 2345 432 2392 de
461 2343 752 2393 Carnfochil
779 2381 790 2391 .
821 2380 831 2390 .
860 2381 870 2391 .
901 2359 999 2391 vna
1024 2359 1136 2390 cum
1160 2342 1328 2406 garbis
1360 2341 1680 2390 decimalibus
1725 2378 1736 2389 .
1782 2379 1791 2388 .
1838 2378 1848 2387 .
1887 2359 1995 2390 cum
2021 2342 2203 2390 molen-

70 2496 74 2500 ὁ
160 2436 276 2484 dino
300 2438 360 2485 de
380 2435 709 2500 Pettrechyee
751 2473 762 2483 .
806 2473 815 2482 .
862 2472 873 2482 .
914 2434 1127 2482 termino
1154 2451 1271 2482 vero
1296 2434 1528 2483 introitus
1567 2472 1577 2482 .
1617 2471 1627 2481 .
1668 2472 1676 2481 .
1715 2433 1984 2498 incipiente
2004 2435 2055 2482 in
2084 2435 2202 2482 festo

159 2527 475 2576 Pentecostes
509 2529 674 2576 datam
710 2526 1019 2591 presencium
1055 2527 1340 2575 immediate
1377 2527 1608 2590 sequente
1648 2564 1658 2573 .
1697 2564 1707 2574 .
1745 2565 1754 2574 .
1800 2525 2049 2575 Soluendo
2092 2564 2101 2573 .
2139 2565 2148 2574 .
2192 2565 2200 2573 .

158 2636 248 2683 pro
272 2620 415 2668 firma
440 2629 489 2669 et
521 2620 714 2668 decima
758 2657 768 2666 .
816 2655 826 2665 .
873 2655 883 2665 .
922 2626 1168 2667 terrarum
1205 2622 1313 2667 0800
1349 2618 1501 2666 libras
1540 2618 1800 2666 tresdecim
1840 2618 2016 2666 solidos
2053 2626 2100 2666 et
2131 2618 2201 2665 iiii

161 2713 387 2761 denarios
414 2712 592 2760 vsualis
624 2720 821 2760 monete
859 2710 1033 2760 Scocie
1067 2711 1131 2758 ad
1161 2711 1283 2759 duos
1317 2711 1436 2759 anni
1475 2710 1710 2759 terminos
1737 2748 1748 2758 .
1779 2747 1788 2757 .
1818 2747 1828 2757 .
1855 2718 1904 2758 et
1938 2727 2029 2774 pro
2064 2711 2204 2757 firma

276 2844 286 2854 .
335 2805 606 2854 molendini
646 2813 858 2869 quatuor
896 2805 1046 2853 libras
1085 2805 1161 2862 adr
1187 2803 1424 2852 terminos
1462 2802 1758 2867 prescriptos
1793 2819 1890 2849 vna
1919 2819 2029 2849 cum
2054 2783 2202 2866 porco

160 2898 297 2962 pasto
324 2907 408 2946 aut
432 2899 511 2946 sex
535 2897 714 2945 solidos
732 2906 781 2946 et
803 2900 911 2945 ofito
934 2897 1164 2945 denarios
1185 2912 1295 2943 cum
1312 2894 1574 2943 duodecim
1595 2894 1862 2958 caponibus
1887 2923 1896 2932 ·
1924 2894 1989 2941 Et
2008 2895 2202 2957 quando

164 3026 175 3037 .
219 3027 228 3037 .
273 3029 282 3038 .
325 2989 592 3055 premoniti
623 2989 808 3038 fuerint
840 3027 851 3037 .
891 3025 901 3036 .
936 3026 944 3036 .
981 2988 1277 3036 laborabunt
1311 3025 1322 3035 .
1357 3024 1367 3034 .
1408 3023 1419 3034 .
1454 2986 1703 3034 nobiscum
1741 3026 1749 3034 .
1790 3026 1799 3034 .
1837 3025 1846 3034 .
1887 2986 2125 3049 capiendo
2159 2986 2202 3033 le

161 3081 358 3130 browch
384 3082 445 3129 de
468 3081 606 3130 curia
629 3089 777 3145 prout
806 3080 892 3129 alii
925 3119 934 3128 .
972 3118 981 3128 .
1020 3117 1029 3128 .
1068 3079 1272 3143 capiunt
1302 3117 1311 3126 .
1347 3115 1357 3125 .
1392 3116 1402 3126 .
1436 3077 1561 3131 ,Ideo
1585 3077 1794 3142 prediffi
1832 3114 1842 3124 .
1876 3114 1887 3125 .
1928 3114 1938 3124 .
1975 3093 2064 3141 pro
2100 3084 2200 3124 toto

165 3180 381 3236 tempore
424 3173 523 3221 vite
574 3211 583 3221 .
635 3211 644 3220 .
696 3210 705 3220 .
758 3173 817 3219 ab
860 3171 993 3219 omni
1036 3188 1186 3219 onere
1227 3170 1593 3218 husbandorum
1634 3168 1777 3218 liberi
1813 3175 1957 3217 erunt
1993 3207 2001 3216 .
2038 3206 2047 3215 .
2084 3207 2093 3216 .
2137 3168 2200 3215 Et
