2762 3834
13 1251 15 1253 ·
27 1186 122 1307 {235

621 369 1049 421 REGISTRUM
1083 370 1180 419 DE
1216 370 1776 424 ABERBROTHOC.
2121 388 2216 430 205

173 506 331 555 dimus
355 503 625 568 sumptibus
661 502 840 550 nostris
875 502 1002 566 ipsos
1033 502 1185 567 igitur
1210 511 1259 552 et
1284 505 1492 552 eandem
1515 504 1551 553 J
1554 515 1749 554 onetam
1775 508 1835 555 ab
1861 509 2084 558 omnibus
2107 512 2212 560 hus-

171 598 447 647 bandorum
487 595 719 645 oneribus
770 594 1050 643 relaxamus
1097 595 1244 643 saluis
1291 595 1523 644 oneribus
1569 597 1803 661 predictis
1851 606 1900 647 et
1941 600 2215 664 regalitatis

171 689 333 739 nostre
375 689 565 738 iuribus
603 725 613 736 .
654 726 664 735 .
703 724 715 736 .
749 687 905 752 Apud
943 724 955 735 .
995 724 1006 735 .
1048 724 1058 735 .
1098 686 1370 751 capitulum
1409 694 1586 750 quarta
1623 689 1702 737 die
1744 691 1918 739 menfis
1956 680 2215 741 Februarii

171 799 301 831 anno
325 780 533 829 Domini
556 797 606 827 m
631 795 748 828 cccc
772 779 886 827 lxxx
913 778 1084 827 tercio.

171 1034 410 1122 Forglen
436 1074 548 1106 cum
572 1055 909 1105 aduocacione
934 1053 1135 1103 ecclefie
1159 1054 1388 1102 eiusdem.

173 1214 436 1288 Omnibus
473 1272 484 1284 .
525 1273 535 1284 .
575 1273 585 1283 .
621 1234 904 1284 willelmus
942 1272 953 1282 .
994 1272 1004 1282 .
1046 1271 1057 1282 .
1094 1234 1246 1282 abbas
1284 1270 1294 1281 .
1333 1271 1344 1280 .
1382 1270 1392 1280 .
1427 1234 1488 1281 de
1510 1234 1815 1285 Abbirbroth
1850 1274 1860 1285 .
1896 1275 1906 1286 .
1944 1239 2212 1289 ‚salutem-

173 1328 429 1377 Noueritis
468 1344 559 1376 nos
600 1365 610 1376 .
655 1365 665 1376 .
710 1365 720 1376 .
759 1324 1032 1375 conceffiffe
1076 1363 1087 1373 .
1129 1363 1141 1374 .
1184 1362 1195 1373 .
1237 1325 1530 1374 Alexandro
1572 1326 1768 1393 Irwyne
1807 1329 1867 1376 de
1914 1330 2071 1379 Drum
2106 1370 2115 1379 .
2153 1371 2163 1381 .
2203 1370 2213 1380 .

173 1430 330 1471 terras
366 1420 557 1469 nostras
593 1421 654 1469 de
690 1419 938 1485 Forglene
975 1458 984 1467 .
1024 1458 1032 1467 .
1071 1458 1080 1467 .
1117 1418 1249 1467 infra
1284 1419 1683 1468 vicecomitatum
1725 1422 1785 1469 dc
1833 1421 1966 1471 Banf
2007 1441 2215 1473 vnacum

174 1514 508 1564 aduocacione
547 1551 558 1561 .
602 1550 612 1561 .
664 1550 675 1560 .
722 1510 923 1560 ecclefie
955 1511 1284 1576 parrochialis
1320 1511 1381 1560 de
1417 1510 1664 1577 Forglene
1707 1542 1717 1551 ·
1761 1515 2056 1578 quequidem
2096 1553 2107 1562 .
2149 1554 2160 1564 .
2204 1554 2214 1564 .

173 1606 374 1655 fuerunt
398 1605 648 1670 quondam
671 1604 818 1669 ipfius
836 1603 1114 1652 Alexandri
1128 1603 1430 1652 hereditarie
1448 1611 1636 1669 et'quas
1660 1605 1791 1653 idem
1832 1643 1843 1654 .
1885 1644 1896 1654 .
1938 1644 1948 1654 .
1978 1607 2030 1655 in
2046 1624 2217 1657 manus

174 1699 363 1747 nostras
402 1735 414 1745 .
461 1735 472 1745 .
515 1734 526 1744 .
569 1697 700 1761 apud
725 1695 1036 1744 Abbirbroth
1062 1712 1228 1744 coram
1248 1697 1452 1746 testibus
1470 1696 1747 1761 subscriptis
1781 1734 1793 1745 .
1830 1735 1840 1745 .
1878 1735 1888 1745 .
1925 1698 2221 1763 refignauit.

178 1790 442 1839 Tenendas
471 1828 482 1838 .
515 1827 526 1838 .
561 1827 571 1838 .
602 1789 654 1837 in
679 1789 824 1838 feodo
851 1796 900 1837 et
922 1788 1201 1838 hereditate
1225 1790 1590 1853 imperpetuum
1634 1826 1644 1836 .
1688 1827 1698 1836 .
1737 1826 1746 1837 .
1781 1789 1915 1838 salua
1938 1790 2078 1839 nobis
2115 1830 2123 1838 .
2161 1830 2170 1839 .
2209 1832 2217 1839 .

175 1883 434 1949 regalitate
462 1921 472 1931 .
503 1921 513 1931 .
543 1920 553 1931 .
581 1882 857 1931 Reddendo
883 1921 892 1931 .
921 1920 930 1929 .
957 1920 966 1930 .
993 1881 1250 1930 annuatim
1269 1880 1602 1945 quadraginta
1624 1880 1801 1929 solidos
1825 1880 2002 1930 vsualis
2026 1891 2219 1931 monete

179 1975 350 2026 Scocie
376 1976 439 2024 ad
463 1974 587 2024 festa
610 1974 928 2024 Pentecostes
954 1982 1003 2022 et
1031 1973 1197 2023 Sancti
1230 1973 1439 2022 Martini
1463 2013 1472 2022 .
1499 2013 1508 2022 .
1536 2013 1544 2021 .
1571 1981 1620 2022 et
1656 1974 1882 2022 faciendo
1913 1975 1964 2022 in
2002 1976 2221 2024 exercitu

223 2108 231 2117 .
268 2108 276 2116 .
314 2068 445 2133 regis
467 2067 731 2116 seruicium
757 2067 818 2114 de
856 2066 903 2116 le
947 2066 1305 2116 Brecbannach
1341 2105 1350 2115 .
1390 2105 1399 2114 .
1437 2105 1446 2114 .
1487 2073 1679 2115 tantum
1727 2105 1735 2114 .
1786 2105 1794 2114 .
1847 2103 1858 2114 .
1906 2066 2051 2115 saluis
2082 2068 2221 2115 nobis

224 2200 233 2209 .
272 2201 280 2209 .
318 2160 496 2209 wardis
521 2159 712 2208 reliuiis
735 2159 978 2224 homagiis
1003 2167 1052 2208 et
1087 2159 1197 2208 aliis
1224 2159 1425 2209 seruicis
1450 2199 1459 2209 .
1486 2199 1495 2208 .
1525 2197 1535 2208 .
1562 2159 1804 2208 consuetis
1829 2188 1840 2199 ·
1865 2159 2039 2208 Diffims
2065 2161 2219 2208 eciam

177 2291 186 2301 .
224 2292 233 2302 .
271 2292 280 2302 .
319 2253 399 2302 vel
439 2253 649 2302 heredes
690 2253 762 2301 sui
806 2290 816 2300 .
858 2290 868 2300 .
908 2290 919 2300 .
957 2252 1082 2300 nulli
1133 2290 1143 2300 .
1186 2289 1197 2301 .
1240 2290 1251 2300 .
1295 2260 1454 2301 terras
1489 2290 1499 2300 .
1538 2290 1548 2300 .
1581 2289 1592 2300 .
1629 2251 1914 2300 alienabunt
1958 2290 1968 2299 .
2013 2289 2023 2299 .
2066 2289 2077 2299 .
2121 2251 2219 2299 sine

176 2345 342 2394 nostra
383 2385 392 2394 .
437 2382 449 2393 .
493 2383 503 2394 .
546 2345 758 2394 licencia
802 2382 811 2392 .
853 2383 863 2392 .
904 2382 914 2392 .
951 2345 1104 2410 Apud
1150 2344 1459 2394 Abbirbroth
1507 2345 1555 2392 vi
1603 2344 1683 2393 die
1733 2343 1907 2391 menfis
1959 2342 2218 2392 Februarii

178 2456 305 2487 anno
343 2438 551 2487 Domini
592 2437 847 2486 millesimo
888 2438 1371 2503 quadringentefimo
1411 2437 1735 2502 o&uagefimo
1774 2436 1928 2484 tercio
1968 2465 1977 2474 ·
2018 2435 2218 2484 testibus

96 2571 98 2574 .
181 2569 195 2579 .
236 2569 247 2579 .
292 2568 303 2579 .
345 2530 380 2579 J
383 2530 577 2579 ohanne
622 2530 820 2596 Ogilwy
857 2531 917 2578 de
957 2530 1255 2579 Ballindoch
1280 2559 1290 2569 ·
1320 2529 1572 2579 Willelmo
1611 2527 1867 2594 Olyphant
1902 2527 2003 2575 filio
2034 2528 2220 2575 domini

48 2609 50 2670 ζ
123 2631 126 2634 ’
181 2623 438 2689 Olyphant
462 2651 473 2662 ·
502 2622 793 2671 Alexandro
821 2621 1012 2672 Burnat
1037 2623 1098 2672 de
1134 2622 1286 2688 Leyis
1310 2651 1321 2662 ·
1348 2622 1637 2671 Alexandro
1670 2620 1857 2685 Irwing
1891 2620 1951 2668 de
1986 2619 2183 2668 Beldeis
2209 2647 2218 2658 ·

101 2741 105 2748 x
181 2714 425 2764 Nicholao
467 2714 836 2780 Fodringhame
877 2740 887 2752 ·
926 2714 1159 2764 Johanne
1199 2714 1568 2779 Fodringhame
1611 2741 1622 2752 ·
1661 2712 1918 2778 armigeris
1960 2741 1970 2750 ·
2011 2712 2220 2760 dominis

179 2806 398 2856 Roberto
434 2806 550 2856 Leis
589 2814 638 2855 et
674 2806 966 2856 Alexandro
1008 2806 1237 2872 Symonis
1274 2806 1460 2856 vicario
1497 2807 1558 2854 de
1585 2805 1990 2870 Banchoryterne
2015 2802 2219 2852 notariis

178 2899 387 2964 publicis
411 2926 422 2938 ·
448 2917 559 2949 cum
583 2899 750 2948 multis
775 2899 896 2948 aliis.
