2762 3834
583 408 681 452 210
750 462 758 466 ,
1023 394 1446 450 REGISTRUM
1479 393 1577 442 DE
1614 389 2172 441 ABERBROTHOC.

583 542 722 601 patre
744 533 951 599 genibus
984 532 1036 580 in
1069 538 1203 579 terra
1235 526 1400 593 pofitis
1431 562 1443 574 .
1479 561 1491 573 .
1525 561 1535 572 .
1569 523 1823 571 dominum
1858 521 2029 570 Dauid
2064 521 2307 572 Lichtone
2342 561 2353 572 .
2391 561 2402 571 .
2438 562 2449 573 .
2485 526 2615 591 regis

584 624 881 676 thesaurarie
906 622 1136 672 clericum
1162 616 1400 668 Rofl'enfis
1424 613 1622 665 ecclefie
1658 612 1956 663 cathedralis
1990 612 2394 663 archidiaconum
2428 652 2438 663 .
2474 653 2484 664 .
2520 653 2531 664 .
2563 617 2615 664 in

584 718 807 767 abbatem
842 750 856 764 .
889 752 901 763 .
933 752 943 764 .
975 711 1240 779 postulauit
1280 736 1290 747 ·
1335 706 1717 771 Quamquidem·
1748 704 2134 770 postulacionem
2182 721 2351 755 omnes
2394 743 2405 755 .
2450 744 2461 755 .
2506 744 2517 755 .
2554 708 2617 756 de

584 807 799 873 capitulo
834 806 903 855 ibi
945 804 1193 868 presentes
1232 839 1242 850 .
1286 839 1297 849 .
1339 837 1351 848 .
1388 799 1732 863 emologarunt
1771 823 1782 834 ·
1825 796 2140 862 Quaquidem
2190 798 2526 864 postulacione
2568 810 2617 849 et

583 900 781 947 decreto
806 895 995 945 ostensa
1019 902 1068 944 et
1108 930 1120 942 .
1163 930 1175 942 .
1216 931 1226 940 .
1258 890 1501 957 postulato
1535 890 1589 938 in
1625 888 1844 954 capitulo
1878 889 2160 939 introducto
2183 890 2313 939 idem
2342 928 2353 939 .
2380 928 2390 939 .
2419 928 2430 940 .
2455 891 2617 955 postu-

582 989 760 1039 lacioni
784 1027 793 1037 .
820 1027 829 1036 .
855 1027 865 1036 .
892 984 1128 1036 consensit
1152 1024 1161 1034 .
1188 1024 1198 1034 .
1224 1024 1234 1033 .
1262 983 1409 1033 Tunc
1434 1022 1443 1031 .
1469 1022 1479 1031 .
1507 1021 1516 1031 .
1540 981 1767 1047 supprior
1783 989 1832 1031 et
1851 989 2126 1032 conuentus
2149 983 2303 1032 nimio
2326 1000 2416 1048 pre
2433 984 2616 1049 gaudio

581 1083 641 1131 de
664 1079 937 1130 huiusmodi
960 1077 1297 1143 postulacione
1322 1075 1599 1125 exultantes
1635 1073 1846 1123 eundem
1882 1074 2137 1122 dominum
2171 1074 2470 1139 postulatum
2505 1092 2619 1124 can·

579 1180 737 1221 tantes
762 1171 864 1219 alta
898 1210 906 1219 .
945 1210 954 1219 .
992 1209 1001 1218 .
1038 1185 1159 1218 voce
1206 1208 1215 1218 .
1265 1207 1274 1217 .
1324 1207 1333 1216 .
1396 1167 1469 1215 Te
1494 1166 1663 1215 Deum
1686 1166 1947 1214 laudamus
1961 1165 2210 1230 campanis
2227 1166 2531 1231 pulsantibus
2554 1167 2618 1215 ad

581 1263 830 1312 ecclefiam
871 1301 880 1311 .
921 1301 930 1310 .
974 1301 983 1310 .
1026 1258 1309 1308 monasterii
1348 1259 1596 1307 duxerunt
1633 1264 1683 1306 et
1718 1257 1903 1306 ibidem
1941 1258 2224 1307 oracionem
2262 1258 2492 1308 deuotam
2526 1275 2618 1323 pro

580 1355 791 1404 eiusdem
830 1394 839 1403 .
876 1393 885 1403 .
924 1393 933 1402 .
970 1350 1184 1402 successu
1207 1350 1438 1402 Creatori
1472 1349 1640 1399 nostro
1672 1350 1961 1415 optulerunt
1995 1390 2005 1400 .
2039 1390 2049 1400 .
2082 1391 2091 1401 .
2128 1351 2262 1401 Aaa
2291 1352 2492 1401 fuerunt
2513 1352 2618 1401 -hec

627 1488 635 1496 .
674 1488 682 1496 .
726 1447 860 1496 circa
881 1446 1055 1494 horam
1073 1444 1415 1494 duodecimam
1434 1450 1549 1493 ante
1574 1443 1843 1492 merediem
1879 1483 1889 1493 .
1926 1483 1936 1493 .
1974 1483 1984 1493 .
2019 1443 2326 1509 presentibus
2364 1482 2375 1493 .
2414 1482 2426 1494 .
2466 1482 2478 1493 .
2510 1461 2619 1509 pre·

581 1540 679 1588 fato
716 1578 724 1587 .
759 1575 770 1586 .
811 1577 820 1586 .
854 1536 1221 1601 archiepiscopo
1246 1564 1256 1574 ·
1280 1534 1535 1584 Willelmo
1559 1533 1906 1584 Aberdonenfi
1931 1535 2088 1585 01οἃ0
2113 1536 2404 1585 confirmato
2428 1563 2439 1574 ·
2463 1536 2618 1585 nobili

582 1637 630 1678 et
668 1635 868 1693 potente
906 1627 1105 1676 domino
1145 1626 1261 1692 Lyil
1310 1656 1320 1666 ·
1368 1626 1570 1675 domino
1616 1626 1809 1676 Jacobo
1859 1627 2093 1676 Allerdes
2138 1626 2384 1693 prepofito
2434 1627 2621 1678 Sanffi-

583 1722 765 1770 andree
800 1747 810 1757 ·
845 1727 894 1769 et
917 1718 1150 1785 magistro
1173 1718 1365 1768 Jacobo
1390 1717 1650 1781 Douglace
1687 1747 1698 1758 ·
1734 1726 1783 1767 et
1824 1756 1835 1767 .
1881 1756 1892 1767 .
1937 1756 1948 1768 .
1996 1718 2119 1768 aliis.

586 1969 895 2042 Commiffio.

432 2169 521 2211 '241
585 2150 863 2222 Vniuerfis
900 2178 1067 2235 pateat
1104 2208 1115 2219 .
1159 2210 1168 2219 .
1212 2209 1221 2219 .
1264 2187 1354 2219 nos
1394 2170 1700 2235 suppriorem
1746 2179 1796 2221 et
1841 2180 2145 2223 conuentum
2188 2174 2250 2222 de
2290 2174 2624 2224 Abirbrothoc

588 2280 697 2312 cum
740 2262 971 2311 consensu
1012 2302 1021 2311 .
1061 2302 1071 2312 .
1113 2300 1124 2311 .
1170 2262 1340 2311 Dauid
1377 2263 1611 2328 postulati
1651 2264 1929 2314 confirmati
1969 2265 2184 2315 eiusdem
2224 2305 2233 2315 .
2277 2306 2287 2315 .
2330 2306 2339 2315 .
2384 2266 2623 2316 ordinasse

589 2386 597 2395 -
640 2394 650 2403 .
693 2394 702 2403 .
745 2354 1086 2403 Alexandrum
1129 2353 1338 2403 Masoun
1375 2355 1589 2420 priorem
1637 2356 1699 2405 de
1744 2355 1962 2422 waene
1999 2386 2010 2397 ·
2048 2356 2331 2407 Johannem
2371 2357 2625 2408 Driburch

591 2445 900 2494 cellerarium
941 2474 952 2485 ·
994 2454 1043 2494 et
1083 2445 1356 2495 Ricardum
1400 2445 1518 2496 Scot
1560 2478 1571 2488 -
1609 2447 1726 2497 dieti
1762 2448 2049 2498 monasterii
2085 2449 2354 2499 monachos
2392 2450 2624 2515 professos

718 2575 727 2584 .
786 2535 1131 2585 commissarios
1178 2576 1187 2585 .
1237 2577 1246 2586 .
1296 2576 1305 2585 .
1365 2538 1539 2587 dantes
1585 2578 1595 2588 .
1645 2578 1654 2588 .
1704 2579 1714 2589 .
1763 2540 1905 2589 dietis
1952 2580 1962 2590 .
2012 2580 2022 2590 .
2071 2581 2081 2591 .
2126 2541 2419 2607 potestatem
2466 2544 2624 2592 terras

593 2626 782 2674 nostras
820 2627 1166 2676 ecclefiasticas
1208 2667 1217 2677 .
1258 2667 1268 2676 .
1310 2668 1320 2677 .
1363 2629 1612 2678 affedandi
1655 2670 1664 2680 .
1708 2671 1718 2680 .
1757 2671 1767 2681 .
1810 2631 2027 2682 decimas
2063 2639 2114 2682 et
2149 2672 2159 2682 .
2196 2672 2207 2683 .
2246 2672 2256 2682 .
2295 2634 2625 2684 emolumenta

639 2757 648 2766 .
681 2756 691 2765 .
732 2717 1027 2766 monasterio
1066 2758 1075 2767 .
1119 2758 1128 2767 .
1171 2758 1180 2768 .
1220 2719 1487 2784 spe&antia
1530 2722 1727 2773 leuandi
1770 2763 1780 2773 .
1819 2763 1829 2773 .
1869 2762 1880 2774 .
1923 2741 2036 2774 cum
2072 2725 2364 2774 condicione
2400 2733 2450 2775 et
2481 2728 2625 2791 pasto

597 2806 811 2872 expresso
836 2808 897 2856 de
921 2808 1130 2872 amplius
1164 2826 1266 2858 non
1299 2812 1515 2875 petendo
1551 2841 1562 2852 ·
1598 2815 1859 2865 officiarios
1891 2816 1946 2865 in
1988 2853 2000 2865 .
2038 2855 2047 2866 .
2091 2855 2101 2865 .
2141 2815 2439 2865 monasterio
2462 2817 2625 2866 neces-

597 2896 746 2947 sarios
786 2899 1072 2963 imponendi
1111 2907 1160 2948 et
1197 2900 1390 2949 eosdem
1428 2906 1717 2954 remouendi
1754 2946 1763 2956 .
1808 2944 1820 2955 .
1863 2944 1874 2956 .
1911 2924 2206 2973 omnemque
2236 2907 2623 2972 jurisdiaionem

648 3028 657 3037 .
694 3028 704 3038 .
740 2989 793 3037 in
817 2989 984 3038 nostro
1008 2989 1302 3040 monasterio
1327 2999 1376 3041 et
1399 2993 1544 3042 terris
1568 2995 1782 3046 eiusdem
1805 3000 2101 3049 excercendi
2140 3037 2152 3049 .
2196 3037 2209 3050 .
2252 3037 2265 3049 .
2306 3000 2457 3065 Apud
2479 2999 2624 3049 Abir-

599 3080 804 3129 brothoc
827 3080 1099 3145 penultimo
1123 3082 1203 3131 die
1226 3082 1400 3131 menfis
1422 3083 1458 3133 J
1461 3084 1548 3134 ulii
1572 3103 1702 3136 anno
1725 3087 1933 3139 Domini
1961 3094 2106 3141 1484.
