2762 3834
430 1780 523 1823 114

572 360 637 413 98
1018 354 1445 408 REGISTRUM
1479 353 1577 403 DE
1614 350 2179 401 ABERBROTHOC.

573 490 724 540 fuerit
766 527 778 539 .
823 527 835 539 .
879 491 1044 539 {male
1068 490 1352 555 persoluens
1377 487 1457 535 vel
1495 523 1507 535 .
1546 523 1559 534 .
1599 520 1610 533 .
1647 484 1790 532 nobis
1829 520 1841 531 .
1881 520 1892 532 .
1933 520 1944 532 .
1981 481 2248 534 iniuriosus
2287 522 2299 534 .
2349 522 2362 534 .
2413 523 2424 534 .
2461 485 2630 535 licebit

574 582 716 632 nobis
752 622 761 632 .
817 622 826 632 .
884 620 894 631 .
930 584 992 631 de
1038 581 1275 647 predictis
1308 579 1455 628 terris
1498 586 1548 627 et
1588 576 1795 625 decimis
1833 615 1842 624 .
1893 615 1902 624 .
1956 616 1965 625 .
2002 577 2160 627 libere
2197 579 2457 644 disponere
2495 618 2504 627 .
2559 619 2567 627 .
2622 619 2629 626 .

573 662 811 723 Preterea
836 674 1059 723 volumus
1084 672 1216 736 quod
1251 711 1260 720 .
1304 710 1313 720 .
1359 710 1367 719 .
1406 669 1659 719 construat
1696 668 2001 718 mansionem
2041 671 2175 718 suam
2202 671 2254 718 in
2293 679 2429 720 terra
2466 670 2633 720 nostra

574 765 822 815 antedicta
845 772 895 813 et
926 765 1110 812 ibidem
1148 780 1240 828 pro
1277 769 1381 811 toto
1418 770 1641 826 tempore
1668 760 1767 809 vite
1799 760 1882 809 sue
1918 769 2119 811 maneat
2156 762 2486 826 relinquendo
2525 762 2632 826 post

574 856 816 905 decessum
863 855 1040 903 nobis.
1084 893 1094 903 .
1137 893 1146 902 .
1188 852 1532 902 molendinum
1575 859 1624 900 et
1665 851 1965 902 mansionem
2007 854 2308 904 sufficiencia
2342 841 2631 904 ·'V01umus

575 950 730 999 eciam
756 950 888 1013 quod
911 948 1144 997 Andreas
1185 947 1412 997 Curruor
1450 946 1668 1012 gaudeat
1701 946 2007 995 affedacione
2034 964 2181 1011 quam
2209 948 2281 996 de'
2307 947 2448 996 nobis
2483 948 2631 996 habet

573 1043 635 1091 de
674 1041 819 1090 terris
861 1040 1122 1090 antedictis
1161 1057 1254 1105 pro
1294 1047 1518 1104 tempore
1561 1037 1643 1087 sue
1687 1039 2034 1087 arendacionis
2071 1078 2080 1088 .
2125 1079 2134 1088 .
2179 1077 2190 1088 .
2227 1039 2289 1088 In
2336 1039 2519 1106 [cuius]
2558 1041 2629 1089 rei

573 1133 904 1183 testimonium
939 1132 1150 1198 sigillum
1186 1171 1195 1181 .
1239 1171 1249 1182 .
1293 1171 1302 1181 .
1341 1131 1548 1197 capituli
1582 1170 1592 1181 .
1632 1169 1643 1180 .
1684 1170 1693 1180 .
1732 1131 1803 1180 est
1838 1131 2108 1196 appensum
2148 1171 2157 1181 .
2202 1172 2211 1181 .
2250 1172 2259 1181 .
2297 1133 2527 1182 viccfimo
2552 1133 2632 1181 die

571 1225 1032 1290 menfisFebruarii
1057 1242 1188 1274 anno
1213 1224 1422 1274 Domini
1447 1221 1703 1273 millefimo
1721 1224 2208 1290 quadringentesimo
2229 1225 2632 1292 quinquagefimo

571 1319 789 1384 septimo,

573 1570 747 1644 Carta
770 1592 922 1641 status
947 1599 996 1640 et
1018 1590 1186 1640 saifine
1212 1588 1487 1639 tenementi
1512 1589 1574 1637 de
1599 1588 1771 1637 Perth.

575 1753 649 1825 In
673 1774 773 1822 Dei
797 1773 996 1822 nomine
1021 1790 1164 1821 amen
1202 1801 1213 1812 ·
1250 1772 1348 1820 Per
1383 1771 1480 1819 hoc
1529 1809 1538 1819 .
1584 1809 1592 1818 .
1638 1808 1647 1817 .
1695 1776 1866 1833 pateat
1915 1809 1924 1818 .
1975 1808 1983 1818 .
2034 1769 2204 1834 ‚quod
2230 1787 2360 1818 anno
2386 1769 2632 1817 dominice

573 1867 936 1916 incarnacionis
974 1866 1226 1914 millefimo
1252 1863 1737 1930 quadringentesimo
1773 1863 2179 1928 quinquagefimo
2218 1866 2390 1911 οὸὶειιο
2430 1891 2439 1901 ·
2478 1863 2635 1911 indic-

575 1960 710 2009 tione
742 1960 878 2008 sexta
915 1986 925 1997 ·
963 1959 1138 2006 menfis
1164 1975 1282 2006 vero
1307 1957 1450 2006 Junii
1483 1956 1563 2005 die
1589 1956 1762 2006 vltimo
1802 1985 1813 1996 ·
1853 1974 1912 2005 ac
1949 1956 2265 2022 pontificatus
2303 1995 2312 2005 .
2356 1995 2365 2004 .
2410 1994 2420 2004 .
2461 1955 2632 2005 Calisti

576 2092 585 2101 .
628 2091 637 2100 .
681 2090 692 2101 .
728 2069 856 2116 pape
892 2051 1035 2100 tercii
1072 2067 1202 2099 anno
1244 2057 1422 2115 quarto
1467 2078 1478 2089 ·
1515 2049 1569 2097 in
1612 2050 1711 2098 mei
1752 2088 1763 2098 .
1807 2088 1819 2098 .
1863 2089 1872 2097 .
1917 2057 1966 2099 et
2008 2051 2205 2099 testium
2249 2049 2630 2114 subscriptorum

574 2144 831 2209 presencia
883 2183 891 2193 .
952 2183 961 2193 .
1023 2183 1032 2193 .
1088 2145 1321 2197 Andreas
1371 2144 1433 2191 de
1486 2142 1801 2192 Inchmartin
1852 2159 1977 2190 vnus
2029 2142 2330 2191 balliuorum
2367 2141 2515 2206 burgi
2573 2142 2633 2189 de

575 2238 728 2286 Perth
777 2276 787 2286 .
834 2277 843 2286 .
892 2276 902 2286 .
951 2235 1147 2286 accessit
1171 2237 1236 2285 ad
1273 2275 1283 2285 .
1334 2276 1343 2285 .
1392 2275 1402 2284 .
1440 2244 1627 2286 terram
1662 2235 1908 2283 iacentem
1944 2234 2078 2283 infra
2113 2235 2294 2282 difibum
2332 2234 2545 2299 burgum
2583 2233 2633 2280 in

573 2331 620 2380 le
645 2329 892 2395 Speygate
917 2347 977 2378 ex
1001 2337 1143 2395 parte
1181 2329 1415 2378 orientali
1453 2329 1671 2377 eiusdem
1696 2327 1828 2377 inter
1856 2334 2043 2376 terram
2071 2326 2263 2376 abbatis
2288 2327 2350 2375 de
2378 2326 2549 2391 Cupro
2575 2344 2633 2374 ex

574 2423 753 2471 boriali
790 2430 839 2471 et
875 2430 1058 2471 terram
1096 2422 1384 2471 monasterii
1409 2422 1572 2471 Vallis
1598 2420 1819 2470 Virtutis
1856 2437 1917 2469 ex
1956 2419 2160 2469 australi
2194 2419 2477 2484 ibidemque
2513 2457 2524 2466 .
2571 2457 2580 2467 .
2625 2459 2634 2467 .

577 2513 799 2562 saisinam
857 2554 865 2562 .
909 2553 918 2562 .
963 2515 1156 2584 ,dicte
1199 2523 1332 2563 terre
1381 2554 1391 2564 .
1442 2554 1452 2564 .
1502 2553 1512 2563 .
1560 2514 1766 2562 Andree
1813 2511 2058 2561 Fermour
2097 2549 2107 2560 .
2152 2550 2162 2561 .
2189 2549 2201 2561 .
2245 2511 2452 2560 tradidit
2499 2548 2509 2559 .
2561 2551 2570 2560 .
2625 2549 2633 2558 .

577 2606 843 2655 secundum
886 2645 896 2654 .
941 2645 950 2655 .
995 2644 1006 2654 .
1047 2614 1271 2656 tenorem
1306 2607 1474 2656 breuis
1499 2608 1560 2655 de
1587 2605 1780 2670 capella
1803 2604 1943 2671 regia
1985 2644 1994 2653 .
2037 2643 2048 2654 .
2093 2642 2103 2652 .
2154 2604 2298 2669 super
2323 2603 2500 2668 quibus
2535 2641 2545 2651 .
2580 2641 2588 2649 .
2624 2642 2632 2651 .

580 2698 811 2746 Andreas
835 2697 1078 2746 Fermour
1103 2716 1133 2746 a
1154 2715 1235 2747 me
1273 2736 1283 2746 .
1315 2737 1326 2748 .
1362 2737 1372 2747 .
1409 2699 1498 2747 fibi
1520 2699 1631 2747 fieri
1655 2698 1807 2762 peciit
1843 2735 1853 2747 .
1895 2735 1906 2745 .
1948 2736 1957 2746 .
1995 2697 2378 2746 instrumentum
2404 2714 2500 2745 vna
2524 2713 2635 2744 cum

581 2790 876 2855 appensione
915 2790 1057 2854 figilli
1096 2790 1215 2838 diui
1254 2790 1426 2839 balliui
1467 2820 1477 2830 ·
1514 2791 1643 2839 Aeta
1680 2797 1824 2838 erant
1857 2788 1951 2839 hec
1989 2826 2000 2837 .
2043 2827 2055 2838 .
2099 2827 2110 2838 .
2147 2789 2455 2854 presentibus
2505 2826 2514 2836 .
2563 2825 2573 2836 .
2624 2827 2632 2835 .

580 2881 750 2930 Dauid
791 2880 1036 2945 Lindesay
1078 2907 1088 2917 ·
1130 2881 1421 2929 Alexandro
1460 2883 1520 2930 de
1563 2881 1816 2930 VVardlaw
1860 2882 1921 2930 de
1955 2881 2329 2946 NVaryngstoun
2371 2909 2382 2920 -
2427 2880 2636 2928 Andrea

582 2973 943 3040 Dyschyntoun
973 3001 983 3011 -
1010 2972 1207 3020 Thoma
1230 2972 1578 3037 Dischyntonn
1606 3003 1616 3013 ·
1642 2974 1677 3022 J
1680 2974 1835 3022 acobo
1858 2973 2117 3024 Charteris
2140 3001 2151 3012 ·
2175 2973 2498 3038 burgensibus
2518 2973 2634 3020 diffl

582 3064 726 3129 burgi
752 3091 762 3101 ·
788 3071 837 3112 et
860 3063 1114 3111 Willelmo
1143 3063 1284 3129 Gray
1312 3064 1536 3112 feriando
1575 3102 1585 3111 .
1625 3103 1634 3112 .
1673 3102 1684 3113 .
1721 3065 1787 3114 Et
1813 3083 1905 3131 ego
1932 3066 2179 3115 Robertus
2206 3065 2321 3114 Tod
2355 3104 2365 3114 .
2399 3104 2410 3113 .
2448 3102 2459 3113 .
2496 3073 2633 3113 nota-

581 3156 684 3203 rius
732 3191 742 3203 .
792 3193 801 3203 .
853 3192 863 3202 .
900 3153 1138 3218 premiffis
1177 3193 1188 3204 .
1225 3192 1235 3202 .
1274 3191 1284 3201 .
1321 3154 1527 3203 interfui
1574 3173 1730 3220 eaque
1767 3193 1778 3204 .
1818 3195 1826 3204 .
1866 3194 1877 3204 .
1914 3158 1968 3205 in
2009 3166 2180 3207 notam
2219 3157 2386 3222 recepi
2423 3156 2633 3220 ideoque
