2742 3848
73 625 167 670 585

69 1464 165 1514 586

73 2303 164 2356 587

7 3057 9 3098 Ξ
75 3055 168 3101 588

673 398 1105 451 REGISTRUM
1139 397 1238 448 DE
1274 398 1841 451 ABERBROTHOC.
2193 409 2292 453 443

220 601 374 675 Idem
422 625 684 691 presentat·
719 625 1010 692 magistrum
1058 625 1319 676 Andream
1367 625 1554 677 Foular
1602 627 1666 675 ad
1717 625 1952 676 vicariam
1999 636 2292 693 perpetuam

218 716 584 781 penfionariam
632 718 837 769 eeclefie
895 718 1199 785 perochialis
1246 719 1309 768 de
1355 719 1617 786 Arbroyth
1668 718 2028 770 Sanaiandree
2087 720 2292 770 diocefis

222 809 456 860 videlicet
480 811 691 878 triginta
715 812 926 862 duarum
951 828 1234 861 marcarum
1268 821 1469 863 monete
1506 812 1682 863 Scocie
1719 814 1794 862 de'
1818 813 1996 864 abbate
2033 816 2293 864 annuatim

219 902 547 954 leuandarum
594 921 706 953 cum
750 904 876 954 tofto
923 903 1014 971 [et]
1056 904 1227 954 manso
1276 904 1493 955 eiusdem
1541 923 1752 955 vnacum
1802 905 1912 955 aliis
1956 906 2293 972 percipiendis

219 994 561 1046 oblacionibus
607 1004 759 1061 prout
805 996 859 1045 in
905 1000 1164 1047 contractu
1205 997 1339 1049 inter
1386 998 1616 1048 abbatem
1654 1005 1704 1047 et
1745 998 2002 1048 dominum
2044 998 2291 1049 Thomam

221 1087 496 1138 Harrowar
525 1090 768 1140 vicarium
807 1090 936 1140 dicte
973 1090 1177 1140 ecclefie
1212 1092 1408 1155 plenius
1445 1092 1731 1142 continetur
1767 1109 1880 1141 cum
1917 1109 2098 1141 vacare
2135 1094 2291 1142 conti-

218 1183 349 1248 gerit
373 1200 465 1248 per
488 1184 882 1248 refignacionem
909 1184 1125 1234 eiusdem
1151 1184 1341 1234 domini
1368 1183 1563 1233 Thome
1589 1212 1600 1223 ·
1627 1184 1689 1238 27
1715 1183 1752 1234 J
1754 1183 1949 1233 anuarii
1978 1187 2120 1233 1524.

217 1443 374 1517 Idem
399 1466 583 1516 affedat
607 1467 642 1517 J
645 1467 833 1516 ohanni
858 1467 1056 1516 Betoun
1081 1466 1143 1515 de
1172 1463 1372 1531 Creych
1397 1491 1408 1502 ·
1434 1463 1725 1528 Margarete
1755 1463 1873 1531 Hay
1898 1465 1982 1513 sue
2006 1465 2178 1530 sponse
2204 1495 2214 1504 ·
2242 1476 2292 1515 et

219 1559 392 1609 Dauid
418 1559 615 1610 Betoun
641 1578 814 1610 eorum
837 1560 942 1609 filio
977 1587 990 1598 ·
1026 1568 1076 1609 et
1103 1559 1348 1609 dictorum
1372 1557 1407 1607 J
1410 1557 1621 1606 ohannis
1647 1565 1697 1607 et
1720 1557 1892 1607 Dauid
1917 1559 2291 1609 subtenentibus

219 1662 268 1702 et
294 1653 545 1719 affignatis
570 1653 731 1719 seipfis
757 1653 960 1702 omnino
996 1653 1319 1701 inferioribus
1361 1679 1372 1688 ·
1413 1668 1506 1716 pro
1539 1651 1636 1699 suis
1674 1651 1995 1700 benemeritis
2031 1660 2191 1701 terras
2230 1653 2291 1700 (16

222 1746 481 1812 Collyston
506 1747 642 1796 infra
666 1747 942 1796 dominium
979 1747 1041 1794 de
1078 1744 1342 1810 Arbroyth
1374 1753 1423 1793 ct
1460 1744 1860 1793 vicecomitatum
1900 1744 1961 1792 (16
2000 1743 2177 1792 Forfar
2201 1761 2292 1808 pro

218 1841 389 1889 decem
428 1848 478 1889 et
512 1857 694 1888 nouem
730 1839 875 1888 annis
910 1838 1019 1904 post
1054 1838 1234 1888 festum
1265 1838 1621 1887 Penthecostes
1645 1839 1700 1886 111
1727 1855 1859 1886 311110
1885 1837 2096 1885 Domini
2126 1841 2255 1886 1525
2282 1868 2291 1876 -

217 1933 495 1983 Reddendo
521 1934 694 1982 decem
718 1932 871 1982 libras
896 1939 1095 1981 monete
1123 1930 1299 1982 Scocie
1336 1949 1447 1981 cum
1486 1932 1596 1981 aliis
1635 1931 1856 1981 seruiciis
1892 1949 1984 1996 pro
2022 1932 2156 1979 omni
2194 1932 2292 1980 3110

219 2044 370 2077 011616
409 2056 418 2066 -
454 2027 516 2081 27
543 2025 778 2076 Januarii
807 2030 954 2075 1524.

220 2284 375 2357 Idem
428 2305 611 2354 affedat
661 2322 753 2370 pro
807 2321 988 2353 nouem
1045 2304 1189 2352 annis
1243 2303 1507 2352 Elizabeth
1565 2302 1773 2368 Martyn
1822 2302 1992 2350 relicte
2041 2303 2290 2366 quondam

220 2398 467 2447 Johannis
492 2397 608 2446 Mar
632 2397 888 2462 burgenfis
914 2397 976 2445 (16
1000 2396 1229 2445 Abirden
1262 2404 1311 2445 et
1342 2396 1439 2444 suis
1477 2395 1729 2461 assignatis
1761 2412 1861 2443 non
1896 2394 2098 2443 maioris
2136 2395 2290 2444 status

220 2500 305 2541 aut
338 2492 597 2557 potestatis
633 2490 850 2541 decimas
886 2490 1116 2556 garbales
1153 2488 1357 2540 ecclefie
1394 2490 1456 2538 de
1495 2488 1717 2539 Garwok
1754 2496 1803 2537 et
1842 2488 1958 2536 ville
1997 2489 2058 2537 de
2096 2484 2292 2553 Mekyll

219 2584 397 2650 Follay
421 2584 474 2633 in
498 2583 736 2633 barronia
759 2584 821 2632 de
849 2582 1042 2632 Terues
1076 2583 1210 2632 infra
1245 2582 1560 2648 parrochiam
1588 2582 1650 2630 de
1675 2581 1816 2647 Fyue
1857 2610 1866 2619 ·
1911 2580 2164 2631 Soluendo
2200 2598 2291 2646 pro

219 2677 423 2726 decimis
465 2676 595 2725 dicte
638 2674 842 2726 ecclefie
878 2676 1130 2741 octoginta
1164 2676 1317 2725 libras
1360 2684 1559 2724 monete
1604 2674 1780 2724 Scocie
1818 2703 1828 2714 ·
1869 2683 1919 2724 et
1956 2692 2048 2740 pro
2087 2674 2291 2723 decimis

219 2769 348 2818 dicte
373 2769 490 2818 ville
516 2776 730 2833 quatuor
753 2769 906 2818 libras
931 2769 1146 2818 eiusdem
1172 2778 1372 2818 monete
1398 2798 1408 2808 ·
1436 2773 1466 2817 3
1490 2768 1754 2817 Februarii
1784 2772 1930 2817 1524.

220 3032 374 3106 Idem
434 3054 690 3103 constituit
746 3051 1008 3118 magistros
1057 3062 1107 3101 et
1153 3052 1382 3100 dominos
1432 3049 1709 3114 Georgium
1758 3048 1994 3096 Betowne
2048 3050 2287 3094 rectorem

225 3147 575 3214 Glasguensem
622 3176 633 3187 ·
675 3146 921 3197 Jacobum
951 3145 1294 3211 Skrymgeour
1320 3143 1615 3193 canonicum
1655 3139 2022 3189 Lesmorensem
2062 3166 2072 3176 -
2115 3137 2288 3185 Marti-

221 3257 341 3289 num
364 3240 617 3305 Balfowyr
642 3240 883 3289 vicarium
908 3239 971 3287 de
997 3236 1287 3301 Monemeyl
1330 3265 1339 3274 ·
1384 3234 1656 3285 Patricium
1693 3232 1928 3295 Carnegy
1954 3230 2195 3278 vicarium
2227 3229 2287 3276 de
