2742 3848
390 1436 482 1486 704

390 2733 485 2783 705

540 363 638 414 486
994 364 1417 416 REGISTRUM
1452 363 1549 413 DE
1584 361 2147 412 ABERBROTHOC.

546 570 697 641 Idem
724 591 906 640 affedat
939 608 1030 656 pro
1055 590 1384 639 nouendecim
1417 587 1561 637 annis
1587 586 1783 635 Thome
1820 585 2015 635 Fenton
2038 594 2089 635 et
2112 586 2321 636 Isobelle
2347 588 2600 637 Andirson

544 685 648 732 eius
692 685 861 749 sponse
902 691 951 732 et
987 682 1236 747 affignatis
1276 689 1325 731 et
1362 680 1736 729 subtenentibus
1770 679 1868 728 suis
1903 696 2003 728 non
2042 680 2242 729 maioris
2277 680 2428 730 status
2463 682 2599 731 illam

545 780 764 824 o&auam
790 782 980 839 partem
1007 774 1122 823 ville
1148 775 1209 822 de
1235 773 1475 839 Kynclun
1501 790 1612 821 cum
1639 772 1845 821 decimis
1876 772 2163 838 garbalibus
2186 772 2287 822 iam
2309 781 2600 838 occupatam

543 885 631 931 per
655 867 834 915 dictum
864 866 1109 915 Thomam
1136 873 1185 914 et
1207 865 1343 914 illam
1368 868 1593 914 octauam
1628 872 1823 930 partem
1860 865 2077 914 eiusdem
2113 882 2225 915 cum
2262 866 2467 915 decimis
2502 866 2601 914 iam

543 969 828 1024 occupatam
855 975 945 1023 per
968 957 1004 1007 J
1007 958 1252 1007 ohannem
1280 957 1455 1024 Peddy
1479 959 1534 1007 in
1558 958 1767 1007 baronia
1791 959 1853 1008 de
1879 958 2230 1024 Kyncoldrum
2266 966 2315 1009 et
2339 959 2602 1025 regalitate

543 1053 601 1099 de
628 1051 887 1117 Arbroyth
914 1080 924 1091 ·
952 1051 1202 1100 Soluendo
1228 1050 1796 1117 quinquaginta-solidos
1815 1058 2014 1100 monete
2037 1050 2211 1100 Scocie
2237 1068 2350 1100 cum
2373 1061 2602 1117 rynmart

540 1154 587 1192 et
614 1145 803 1210 veddyr
827 1162 885 1192 ac
910 1144 1019 1193 aliis
1043 1143 1410 1193 husbandorum
1438 1144 1671 1193 oneribus
1697 1154 1746 1194 et
1771 1144 1992 1193 seruiciis
2030 1174 2040 1184 ·
2081 1143 2140 1197 17
2167 1143 2201 1193 J
2206 1144 2293 1193 ulii
2322 1148 2465 1193 1528.

538 1409 575 1480 Ι
579 1431 689 1478 dem
716 1429 897 1478 assedat
922 1446 1011 1493 pro
1037 1427 1367 1476 nouendecim
1404 1427 1547 1476 annis
1582 1427 1618 1476 J
1621 1427 1807 1476 ohanni
1844 1427 1988 1493 Lyell
2016 1427 2200 1477 clerico
2224 1428 2500 1492 parochiali
2538 1429 2600 1477 de

537 1524 861 1590 Dunnychyn
887 1552 895 1561 -
921 1523 956 1572 J
960 1530 1105 1571 onete
1121 1522 1379 1571 Adamson
1401 1521 1506 1570 eius
1521 1522 1693 1586 sponse
1719 1550 1730 1561 ·
1757 1529 1806 1570 et
1826 1520 2022 1569 Thome
2038 1520 2370 1587 Lyelleorum
2394 1521 2498 1570 filio
2518 1550 2527 1560 ·
2550 1530 2599 1570 et

537 1616 784 1681 aflignatis
805 1624 853 1665 et
871 1615 1245 1664 subtenentibus
1270 1614 1365 1662 suis
1390 1631 1492 1662 non
1517 1614 1720 1663 maioris
1739 1613 1893 1664 status
1915 1613 2160 1664 brafinam
2187 1615 2249 1663 de
2274 1614 2598 1680 Dunnechyn

535 1710 711 1758 toftum
759 1717 808 1757 et
856 1709 1063 1757 croftam
1113 1707 1329 1756 eiusdem
1370 1724 1582 1756 vnacum
1632 1724 1750 1756 acra
1796 1714 1930 1755 terre
1979 1707 2181 1756 arabilis
2227 1707 2423 1756 iacente
2470 1707 2600 1755 infra

536 1803 805 1851 dominium
845 1803 906 1850 de
943 1801 1264 1867 Dunnechyn
1303 1800 1642 1865 cuiusquidem
1677 1817 1792 1849 acre
1829 1801 1926 1849 due
1961 1808 2129 1865 partes
2164 1801 2330 1849 iacent
2366 1818 2425 1850 ex
2456 1808 2601 1865 parte

536 1895 738 1944 australi
764 1896 825 1943 de
850 1894 1092 1960 Dunbolg
1116 1911 1227 1943 cum
1253 1894 1459 1944 decimis
1494 1893 1780 1959 garbalibus
1807 1910 1929 1958 quas
1953 1892 1989 1942 J
1992 1893 2214 1942 ohannes
2240 1901 2452 1958 occupat
2488 1910 2599 1942 cum

539 1989 846 2053 graminibus
874 1987 1184 2037 cattellorum
1211 1987 1463 2052 wlgariter
1487 1987 1654 2036 cattell
1679 1987 1791 2052 girs
1824 1987 1880 2034 in
1915 1987 2090 2051 mwffl'r
2115 1986 2220 2034 and
2241 1986 2369 2050 myir
2404 1994 2454 2034 et
2489 1985 2599 2034 aliis

539 2080 860 2146 pertinenciis
905 2110 913 2118 ·
957 2079 1234 2128 Reddendo
1275 2097 1367 2144 pro
1407 2080 1604 2129 brafina
1646 2097 1757 2128 cum
1801 2079 2010 2128 decimis
2045 2079 2284 2128 tredecim
2322 2078 2504 2127 solidos
2551 2087 2600 2127 et

540 2182 751 2238 quatuor
787 2172 1018 2220 denarios
1053 2179 1252 2221 monete
1291 2171 1466 2222 Scocie
1499 2190 1609 2221 cum
1648 2171 1909 2221 duodecim
1949 2170 2223 2236 caponibus
2260 2172 2321 2220 ad
2359 2171 2598 2220 terminos

539 2266 726 2315 vsuales
765 2294 774 2303 ·
816 2274 864 2314 et
904 2282 997 2330 pro
1039 2282 1156 2314 acra
1196 2273 1329 2314 terre
1368 2265 1571 2314 arabilis
1609 2281 1721 2313 cum
1763 2263 1971 2313 decimis
2010 2265 2122 2313 οὸὶο
2163 2263 2343 2313 solidos
2382 2264 2598 2313 eiusdem

538 2367 733 2407 monete
756 2359 805 2406 in
832 2357 954 2407 festo
981 2357 1146 2407 Sancti
1173 2357 1383 2407 Martini
1410 2375 1520 2406 cum
1547 2357 1657 2406 aliis
1689 2356 1923 2406 oneribus
1948 2365 1997 2406 et
2022 2356 2243 2405 seruiciis
2279 2384 2290 2395 ·
2326 2357 2354 2410 7
2382 2357 2597 2422 Augusti

539 2456 683 2499 1528.

538 2706 862 2791 Preceptum
912 2729 1063 2776 safine
1113 2736 1357 2778 terrarum
1408 2731 1470 2779 de
1511 2730 1878 2795 Auchquhorsst
1914 2730 2047 2779 infra
2089 2730 2486 2779 vicecomitatum
2537 2730 2598 2777 de

541 2819 675 2867 Banf
695 2827 744 2867 et
767 2819 1078 2884 regalitatem
1104 2821 1165 2869 de
1191 2821 1415 2871 Arbroth
1454 2823 1693 2872 directum
1731 2822 2043 2871 Archibaldo
2070 2822 2278 2871 Murson
2303 2829 2353 2871 et
2376 2821 2412 2870 J
2414 2821 2598 2871 ohanni

542 2911 732 2960 Curror'
768 2911 964 2960 balliuis
1001 2913 1192 2961 abbatis
1226 2914 1276 2961 in
1313 2914 1407 2963 hac
1439 2922 1582 2979 parte
1617 2914 1670 2963 in
1709 2915 1930 2964 favorem
2218 2913 2337 2979 Hay
2362 2921 2596 2977 tanquam

539 3003 737 3051 heredis
762 3004 1008 3067 quondam
1041 3003 1277 3053 Willelmi
1303 3004 1421 3071 Hay
1447 3007 1508 3055 de
1532 3007 1708 3057 Fottre
1731 3007 1888 3072 patris
1914 3006 1985 3055 sui
2021 3033 2031 3043 ·
2068 3006 2096 3060 ’ἶ
2123 3005 2338 3071 Augusti
2368 3008 2512 3053 1528.
