2742 3848
517 391 522 393 -
616 350 1044 405 REGISTRUM
1078 349 1176 403 DE
1215 350 1776 406 ABERBROTHOC.
2139 358 2231 411 517

17 574 113 628 789
166 556 319 629 Idem
361 579 613 644 presentat
652 581 906 630 dominum
952 580 1260 631 Willelmum
1302 581 1525 649 Sympile
1569 582 1881 648 capellanum
1926 582 2235 633 Glascuenfis

165 671 369 720 diocefis
405 672 470 721 ad
500 672 736 722 vicariam
774 682 1067 739 perpetuam
1104 675 1306 724 ecclefie
1346 675 1649 740 parochialis
1685 676 1747 723 de
1786 675 1980 724 Taruas
2017 675 2233 724 Abirdo-

162 762 324 812 nenfis
362 764 566 813 diocefis
604 782 715 813 cum
754 782 932 814 vacare
970 766 1239 830 contigerit
1278 784 1367 832 per
1403 766 1785 832 refignationem
1821 768 2069 818 Johannis
2106 770 2233 818 Reid

162 855 448 919 {impliciter
483 856 563 904 vel
599 857 981 921 permutationis
1019 858 1165 907 causa
1204 876 1315 907 cum
1354 859 1655 908 cancellaria
1693 859 1896 910 ecclefie
1934 860 2232 909 cathedralis

160 948 520 997 Abirdonenfis
557 978 567 988 ·
610 953 671 997 12
695 948 929 998 Januarii
957 953 1103 999 1533.
1196 1017 1198 1019 Ι

160 1208 314 1280 Idem
340 1247 433 1296 pro
458 1230 645 1280 summa
667 1231 882 1296 pecunie
908 1230 1093 1280 affedat
1126 1246 1218 1296 pro
1243 1231 1347 1281 vita
1381 1230 1418 1280 J
1420 1233 1576 1281 acobo
1604 1232 1815 1299 Ogylwe
1842 1234 1904 1282 de
1932 1232 2189 1302 Cukyston
2219 1265 2227 1273 -

161 1322 402 1372 Mariorie
427 1322 569 1372 Dure
596 1324 700 1372 eius
725 1324 897 1389 sponse
935 1351 944 1361 ·
983 1332 1030 1373 et
1056 1323 1092 1372 J
1095 1323 1280 1373 ohanni
1309 1323 1521 1391 Ogylwe
1552 1343 1723 1374 eorum
1759 1326 1861 1374 filio
1898 1326 2229 1391 primogenito

161 1425 209 1466 et
233 1416 408 1465 heredi
434 1417 699 1481 apparenti
723 1444 733 1455 ·
761 1426 810 1466 et
835 1418 1099 1466 deficiente
1122 1417 1252 1465 dieto
1277 1416 1313 1466 J
1316 1417 1513 1467 ohanne
1538 1419 1871 1484 primogenito
1897 1426 1946 1468 et
1971 1421 2103 1483 quod
2128 1438 2227 1468 non

158 1510 336 1559 habeat
363 1509 572 1559 heredes
610 1510 851 1559 masculos
891 1510 952 1559 de
991 1510 1077 1559 sua
1111 1510 1321 1575 persona
1357 1510 1552 1560 Jacobo
1590 1510 1801 1577 Ogylwe
1842 1512 2227 1578 secundogenito

159 1601 340 1651 Jacobi
378 1609 428 1652 et
459 1603 702 1652 Mariorie
744 1632 755 1642 ·
798 1602 988 1668 suisque
1030 1603 1404 1652 subtenentibus
1446 1621 1546 1651 non
1587 1603 1789 1653 maioris
1823 1601 1976 1653 status
2018 1633 2027 1642 ·
2070 1613 2228 1653 terras

161 1695 393 1743 villarum
418 1696 480 1744 de
507 1695 731 1744 Baufour
756 1705 806 1745 et
831 1695 1069 1762 Kyrkton
1094 1713 1308 1745 vnacum
1345 1695 1633 1744 molendino
1656 1695 1718 1744 de
1742 1694 2090 1761 Kyncoldrum
2116 1712 2225 1744 cum

160 1787 380 1837 multura
405 1795 455 1837 et
490 1789 532 1836 le
556 1788 777 1853 'mowltyr
790 1788 1000 1853 sclzaffis
1025 1805 1137 1837 cum
1162 1788 1368 1838 decimis
1392 1788 1680 1854 garbalibus
1702 1787 1977 1836 molendini
2002 1796 2052 1837 et
2076 1795 2228 1837 terra-

160 1897 270 1928 rum
307 1879 439 1930 infra
474 1880 733 1930 baroniam
770 1882 832 1930 de
874 1881 1224 1947 Kyncoldrum
1267 1908 1278 1919 ·
1317 1882 1497 1946 quibus
1537 1881 1640 1946 ipse
1683 1880 1905 1930 Jacobus
1942 1881 2226 1945 gaudebat·

161 1971 414 2021 Soluendo
457 1973 791 2038 quadraginta
826 1981 1040 2038 quatuor
1080 1972 1234 2022 libras
1274 1981 1473 2023 monete
1519 1972 1693 2023 Scocie
1718 1989 1931 2022 vnacum
1971 1982 2228 2039 rynemart

163 2066 356 2132 veddyr
399 2067 671 2132 caponibus
715 2073 765 2115 et
807 2066 919 2116 aliis
960 2065 1328 2115 husbandorum
1367 2066 1602 2115 oneribus
1642 2088 1654 2104 ··
1696 2072 1746 2114 et
1785 2065 2097 2130 prouidendo
2138 2083 2228 2130 pro

162 2161 452 2225 receptione
478 2161 669 2209 abbatis
695 2169 744 2210 et
770 2161 852 2209 sue
875 2160 1062 2209 familie
1088 2160 1325 2225 quociens
1361 2158 1634 2207 dominium
1660 2157 1858 2207 'visitare
1883 2157 2225 2223 contigeritjn

164 2253 278 2301 aula
325 2270 523 2302 camera
572 2252 787 2317 coquina
835 2261 885 2302 et
932 2252 1136 2301 stabulis
1184 2269 1296 2301 cum
1344 2251 1454 2301 aliis
1494 2248 1773 2299 necess'ariis
1814 2249 2225 2313 quemadmodum

166 2345 402 2395 Oliuerus
430 2346 624 2412 Ogilwe
651 2364 761 2396 cum
788 2346 936 2396 terris
959 2346 1209 2411 gaudebat
1232 2344 1353 2394 fecit
1388 2371 1398 2381 ·
1435 2347 1500 2391 23
1524 2342 1558 2391 J
1563 2342 1757 2391 anuarii
1786 2345 1927 2390 1533.

164 2606 490 2694 Preceptum
550 2627 700 2676 safine
747 2626 971 2691 predicte
1020 2623 1335 2673 affedationis
1383 2622 1611 2674 inuenies
1657 2622 1710 2673 in
1757 2623 1966 2689 registro
2024 2621 2227 2688 papii-eo

167 2738 373 2771 numero
398 2721 513 2775 227.

54 2996 117 3051 ⁷92
167 2977 321 3049 Idem
358 3017 450 3065 pro
491 2981 640 3049 certis
676 2997 901 3048 seruiciis
938 2996 1124 3047 affedat
1163 3014 1255 3062 pro
1298 3013 1478 3045 nouem
1519 2997 1662 3045 annis
1704 2996 1939 3061 magistro
1976 2995 2228 3044 Willelmo

167 3091 419 3143 Meldrum
445 3093 646 3142 wicario
686 3092 748 3141 de
790 3091 1033 3142 Strabrok
1072 3098 1123 3140 et
1163 3089 1260 3138 suis
1301 3089 1552 3154 affignatis
1599 3097 1649 3138 et
1686 3088 2058 3138 subtenentibus
2093 3087 2227 3135 illam

166 3186 546 3236 dimidietatem>
578 3194 826 3235 terrarum
875 3183 993 3232 ville
1041 3184 1103 3231 de
1153 3181 1394 3247 Tulyelth
1440 3198 1588 3245 quam
1641 3180 1772 3229 idem
1821 3181 1873 3228 in
1921 3178 2228 3228 affedaeione
