2762 3834
463 1705 550 1750 181

601 396 693 444 160
1040 384 1462 440 REGISTRUM
1496 382 1592 433 DE
1628 378 2186 430 ABERBROTHOC.

597 534 969 591 procuratorum
1008 562 1017 570 .
1055 562 1063 570 .
1102 562 1110 570 .
1150 520 1307 584 Super
1330 517 1505 582 quibus
1542 554 1550 563 .
1588 553 1597 562 .
1634 553 1643 561 .
1683 511 1960 560 Malcomus
1983 510 2133 560 abbas
2169 551 2177 559 .
2216 551 2225 560 .
2263 550 2272 560 .
2309 512 2634 561 instrumenta

597 617 747 682 peciit
783 643 793 654 ·
831 616 958 664 A&a
992 620 1133 661 erant
1166 611 1258 659 hec
1294 609 1345 656 in
1379 604 1599 671 pretorio
1630 602 1809 668 prefati
1840 602 1986 667 burgi
2011 603 2073 651 de
2098 602 2391 652 Abbirdene
2417 605 2469 653 in
2495 604 2635 653 curia

601 700 897 757 vicecemitis
922 703 1132 753 eiusdem
1168 701 1291 748 hora
1322 697 1454 761 quafi
1491 695 1683 743 decima
1717 702 1833 743 ante
1869 694 2139 743 merediem
2181 734 2189 743 .
2231 735 2239 743 .
2278 735 2287 743 .
2329 696 2634 760 presentibus

600 841 608 848 .
651 839 659 847 .
703 838 711 846 .
755 795 978 845 Ranaldo
1013 793 1154 842 Chen
1189 817 1200 828 ·
1237 789 1469 838 Johanne
1504 786 1833 851 Pytmethane
1868 786 2069 834 domino
2104 786 2318 836 eiusdem
2356 813 2367 824 ·
2405 787 2636 852 magistro

600 888 887 937 Alexandro
912 884 1060 932 Waus
1084 880 1412 947 prebendario
1448 880 1510 927 de
1545 877 1833 944 Dulmayok
1863 878 1915 926 in
1947 879 2152 928 eeclesia
2185 879 2458 929 cathedrali
2490 880 2637 928 Abir-

601 979 795 1028 donenfi
835 993 891 1024 ac
930 961 1124 1023 officiali
1166 972 1378 1021 eiusdem
1423 1001 1432 1011 ·
1474 969 1766 1018 Alexandro
1810 969 2061 1019 Chaumer
2101 970 2347 1035 prepofito
2390 972 2533 1036 burgi
2575 972 2636 1020 de

601 1068 865 1119 Abberden
896 1093 906 1103 ·
938 1063 1155 1113 Ricardo
1180 1062 1380 1126 Kyntor
1411 1088 1421 1098 ·
1452 1061 1742 1109 Alexandro
1774 1060 2010 1126 Blyndsel
2041 1089 2051 1099 ·
2081 1061 2252 1111 Dauid
2279 1061 2508 1128 Symonis
2542 1089 2552 1099 ·
2590 1072 2637 1111 et

602 1160 885 1210 Alexandro
914 1156 1195 1221 Howysoun
1235 1183 1245 1193 ·
1283 1153 1604 1218 burgenfibus
1629 1151 1745 1200 dieti
1775 1152 1922 1218 burgi
1959 1180 1970 1190 ·
2009 1170 2122 1202 eum
2151 1153 2319 1202 multis
2354 1154 2463 1202 aliis
2511 1194 2519 1202 .
2571 1194 2578 1202 .
2630 1194 2637 1202 .

669 1252 913 1299 Robertus
937 1247 1051 1295 Leis
1077 1286 1085 1293 .
1113 1285 1120 1294 .
1148 1285 1156 1293 .
1183 1245 1404 1293 notarius
1429 1284 1437 1292 .
1465 1284 1474 1292 .
1502 1283 1510 1291 .
1536 1243 1571 1292 J
1574 1244 1793 1293 ohannes
1819 1244 2028 1310 Guthyn
2053 1286 2062 1294 .
2089 1285 2099 1294 .
2126 1285 2134 1294 .
2162 1246 2385 1295 not-arius
2411 1286 2419 1294 .
2448 1285 2456 1293 .
2484 1286 2492 1294 .

603 1501 703 1571 De
726 1517 1156 1583 perambulacione
1181 1515 1409 1565 facienda
1432 1515 1564 1564 inter
1591 1514 1794 1564 Terwas
1817 1523 1867 1564 et
1892 1515 2159 1565 Meldrum.

608 1680 681 1751 In
706 1700 804 1748 Dei
828 1700 1025 1748 nomine
1050 1716 1191 1748 amen
1218 1727 1228 1738 ·
1254 1698 1351 1747 Per
1375 1698 1470 1746 hoc
1515 1737 1524 1746 .
1574 1736 1583 1745 .
1633 1736 1643 1744 .
1691 1702 1860 1760 pateat
1912 1734 1922 1744 .
1972 1735 1980 1744 .
2032 1735 2041 1744 .
2095 1696 2228 1760 quod
2258 1714 2389 1745 anno
2421 1697 2646 1747 incarna-

610 1792 764 1840 cionis
788 1791 1031 1839 dominice
1055 1789 1307 1839 millefimo
1329 1788 1811 1854 quadringentefimo
1834 1787 2129 1852 sexagesimo
2164 1805 2295 1837 nono
2334 1819 2344 1829 ·
2379 1789 2646 1837 indifflone

610 1884 822 1933 secunda
861 1911 870 1921 ·
907 1882 1219 1947 pontificatus
1261 1922 1269 1931 .
1314 1922 1322 1930 .
1366 1921 1374 1929 .
1418 1880 1561 1930 Pauli
1600 1919 1608 1928 .
1649 1919 1658 1927 .
1701 1919 1710 1928 .
1754 1896 1882 1944 pape
1918 1879 2118 1928 secundi
2152 1896 2283 1929 anno
2308 1880 2481 1945 quinto
2519 1908 2529 1919 ·
2568 1881 2647 1929 die

613 1993 728 2024 vero
763 1975 935 2023 menfis
959 1973 1080 2024 Julii
1113 1974 1245 2022 sexto
1283 2014 1291 2022 .
1331 2013 1340 2021 .
1380 2013 1388 2021 .
1428 1972 1704 2021 Malcomus
1741 2010 1751 2019 .
1792 2010 1800 2019 .
1841 2011 1849 2019 .
1890 1971 2041 2020 abbas
2079 2011 2088 2020 .
2129 2011 2138 2021 .
2178 2011 2187 2021 .
2227 1972 2288 2021 de
2310 1971 2647 2021 Abirbrothoc

665 2107 672 2115 .
718 2107 725 2114 .
769 2084 828 2114 ex
863 2083 959 2114 vna
990 2072 1038 2114 et
1079 2105 1088 2114 .
1131 2105 1140 2114 .
1184 2105 1193 2114 .
1232 2065 1517 2114 Alexander
1555 2064 1777 2130 Seytoun
1801 2062 2029 2112 dominus
2053 2064 2114 2112 de
2139 2063 2391 2113 Meldrum
2432 2104 2441 2113 .
2485 2105 2493 2113 .
2536 2105 2544 2113 .
2588 2065 2649 2113 ab

613 2159 768 2208 altera
790 2175 938 2222 penes
962 2157 1192 2221 quasdam
1217 2156 1570 2205 contrauerfias
1612 2195 1621 2205 .
1664 2194 1674 2204 .
1717 2195 1727 2204 .
1770 2155 1914 2219 super
1949 2154 2096 2203 terris
2131 2155 2490 2205 debatabilibus
2519 2156 2650 2205 inter

615 2251 803 2299 easdem
838 2259 1003 2314 partes
1038 2255 1194 2297 motas
1229 2247 1456 2297 indefisas
1491 2247 1768 2297 iacentibus
1797 2246 1929 2295 inter
1958 2254 2118 2296 terras
2140 2247 2346 2296 baronie
2370 2248 2432 2296 de
2457 2247 2651 2296 Taruas

669 2382 676 2389 .
720 2381 728 2390 .
771 2340 935 2389 abbati
975 2380 985 2388 .
1028 2379 1037 2387 .
1080 2379 1090 2388 .
1130 2339 1434 2404 pertinentes
1474 2347 1523 2389 et
1563 2337 1762 2405 [terras]
1798 2338 2004 2386 dominii
2041 2339 2103 2388 de
2141 2338 2392 2388 Meldrum
2431 2339 2651 2404 predi&o

618 2433 903 2480 Alexandro
927 2431 1195 2496 spe&antes
1230 2458 1239 2467 ·
1276 2432 1561 2496 quiquidem
1596 2430 1747 2480 abbas
1781 2430 1982 2478 nomine
2017 2430 2088 2478 sui
2124 2438 2174 2479 et
2210 2430 2281 2479 sui
2317 2438 2588 2480 conuentus
2624 2448 2653 2479 a

621 2523 748 2570 dieto
787 2521 1072 2569 Alexandro
1108 2521 1473 2571 restitucionem
1511 2522 1820 2587 quarundam
1857 2521 2064 2587 segitum
2101 2522 2253 2587 peciit
2294 2539 2415 2586 quas
2456 2521 2653 2571 afferuit

622 2613 775 2675 ipsum
815 2610 1152 2660 Alexandrum
1191 2613 1251 2660 de
1290 2612 1430 2661 dietis
1466 2614 1611 2662 terris
1652 2653 1662 2662 .
1705 2654 1714 2663 .
1759 2653 1767 2662 .
1811 2614 1932 2663 alias
1970 2614 2132 2663 minus
2167 2614 2292 2663 iuste
2327 2614 2569 2664 abstulisse
2605 2624 2653 2663 et

623 2702 847 2752 alienasse
881 2728 892 2738 ·
927 2701 1041 2759 Qua
1063 2703 1310 2766 peticione
1334 2703 1503 2752 audita
1526 2713 1575 2754 et
1598 2706 1788 2755 racioni
1814 2706 2026 2756 consona
2050 2707 2356 2756 confiderata
2378 2708 2479 2772 ipse
2504 2707 2654 2756 Alex-

624 2795 778 2843 ander
802 2794 865 2842 ad
889 2793 1039 2841 dietas
1063 2801 1219 2841 terras
1251 2832 1260 2841 .
1294 2833 1302 2841 .
1337 2833 1346 2842 .
1381 2811 1491 2842 cum
1516 2795 1644 2844 (Ιὶᾶο
1669 2798 1844 2847 abbate
1880 2837 1889 2847 .
1927 2837 1936 2847 .
1974 2837 1984 2847 .
2020 2797 2215 2848 aeceffit
2239 2807 2289 2848 et
2312 2799 2457 2864 super
2480 2800 2652 2848 eodem

624 2885 777 2934 fundo
823 2883 1014 2948 pillium
1058 2882 1194 2931 suum
1241 2900 1352 2931 cum
1391 2884 1437 2932 le
1477 2892 1652 2950 typpat
1696 2905 1785 2951 per
1831 2889 2031 2938 modum
2075 2890 2377 2939 redu&ionis
2413 2890 2655 2939 divitarum

625 2976 827 3041 segitnm
875 2973 1169 3037 nomineque
1215 2974 1543 3023 restitucionis
1589 2979 1855 3027 earundem
1903 3019 1913 3029 .
1962 3020 1971 3028 .
2021 3020 2031 3029 .
2078 2981 2284 3047 propria
2331 2998 2480 3031 manu
2528 3022 2536 3030 .
2586 3022 2594 3029 .
2645 3022 2653 3030 .

626 3066 838 3116 restituit
877 3091 888 3101 ·
924 3063 1122 3113 Deinde
1143 3064 1282 3112 ambe
1307 3071 1471 3128 partes
1514 3102 1525 3112 .
1569 3104 1578 3114 .
1621 3105 1630 3115 .
1674 3070 2038 3122 consenfierunt
2062 3074 2147 3122 vni
2178 3074 2320 3123 breui
2350 3074 2654 3139 perambula-

628 3158 782 3207 eionis
807 3157 1046 3205 diffluum
1069 3162 1312 3204 terrarum
1336 3171 1366 3203 a
1407 3194 1415 3203 ·
1459 3194 1468 3204 ·
1512 3195 1520 3203 ·
1564 3157 1694 3222 regis
1718 3161 1907 3225 capella
1937 3164 2214 3212 emanando
2238 3163 2336 3213 fine
2360 3165 2656 3229 excepcione
