2762 3834
425 2059 521 2108 439

438 3071 535 3114 440

571 374 668 418 350
1018 362 1443 416 REGISTRUM
1477 360 1574 409 DE
1610 355 2169 407 ABERBROTHOC.

572 501 835 551 ratificauit
870 507 1027 548 ratam
1052 506 1101 547 et
1122 505 1314 563 gratam
1338 492 1510 542 habuit
1535 499 1584 540 et
1609 488 1891 554 acceptauit
1928 517 1938 527 ·
1982 487 2142 553 Super
2177 488 2354 553 quibus
2391 488 2615 537 omnibus

572 604 621 642 et
647 593 843 657 singulis
868 592 1023 639 di&us
1048 588 1278 653 magister
1305 585 1552 649 Georgius
1578 581 1848 647 postulatus
1885 598 1914 629 a
1948 598 2027 629 me
2062 581 2258 629 notario
2293 581 2493 646 publico
2530 581 2616 629 fibi

571 684 676 732 fieri
702 683 852 747 peciit
878 698 1024 730 vnum
1050 680 1130 728 seu
1155 679 1301 743 plura
1323 676 1574 741 publicum
1601 674 1683 722 seu
1705 673 1905 739 publica
1927 674 2307 722 instrumentum
2332 674 2414 722 seu
2438 673 2615 721 instru-

572 782 733 821 menta
768 800 778 810 ·
810 788 868 819 ac
893 770 954 819 ad
979 767 1125 834 ipsius
1149 766 1498 832 postulacionis
1535 765 1844 815 euidenciam
1878 766 2131 830 pociorem
2163 765 2279 813 dieti
2310 765 2535 829 subprior
2571 773 2620 814 et

572 871 842 913 conuentus
867 860 1075 926 sigillum
1101 876 1360 908 commune
1379 858 1495 906 dieti
1520 858 1806 907 monasterii
1823 857 2037 922 presenti
2056 857 2383 906 instrumento
2403 857 2617 922 appendi

571 957 901 1004 decreuerunt
935 960 985 1000 et
1021 959 1353 1016 preceperunt
1390 977 1400 987 ·
1438 950 1569 999 Αᾶὶε,
1609 957 1752 999 erant
1790 949 1884 998 hec
1922 950 1973 997 in
2011 949 2140 998 dicto
2177 948 2471 998 monasterio
2507 949 2617 998 loco

572 1046 828 1112 capitulari
854 1045 1066 1094 eiusdem
1091 1045 1216 1093 hora
1239 1044 1432 1092 decima
1457 1052 1571 1092 ante
1606 1042 1875 1091 merediem
1911 1042 1992 1090 uel
2027 1041 2223 1090 eocirca
2256 1041 2341 1090 sub
2372 1058 2503 1090 anno
2539 1042 2620 1090 die

571 1140 733 1188 mense
759 1138 1025 1187 indifflone
1050 1145 1099 1186 et
1123 1135 1412 1201 pontificatu
1439 1134 1616 1200 quibus
1640 1134 1787 1199 supra
1808 1134 2116 1199 presentibus
2154 1134 2335 1183 ibidem
2371 1134 2618 1183 nobilibus

572 1241 619 1280 et
658 1230 871 1296 egregiis
911 1229 1028 1278 viris
1066 1227 1311 1293 magistris
1350 1235 1400 1276 et
1438 1227 1650 1275 dominis
1694 1226 1915 1292 Georgio
1955 1225 2199 1291 Hepburn
2249 1227 2439 1275 decano
2479 1226 2619 1275 Dun-

571 1321 786 1371 keldenfl
812 1339 871 1370 ac
898 1319 1195 1370 Morauienfi
1217 1319 1522 1369 thesaurario
1541 1327 1719 1384 patruo
1737 1318 1886 1383 ipsius
1905 1317 2169 1383 postulati·
2192 1318 2354 1367 Adam
2377 1318 2621 1383 Hepburn

572 1416 631 1462 de
660 1413 898 1479 Ogistone
924 1441 934 1451 ·
965 1411 1185 1477 Georgio
1207 1411 1417 1460 Browne
1443 1411 1743 1461 cancellario
1763 1411 2104 1462 Dunkeldenfi
2130 1439 2141 1450 ·
2163 1412 2199 1462 J
2202 1414 2356 1462 acobo
2377 1411 2589 1478 Heryng
2612 1439 2622 1449 ·

572 1514 619 1554 et
644 1505 901 1554 Bernardo
930 1504 1121 1570 Gargill
1145 1531 1155 1541 ·
1181 1502 1383 1552 testibus
1408 1505 1471 1553 ad
1495 1504 1721 1569 premissa
1745 1505 1933 1554 vocatis
1957 1506 2146 1571 pariter
2171 1514 2220 1556 et
2243 1507 2443 1571 rogatis.

638 1638 647 1647 .
683 1638 692 1646 .
731 1634 741 1645 .
780 1597 1060 1646 Willelmus
1087 1596 1309 1646 leande
1346 1636 1355 1645 .
1393 1637 1403 1646 .
1442 1636 1451 1645 .
1489 1597 1711 1646 notarius
1747 1636 1757 1647 .
1794 1636 1805 1647 .
1843 1636 1854 1647 .
2154 1580 2158 1583 .

583 1844 710 1933 [De
735 1869 1058 1933 expedicione
1081 1868 1327 1916 bullarum
1357 1867 1543 1916 domini
1574 1868 1782 1934 Georgii
1814 1869 2057 1934 Hepburn
2084 1869 2350 1935 postulati]

577 2032 982 2103 Memorandum
1021 2054 1153 2117 quod
1179 2052 1401 2117 subprior
1427 2060 1476 2102 et
1502 2061 1777 2101 conuentus
1802 2053 1863 2101 de
1889 2052 2229 2102 Abirbrothoc
2261 2053 2621 2102 constituerunt

573 2153 918 2209 procuratores
963 2146 1025 2193 ad
1060 2145 1404 2209 recipiendum
1444 2145 1496 2194 in
1536 2144 1858 2209 expedicione
1896 2144 2143 2193 bullarum
2182 2144 2368 2193 domini
2413 2144 2620 2210 Georgii

576 2236 818 2301 Hepburn
853 2236 1084 2301 postulati
1121 2237 1167 2284 ἱ111
1194 2243 1239 2285 vc
1264 2238 1555 2286 ducatorum
1582 2237 1689 2285 auri
1716 2236 1766 2284 in
1793 2254 1914 2285 auro
1938 2236 2055 2284 boni
2078 2244 2128 2285 et
2152 2236 2264 2284 iusti
2289 2237 2522 2301 ponderis
2558 2238 2621 2286 ad

573 2328 820 2377 racionem
844 2328 980 2376 mille
1005 2337 1054 2377 et
1079 2329 1462 2394 quingentarum
1499 2328 1739 2377 librarum
1771 2336 1968 2377 monete
1996 2328 2240 2377 currentis
2268 2327 2442 2378 Scocie
2465 2328 2621 2377 inclu-

575 2419 672 2468 siue
714 2438 845 2468 anno
886 2419 1093 2468 Domini
1136 2427 1203 2484 m?
1242 2420 1481 2486 quingen⁰
1515 2421 1672 2470 tercio
1712 2421 1794 2469 die
1836 2419 2065 2469 vicefimo
2107 2419 2283 2468 mensis
2324 2419 2585 2469 Februarii
2608 2449 2620 2460 ·

579 2511 677 2567 Qui
719 2511 945 2559 dominus
989 2511 1257 2576 postulatus
1299 2512 1447 2576 paulo
1486 2511 1591 2577 post
1628 2512 1931 2577 presentauit
1968 2511 2128 2560 bullas
2168 2511 2369 2576 papales
2406 2512 2622 2576 capitulo

580 2619 788 2649 vnacum
814 2602 1093 2652 comiffione
1117 2611 1339 2668 tempore
1365 2603 1627 2668 capitulari
1653 2612 1747 2653 etc.

584 2861 921 2948 Dunnechyn
947 2882 1139 2932 brafina
1162 2882 1403 2932 afl'edatur
1427 2884 1680 2934 Willelmo
1704 2885 2007 2933 Andersone.

588 3106 596 3115 .
639 3103 650 3114 .
693 3102 703 3113 .
748 3065 922 3115 Pateat
966 3102 977 3114 .
1019 3103 1029 3114 .
1071 3103 1081 3114 .
1122 3084 1212 3114 nos
1239 3066 1512 3131 Georgium
1558 3105 1568 3115 .
1615 3105 1625 3115 .
1668 3105 1678 3116 .
1727 3108 1737 3117 .
1787 3068 2013 3117 abbatem
2050 3107 2059 3117 .
2097 3107 2107 3116 .
2144 3106 2154 3117 .
2204 3071 2263 3117 de
2287 3067 2622 3118 Abirbrothoc

637 3198 646 3206 .
686 3197 695 3207 .
740 3156 964 3207 assedafl'e
1012 3197 1021 3207 .
1070 3197 1079 3207 .
1129 3197 1137 3207 .
1187 3157 1421 3207 Villelmo
1458 3158 1723 3208 Androson
1759 3189 1769 3200 ·
1810 3160 2024 3209 Mariote
2058 3159 2229 3224 sponse
2265 3159 2344 3208 sue
2395 3197 2404 3206 .
2451 3196 2462 3207 .
2512 3196 2525 3207 .
2573 3167 2621 3207 et
