2762 3834
637 342 1063 395 REGISTRUM
1089 344 1193 428 *DE
1229 346 1788 400 ABERBROTHOC.
1953 358 1955 360 ’
2131 358 2228 409 219

190 550 473 623 Affedacio
496 568 763 634 garbarum
787 565 1102 615 decimalium
1127 568 1188 616 de
1214 568 1458 619 Breklaw.

26 721 140 801 ἴ255
189 729 317 804 Nos
351 748 522 798 Dauid
557 749 707 798 abbas
744 784 755 796 .
790 786 800 796 .
838 786 847 796 .
883 747 944 795 de
972 745 1312 798 Abirbrothoc
1348 786 1360 798 .
1397 787 1408 798 .
1445 788 1456 799 .
1494 751 1762 801 affedamus
1792 789 1803 800 .
1839 789 1850 800 .
1883 789 1895 802 ,η
1926 752 2040 802 Α(16
2078 751 2232 802 Crau—

27 844 29 863 ⁴
190 845 330 893 furde
353 842 582 908 burgenfi
606 842 668 890 de
689 839 986 905 Abbirdcyn
1008 876 1019 888 .
1043 875 1054 888 .
1078 875 1089 888 .
1111 840 1327 889 decimas
1350 842 1576 907 garbales
1594 844 1709 892 ville
1733 845 1898 894 nostre
1924 846 1985 893 de
2004 844 2231 893 Breklaw

190 938 251 986 de
276 936 467 985 Terues
497 975 506 984 .
540 974 550 984 .
583 971 594 983 .
614 949 707 999 pro
732 972 742 982 .
769 971 778 982 .
805 971 815 981 .
841 939 945 981 toto
971 939 1193 996 tempore
1218 931 1318 981 vite
1346 969 1357 981 .
1386 970 1398 982 .
1427 969 1438 981 .
1463 950 1554 998 pro
1587 935 1682 983 suis
1706 936 1925 985 seruiciis
1950 936 2161 985 concilio
2183 943 2233 985 et

190 1028 372 1079 auxilio
387 1026 687 1076 monasterio
704 1062 716 1074 .
737 1063 749 1074 .
767 1062 780 1074 .
795 1024 1053 1074 retroactis
1072 1025 1375 1088 temporibus
1393 1025 1621 1091 impenfis
1636 1055 1647 1066 ·
1665 1027 1913 1077 Soluendo
1932 1064 1943 1077 .
1962 1067 1972 1079 .
1991 1065 2003 1078 .
2023 1036 2233 1094 quatuor

188 1122 337 1171 libras
371 1128 568 1169 monete
607 1117 781 1169 Scocie
817 1117 882 1166 ad
913 1157 923 1167 .
962 1156 972 1166 .
1008 1153 1020 1165 .
1053 1116 1203 1166 festa.
1225 1156 1236 1166 .
1264 1155 1274 1165 .
1299 1116 1484 1166 Pasche
1521 1124 1570 1167 et
1607 1117 1772 1168 Sancti
1807 1120 1944 1168 Petri
1969 1119 2234 1170 aduincula

189 1253 198 1263 .
223 1254 232 1262 .
260 1250 271 1262 .
298 1212 452 1278 Apud
477 1251 487 1261 .
510 1250 518 1260 .
543 1249 555 1260 .
580 1209 850 1275 capitulum
873 1209 976 1259 xxii
1001 1208 1082 1258 die
1106 1208 1280 1257 mensis
1304 1207 1340 1257 J
1342 1209 1446 1257 unii
1471 1226 1601 1258 anno
1625 1209 1832 1260 Domini
1859 1215 1999 1261 1485.

189 1462 473 1535 Affedacio
498 1481 701 1532 ecclefie
726 1483 787 1530 de
813 1482 1016 1547 Gamry.

33 1659 134 1710 *256
189 1641 316 1714 Nos
356 1663 527 1712 Dauid
568 1663 718 1711 abbas
755 1699 768 1711 .
807 1699 819 1710 .
858 1699 869 1710 .
905 1662 966 1709 de
1008 1660 1349 1710 Abirbrothoc
1390 1698 1400 1708 .
1439 1700 1448 1710 .
1486 1700 1496 1710 .
1534 1660 1802 1710 affedamus
1843 1701 1852 1711 .
1902 1699 1913 1710 .
1957 1701 1966 1711 .
2016 1662 2232 1711 Patricio

193 1754 388 1805 Steuart
413 1763 462 1804 et
486 1754 693 1804 Isabelle
726 1754 893 1819 sponse
918 1755 1001 1803 sue
1039 1791 1051 1802 .
1096 1792 1107 1803 .
1152 1790 1164 1802 .
1200 1753 1389 1817 suisque
1426 1752 1675 1818 affignatis
1707 1754 1970 1802 dummodo
2011 1791 2023 1802 .
2068 1791 2080 1802 .
2122 1790 2134 1802 .
2174 1753 2234 1802 de

190 1848 421 1899 consensu
455 1848 622 1896 nostro
659 1847 984 1895 admittantur
1014 1885 1024 1895 .
1061 1884 1072 1895 .
1108 1885 1118 1895 .
1155 1846 1371 1895 decimas
1401 1846 1629 1912 garbales
1655 1847 1854 1895 ecclesie
1880 1847 1941 1895 de
1969 1846 2234 1896 Gammere

189 1957 298 1996 cum
329 1977 341 1988 .
379 1976 390 1987 .
422 1976 432 1987 .
470 1938 706 1988 connexis
749 1946 797 1988 et
838 1938 1043 1987 annexis
1090 1955 1179 2002 pro
1222 1938 1434 1987 termino
1483 1938 1797 1987 triumdecim
1838 1956 2080 1988 annorum
2118 1976 2128 1987 .
2169 1976 2179 1986 .
2222 1974 2233 1985 .

189 2031 398 2081 termino
434 2031 667 2081 introitus
701 2068 712 2079 .
750 2067 761 2079 .
801 2068 812 2080 .
845 2029 1118 2095 incipiente
1154 2030 1206 2079 in
1242 2031 1363 2080 festo
1403 2029 1568 2080 Sansti
1597 2030 1735 2080 Petri
1770 2031 2036 2080 aduincula
2070 2031 2233 2080 datam

188 2125 494 2189 presencium
515 2124 800 2173 immediate
823 2122 1056 2187 sequente
1093 2161 1103 2172 .
1137 2162 1148 2172 .
1181 2162 1191 2173 .
1223 2123 1474 2175 Soluendo
1509 2163 1518 2172 .
1555 2161 1566 2172 .
1604 2161 1615 2172 .
1648 2124 1881 2172 summam
1907 2122 2234 2188 quadraginta

185 2216 423 2266 librarum
457 2255 468 2266 .
505 2256 515 2266 .
552 2255 562 2265 .
600 2223 796 2265 monete
825 2214 1000 2265 Scocie
1026 2215 1090 2264 ad
1120 2255 1129 2264 .
1164 2253 1175 2264 .
1214 2254 1225 2264 .
1257 2216 1381 2265 festa
1404 2215 1589 2264 Pasche
1626 2223 1675 2264 et
1712 2214 1875 2265 Sancti
1902 2215 2040 2264 Petri
2063 2214 2232 2263 aduin—

191 2309 300 2359 cula
336 2347 347 2357 .
385 2347 397 2358 .
430 2347 440 2358 .
472 2309 539 2358 Et
562 2308 597 2357 fi
623 2309 880 2373 contingat
918 2345 929 2356 .
966 2346 978 2357 .
1019 2345 1030 2356 .
1069 2307 1342 2357 Patricium
1367 2305 1446 2356 vel
1479 2305 1735 2356 Isabellam
1771 2345 1781 2355 .
1817 2346 1826 2355 .
1864 2344 1874 2354 .
1910 2307 1962 2355 in
1987 2305 2231 2354 solucione

239 2438 251 2450 .
285 2439 296 2450 .
329 2400 393 2450 ad
432 2400 668 2450 terminos
704 2438 713 2447 .
747 2439 758 2449 .
792 2439 802 2449 .
839 2400 921 2450 uel
961 2399 1093 2448 infra
1132 2399 1313 2466 viginti·
1358 2399 1462 2448 dies
1501 2437 1511 2448 .
1548 2437 1560 2448 .
1599 2438 1610 2448 .
1654 2399 1864 2448 deficere
1906 2437 1917 2448 .
1959 2435 1970 2447 .
2011 2435 2022 2446 .
2064 2397 2232 2446 licebit

192 2492 330 2542 nobis
365 2532 376 2542 .
414 2530 425 2541 .
459 2531 469 2541 .
507 2493 568 2541 de
606 2529 616 2540 .
656 2530 667 2541 .
696 2530 706 2540 .
762 2491 967 2541 decimis
1011 2499 1061 2541 et
1104 2492 1310 2541 ecclefia
1346 2530 1357 2540 .
1399 2529 1411 2540 .
1449 2528 1458 2538 .
1496 2492 1752 2556 disponere
1796 2529 1807 2540 .
1853 2528 1864 2539 .
1891 2527 1902 2538 .
1941 2489 2093 2554 Apud
2125 2526 2136 2537 .
2176 2527 2186 2538 .
2220 2525 2228 2537 .

192 2584 458 2650 capitulum
482 2584 603 2633 xxiii
627 2583 707 2633 die
731 2583 906 2632 menfis
929 2583 966 2633 J
968 2583 1072 2633 unii
1099 2601 1228 2633 anno
1253 2583 1459 2632 Domini
1485 2588 1630 2632 1485.

196 2829 477 2902 Affedacio
502 2851 704 2900 dimidie
730 2849 884 2915 partis
909 2848 1026 2898 ville
1051 2848 1112 2897 de
1137 2848 1390 2915 Baldowy.

57 3029 144 3084 257
196 3006 470 3081 Uniuerfis
516 3036 685 3094 pateat
726 3067 736 3077 .
773 3066 783 3077 .
823 3066 833 3076 .
866 3044 957 3076 nos
1003 3027 1175 3077 Dauid
1211 3065 1222 3076 .
1263 3065 1274 3077 .
1306 3067 1315 3077 .
1354 3030 1578 3078 abbatem
1623 3066 1634 3077 .
1676 3068 1686 3078 .
1735 3066 1746 3078 .
1792 3030 1853 3078 de
1899 3029 2233 3079 Abirbrothoc

249 3157 260 3169 .
297 3159 308 3170 .
345 3120 567 3170 affedaffe
608 3160 618 3170 .
660 3160 670 3170 .
714 3159 723 3170 .
772 3119 942 3169 Dauid
984 3119 1137 3167 anis
1179 3128 1227 3169 et
1268 3121 1457 3185 Agneti
1500 3122 1670 3186 sponse
1711 3123 1793 3170 sue
1827 3160 1838 3171 .
1879 3161 1888 3171 .
1930 3161 1940 3171 .
1982 3123 2231 3170 dimidiam
