2742 3848
405 381 504 430 618

460 538 582 573 mour,
615 523 918 574 Athkarmoure,
948 520 1134 573 regalitas
1162 519 1210 559 (16
1229 518 1418 559 Abirbro-

461 596 552 636 thoe
570 600 620 644 et,
640 596 731 644 175,
749 595 840 643 258,
863 595 955 641 284,
978 593 1070 640 285,
1092 592 1185 639 332,
1208 591 1303 640 366,
1324 591 1419 640 490,

464 669 557 707 495.
647 701 650 703 .

408 738 654 788 Ethcarmor,
674 741 776 777 terre
794 735 854 783 de,
880 735 971 784 175,
996 735 1088 773 258.

410 953 619 998 FALLATY,
641 953 743 987 terre
764 947 823 999 de,
847 948 912 999 66,
937 949 1002 987 67.

409 1021 643 1071 Fasdafach,
665 1019 910 1070 Fasdauaoh,
932 1024 1038 1059 terra
1056 1018 1116 1070 de,
1142 1020 1204 1068 14,
1231 1020 1295 1067 16,
1322 1019 1385 1058 17.

408 1094 572 1142 Fechill,
595 1094 679 1132 vide
700 1090 981 1131 Garnfeichall.

407 1168 511 1218 Fery
532 1165 652 1213 Croft,
673 1164 723 1213 le,
743 1164 829 1203 vide
850 1163 984 1203 Torre.

408 1238 676 1288 Fettirangus,
699 1235 866 1275 ecclesia
889 1234 949 1283 de,
971 1236 1065 1274 448.

407 1310 534 1360 Firth,
549 1309 690 1361 Fyrth,
704 1320 911 1348 commune
926 1306 974 1346 de
989 1306 1038 1356 le,
1053 1307 1135 1346 vide
1146 1306 1424 1347 Abirbrothoc.

533 1381 583 1432 le,
605 1381 688 1421 vide
710 1381 848 1420 Torre.

406 1478 516 1484 ——
535 1467 645 1493 mora
662 1457 806 1493 vocata
823 1451 887 1502 lie,
911 1451 996 1491 vide
1017 1450 1175 1490 Brakie.

408 1527 524 1578 Fivy,
568 1525 691 1576 Fiwe,
736 1524 916 1573 Fiwuen,
962 1524 1089 1575 Fyue,
1123 1523 1255 1575 Fyvy,
1287 1523 1424 1574 wae,

414 1635 416 1638 ,
461 1600 622 1650 waey,
636 1598 775 1649 way,
789 1597 956 1649 wayn,
970 1595 1134 1636 baronia
1145 1595 1205 1647 de,
1220 1596 1314 1644 476,
1331 1596 1424 1635 528.

533 1671 684 1722 burgus
705 1683 772 1709 seu
791 1669 890 1708 villa.
907 1669 967 1717 de,
989 1671 1054 1717 72,
1079 1670 1172 1708 147.

414 1775 416 1777 .
534 1742 700 1782 ecclesia
720 1742 779 1790 de,
803 1743 895 1789 217,
919 1742 1013 1790 260,
1035 1740 1129 1791 325,
1151 1741 1245 1780 475.

534 1813 804 1853 molendinum
824 1813 884 1861 de,
908 1814 1000 1863 217,
1022 1812 1116 1862 475,
1139 1812 1234 1851 476.

536 1885 719 1937 parochia
739 1885 799 1933 de,
818 1885 912 1932 443,
935 1885 1029 1934 457,
1057 1884 1150 1933 458,
1172 1883 1266 1932 464,
1290 1884 1382 1922 515.

409 1980 517 1987 -—
535 1956 729 2009 prioratus
750 1969 820 1995 seu
839 1954 993 2007 capella
1012 1955 1072 2005 de,
1095 1955 1161 2003 28,
1183 1955 1248 2003 56,
1272 1956 1337 2003 78,
1360 1955 1424 2005 79,

465 2031 558 2069 372.

537 2100 636 2139 villa.
664 2099 826 2140 ecclesie
847 2099 907 2147 de,
929 2096 1115 2151 Kyrkton
1133 2097 1193 2149 de,
1216 2099 1310 2146 373,
1331 2098 1426 2146 475,

465 2174 560 2212 476.
989 2177 991 2179 ’

538 2243 635 2283 villa
655 2248 695 2282 et
713 2247 815 2282 terre
833 2243 894 2290 de,
915 2244 1009 2290 217,
1029 2242 1123 2281 464.

411 2315 632 2364 Flanderis,
655 2314 865 2365 Flandrea,
884 2313 1088 2364 Flandria,
1106 2312 1316 2365 Flandrys,
1336 2314 1428 2362 187,

468 2388 559 2437 265,
583 2388 677 2434 314,
699 2389 793 2427 408.

412 2459 633 2507 Florencia,
656 2460 720 2509 53,
743 2459 836 2498 529.

414 2530 567 2582 Follay,
589 2530 755 2581 Mekyll,
776 2529 874 2569 villa
893 2529 954 2578 de,
975 2530 1070 2577 443,
1093 2529 1185 2568 515.

414 2603 548 2653 Foras,
570 2603 732 2653 ForayS,
755 2602 888 2650 Fores,
909 2601 1058 2653 burgus
1079 2614 1147 2640 seu
1166 2600 1265 2640 villa
1283 2600 1344 2650 de,
1365 2602 1427 2651 11,

470 2676 535 2722 84,
557 2675 650 2722 426,
673 2676 767 2714 437.

416 2745 581 2793 Forfair,
612 2745 764 2791 Forfar,
794 2743 969 2792 Forfare‚
995 2744 1146 2794 burgus
1165 2757 1235 2784 seu
1251 2743 1350 2783 villa
1367 2743 1427 2792 de,

471 2818 536 2864 21,
559 2818 624 2863 22,
649 2817 712 2861 65,
736 2816 801 2863 85,
824 2816 963 2863 94-97,
988 2816 1079 2863 140,
1104 2816 1195 2863 146,
1217 2816 1311 2854 545.

545 2886 762 2927 communis
780 2885 938 2925 venella
955 2885 1073 2936 burgi
1092 2885 1151 2936 de,
1175 2887 1240 2925 85.

544 2963 781 3007 tenementa,
812 2963 926 3006 terre,
956 2970 1024 2997 seu
1043 2957 1144 2997 tofta
1162 2958 1204 2996 in
1223 2958 1349 3009 burgo
1368 2958 1430 3006 de,

473 3032 537 3082 65,
561 3032 626 3080 85,
649 3032 742 3079 386,
761 3031 853 3070 536.

543 3106 645 3142 terre
665 3115 734 3142 seu
752 3101 789 3141 le
809 3100 956 3153 Kingis
974 3099 1087 3140 Mure
1103 3099 1162 3148 de,
1181 3101 1319 3151 93-96,
1339 3101 1429 3151 140,

476 3176 566 3224 141,
589 3176 679 3213 146.
956 3209 958 3211 ,

546 3245 842 3286 vicecomitatus
869 3244 929 3296 de,
963 3245 1026 3295 18,
1058 3244 1121 3295 75,
1154 3244 1219 3294 94,
1248 3244 1312 3292 95,
1334 3244 1430 3284 100-

1127 376 1367 428 INDEX
1401 375 1786 427 LOCORUM.

1550 520 1640 566 102,
1674 518 1764 567 114,
1798 516 1888 566 150,
1924 517 2014 566 153,
2049 517 2139 567 158,
2174 517 2264 567 192,
2296 519 2389 567 216,
2412 520 2506 566 241,

1547 591 1640 639 280,
1672 590 1765 637 302,
1797 589 1890 637 308,
1922 590 2016 636 327,
2048 590 2141 637 386,
2173 590 2268 638 393,
2299 590 2392 638 398,
2415 591 2509 638 414,

1547 662 1641 709 428,
1672 661 1766 709 433,
1797 661 1892 712 443,
1923 661 2017 711 445,
2048 661 2142 709 450,
2173 661 2267 709 451,
2298 662 2391 710 453,
2415 662 2509 709 454,

1547 734 1642 783 457,
1673 734 1766 783 460,
1798 733 1892 783 469,
1924 734 2018 783 470,
2050 734 2144 784 483,
2175 735 2268 784 489,
2299 735 2393 782 491,
2416 734 2510 783 493,

1548 805 1643 854 494,
1675 804 1768 855 501,
1800 805 1892 855 510,
1925 805 2018 855 512,
2049 805 2142 855 515,
2174 806 2266 855 516,
2297 806 2391 845 518.

1494 874 1660 927 Forfair,
1682 876 1795 916 vicus
1814 876 1909 916 Fori
1926 876 1968 916 in
1987 877 2114 928 burgo
2134 877 2195 928 de,
2218 878 2283 928 65,
2306 879 2371 918 85.

1626 947 1736 988 vicus
1754 949 1886 1000 regius
1905 949 1948 988 in
1963 950 2091 1001 burgo
2111 949 2171 1000 de,
2194 950 2287 989 386.

1496 1019 1669 1059 Forfaris
1689 1019 1819 1069 Bank,
1839 1025 1946 1060 terra
1959 1020 2079 1072 dicta,
2104 1023 2170 1061 65.

1496 1091 1615 1143 Forg,
1642 1092 1786 1144 Forge,
1807 1092 1972 1132 ecclesia
1991 1092 2053 1143 de,
2075 1093 2168 1143 212,
2191 1094 2284 1140 213,
2305 1094 2398 1144 313,
2421 1095 2513 1133 524.

1497 1165 1686 1216 Forglen‚
1705 1164 1871 1205 ecclesia
1890 1165 1952 1213 de,
1973 1167 2067 1214 204,
2090 1167 2183 1215 205,
2205 1167 2298 1215 286,
2319 1166 2411 1205 287.

1496 1259 1593 1266 --
1612 1242 1717 1277 terra.
1736 1237 1797 1288 de,
1825 1238 2027 1290 pertinens
2052 1237 2103 1277 ad
2132 1238 2427 1285 Barcbennach,
2448 1240 2513 1288 37,

1552 1310 1617 1355 38,
1639 1310 1704 1360 48,
1728 1310 1793 1359 91,
1825 1311 1890 1358 92,
1924 1311 2014 1359 182,
2046 1311 2139 1358 205,
2171 1312 2264 1361 206,
2297 1312 2390 1361 273,
2423 1311 2514 1359 286,

1551 1382 1644 1429 287,
1663 1382 1756 1420 330.

1495 1473 1592 1480 ——-
1611 1451 1711 1491 villa
1729 1453 1789 1501 de,
1811 1454 1875 1501 37,
1898 1453 1965 1492 84.

1497 1523 1604 1571 Fori,
1639 1523 1763 1573 vicus,
1802 1525 2064 1576 Marcatgate,
2103 1525 2190 1565 vide
2236 1525 2513 1576 Abirbrothoc,

1552 1595 1703 1635 Forfar.

1497 1690 1595 1697 —-—
1613 1668 1727 1707 vicus
1746 1681 1886 1717 novus,
1906 1669 1994 1709 vide
2013 1658 2293 1710 Abirbrothoc.

1499 1738 1638 1787 Forth,
1661 1752 1766 1791 aqua
1780 1740 1841 1789 de,
1863 1741 1929 1790 20,
1950 1742 2092 1781 94-96.

1434 1840 1437 1843 -
1499 1810 1669 1860 Forthil,
1691 1811 1728 1851 le
1750 1812 1974 1864 Kyrktown
1989 1812 2050 1864 de,
2074 1814 2167 1854 230.

1499 1883 1722 1931 Fothneve‚
1746 1888 1850 1923 terra
1869 1884 1928 1933 de,
1951 1885 2017 1924 84.

1499 1954 1686 2006 Fowteys
1702 1955 1848 2008 wak,
1869 1957 1955 1997 vide
1975 1957 2253 1998 Abirbrothoc.

1499 2026 1643 2075 Frans,
1665 2029 1760 2067 265.
1964 2030 1966 2033 ’

1499 2098 1682 2146 Furdhil,
1703 2099 1914 2151 Furdhyll,
1935 2099 1985 2148 le,
2006 2100 2093 2139 vide
2114 2100 2283 2152 Crachy.

1500 2170 1655 2219 Furdis,
1676 2171 1864 2222 Fuyrdis,
1891 2172 2057 2224 piscarie
2084 2186 2184 2224 aque
2213 2173 2274 2222 de,
2304 2175 2396 2224 404,
2420 2176 2513 2221 405,

1557 2243 1649 2282 505.

1501 2314 1665 2362 Futhes,
1687 2314 1905 2355 Whitelaw
1924 2315 1985 2364 (16,
2005 2317 2099 2356 269.

1501 2385 1622 2437 Futy,
1642 2390 1748 2425 terra
1766 2386 1827 2437 de,
1848 2386 1892 2439 ly
1910 2387 2066 2428 abbatis
2084 2388 2178 2439 Hal,
2201 2391 2267 2439 40,
2292 2391 2385 2429 151.

1629 2458 1741 2497 vicus
1759 2458 1819 2507 de,
1836 2459 1923 2499 vide
1942 2459 2134 2500 Abirden.

1501 2530 1591 2581 Fyf,
1613 2530 1823 2570 comitatus
1842 2531 1904 2580 de,
1925 2533 1990 2571 36.

1501 2601 1732 2653 Fyndyark,
1753 2602 1839 2642 vide
1859 2602 2069 2643 Meldrum.

1501 2674 1692 2726 Fynlarg,
1713 2674 1907 2726 Fynlark,
1925 2674 2024 2715 villa.
2043 2675 2103 2725 de,
2124 2677 2217 2716 224.

1502 2887 1667 2939 GAGHE,
1690 2887 1822 2941 Gagy,
1843 2888 1942 2929 villa
1961 2889 2008 2929 de
2029 2891 2150 2942 Estir,
2175 2894 2267 2933 170.

1628 2959 1728 2999 villa
1746 2960 1974 3011 deWestir,
1995 2963 2087 3011 168,
2110 2964 2204 3003 264.

1503 3029 1681 3071 Gallaow
1704 3031 1859 3081 Bwrne,
1877 3032 1963 3072 vide
1983 3032 2261 3085 Athyncroith.

1504 3100 1690 3153 Gamery,
1720 3102 1944 3152 Gammere,
1965 3103 2191 3158 Gammery,
2213 3106 2375 3159 Gamry,
2397 3107 2514 3147 Gem··

1558 3187 1702 3225 merye,
1733 3173 1915 3227 Gemrye,
1930 3176 2097 3217 ecclesia
2115 3177 2175 3227 de,
2196 3179 2287 3230 219,
2309 3180 2403 3226 408,
2420 3181 2513 3226 421,

1558 3245 1652 3292 462,
1674 3247 1767 3294 481,
1789 3249 1884 3299 487,
1905 3249 1998 3288 521.
