2762 3834
358 2303 446 2352 109

490 416 553 466 92
938 409 1365 463 REGISTRUM
1400 407 1499 457 DE
1536 403 2103 456 ABERBROTHOC.

490 545 777 595 Donaldum
797 547 906 611 Oge
930 573 941 584 ·
977 544 1358 608 Farquhardum
1383 541 1538 589 Lame
1563 568 1574 578 ·
1602 546 1650 587 et
1674 537 1710 586 J
1712 538 1924 587 acobum
1949 537 2207 588 Wentoun
2232 568 2241 578 ·
2272 539 2371 598 Qui
2397 540 2550 589 iurati

492 637 663 687 dicunt
687 639 820 702 quod
844 637 1093 701 quondam
1120 634 1348 683 dominus
1376 631 1666 679 Alexander
1692 630 1753 678 de
1790 629 1959 695 Irwyn
1985 631 2047 679 de
2073 630 2237 680 Drum
2263 631 2404 680 miles
2430 649 2551 680 auus

495 729 771 778 Alexandri
809 730 869 776 de
911 728 1078 792 Irwyn
1117 725 1287 774 latoris
1326 723 1635 789 presencium
1678 721 1802 771 obiit
1842 722 2015 772 vltimo
2053 724 2257 773 vestitus
2294 733 2343 773 et
2366 723 2552 772 saisitus

639 858 651 869 .
708 821 769 868 de
794 820 940 868 terris
965 820 1026 866 de
1053 817 1271 881 Forglen
1313 854 1323 865 .
1368 854 1377 864 .
1422 854 1432 864 .
1469 815 1603 864 infra
1628 814 2030 864 vicecomitatum
2067 817 2128 865 de
2154 816 2289 865 Banf
2311 843 2320 853 ·
2346 824 2395 865 et
2420 817 2553 880 quod

545 950 556 961 .
597 950 608 961 .
646 912 716 961 est
739 911 1010 976 legittimus
1050 948 1060 958 .
1101 947 1111 957 .
1152 947 1163 957 .
1199 909 1344 957 heres
1384 945 1394 956 .
1434 947 1444 956 .
1486 946 1495 956 .
1536 907 1617 956 aui
1643 907 1713 955 sui
1740 907 1801 955 de
1838 908 1982 956 dictis
2008 908 2155 957 terris
2194 947 2204 957 .
2245 946 2256 957 .
2297 947 2308 957 .
2347 916 2396 958 et
2421 909 2554 973 quod

493 1006 710 1054 nondum
741 1003 811 1053 est
841 1004 1085 1069 legittime
1120 1002 1265 1050 etatis
1288 1032 1298 1042 ·
1326 1010 1375 1050 et
1408 1002 1542 1066 quod
1578 999 1707 1049 dicte
1742 1008 1876 1048 terre
1922 1039 1932 1048 .
1980 1040 1989 1049 .
2037 1039 2047 1050 .
2092 1001 2261 1050 valent
2294 1019 2429 1050 nunc
2464 1018 2554 1065 per

493 1115 671 1147 annum
700 1097 877 1163 viginti
901 1095 1084 1145 marcis
1118 1103 1167 1144 et
1197 1095 1463 1143 valuerunt
1499 1102 1723 1158 tempore
1761 1093 1899 1157 pacis
1928 1094 2101 1143 decem
2133 1094 2274 1143 libris
2299 1121 2310 1133 ·
2336 1102 2385 1144 et
2422 1095 2555 1159 quod

615 1228 625 1238 .
673 1196 907 1238 tenentur
951 1189 1003 1237 in
1062 1188 1224 1253 capite
1285 1189 1346 1236 de
1397 1226 1407 1236 .
1461 1227 1470 1236 .
1524 1225 1535 1236 .
1585 1187 1764 1236 abbate
1804 1223 1815 1234 .
1855 1225 1865 1235 .
1907 1224 1918 1235 .
1956 1188 2018 1236 de
2072 1187 2414 1237 Abirbrothoc
2466 1204 2555 1252 per

493 1282 751 1332 seruicium
776 1269 941 1331 warde
967 1289 1016 1331 et
1039 1281 1216 1331 releuii
1242 1299 1300 1331 ac
1326 1281 1521 1330 ferendi
1547 1280 1783 1329 vexillum
1811 1282 1873 1329 de
1899 1281 2229 1330 Brekbenach
2254 1282 2307 1330 in
2333 1281 2555 1330 exercitu

491 1375 620 1442 regis
667 1391 861 1423 necnon
911 1375 1146 1423 soluendo
1193 1412 1203 1422 .
1257 1412 1267 1422 .
1320 1411 1332 1423 .
1377 1373 1546 1423 abbati
1585 1411 1596 1422 .
1638 1412 1648 1422 .
1690 1411 1701 1422 .
1739 1374 1790 1422 xl
1827 1391 1865 1422 s.
1911 1374 2090 1423 vsualis
2138 1382 2336 1424 monete
2382 1373 2556 1424 Scocie

546 1505 557 1515 .
598 1506 608 1516 .
647 1468 710 1515 ad
735 1468 858 1515 duos
883 1467 1001 1515 anni
1026 1467 1264 1515 terminos
1290 1467 1480 1515 vsuales
1520 1505 1530 1515 .
1585 1505 1595 1515 .
1651 1503 1662 1514 .
1706 1474 1756 1516 et
1780 1467 1915 1531 quod
1949 1485 2085 1517 nunc
2119 1467 2305 1516 suntin
2329 1468 2557 1516 manibus

557 1599 566 1608 .
607 1598 616 1608 .
656 1560 846 1608 abbatis
886 1598 895 1607 .
941 1598 950 1608 .
997 1597 1007 1607 .
1044 1559 1188 1608 causa
1212 1561 1377 1608 warde
1404 1568 1453 1608 et
1477 1577 1507 1608 a
1530 1568 1754 1625 tempore
1779 1561 1942 1610 obitus
1961 1561 2078 1610 dieti
2119 1599 2131 1610 .
2175 1599 2185 1609 .
2228 1599 2239 1610 .
2278 1561 2558 1610 Alexandri

493 1653 575 1716 qui
603 1652 725 1700 obiit
748 1652 801 1700 in
825 1653 989 1701 mense
1015 1652 1049 1700 J
1054 1652 1141 1700 ulii
1170 1652 1338 1701 vltimo
1362 1653 1605 1718 preterito
1631 1661 1681 1703 et
1705 1652 1770 1702 fic
1796 1652 1932 1718 quafi
1957 1671 2047 1719 per
2084 1661 2295 1719 quatuor
2330 1654 2519 1702 menses
2546 1683 2555 1693 ·

492 1745 681 1794 Datum
717 1752 766 1794 et
802 1745 1018 1794 clausum
1055 1745 1139 1794 sub
1174 1746 1332 1812 sigillo
1370 1746 1490 1795 dieti
1516 1747 1824 1797 vicecomitis
1850 1755 1899 1797 et
1924 1746 2096 1813 figillis
2130 1747 2442 1812 quorundam
2473 1749 2556 1811 qui

494 1838 609 1886 huic
634 1836 945 1902 inquificioni
970 1838 1246 1887 intererant
1290 1877 1300 1887 .
1354 1877 1364 1887 .
1417 1877 1427 1888 .

495 2097 897 2169 Perambulacio
921 2119 1051 2167 inter
1076 2127 1235 2168 terras
1260 2121 1321 2169 de
1350 2120 1556 2170 Tarwas
1581 2128 1631 2170 et
1649 2120 1871 2187 Vldeny.

498 2282 570 2354 In
594 2304 695 2353 Dei
719 2305 917 2353 nomine
943 2322 1088 2354 amen
1115 2336 1124 2346 ·
1150 2305 1249 2354 Per
1273 2306 1368 2354 hoc
1412 2343 1423 2353 .
1477 2342 1486 2352 .
1540 2342 1550 2353 .
1599 2311 1769 2369 pateat
1814 2339 1825 2351 .
1879 2342 1890 2352 .
1942 2342 1953 2351 .
1996 2304 2131 2368 quod
2155 2320 2287 2352 anno
2312 2303 2374 2352 ab
2398 2303 2559 2352 incar-

499 2397 707 2445 nacione
748 2395 962 2445 eiusdem
1003 2397 1258 2446 millefimo
1298 2404 1464 2446 0000ῐΠο
1505 2395 1914 2462 quinquagesimo
1961 2396 2167 2461 septimo
2214 2396 2392 2445 menfis
2441 2413 2558 2444 vero

504 2490 802 2538 Nouembris
851 2490 931 2538 die
980 2490 1186 2555 septima
1225 2520 1234 2529 ·
1277 2491 1549 2539 indictione
1592 2489 1728 2538 sexta
1769 2518 1778 2528 ·
1818 2488 2142 2554 pontificatus
2189 2526 2200 2537 .
2253 2526 2263 2536 .
2315 2526 2326 2536 .
2370 2488 2558 2536 domini

502 2579 669 2629 Calisti
706 2619 716 2628 .
757 2618 768 2628 .
812 2619 823 2630 .
860 2599 988 2646 pape
1014 2582 1156 2631 tercii
1183 2600 1314 2631 anno
1340 2584 1498 2632 tercio
1523 2613 1533 2623 ·
1560 2584 1614 2631 in
1640 2584 1737 2632 mei
1764 2621 1774 2631 .
1805 2621 1815 2631 .
1846 2621 1857 2631 .
1885 2590 1934 2631 et
1959 2582 2154 2631 testium
2176 2581 2556 2647 subscriptorum

499 2671 755 2737 presencia
792 2710 802 2720 .
844 2710 855 2720 .
895 2710 906 2720 .
943 2673 1225 2722 Willelmus
1244 2676 1305 2724 de
1329 2675 1502 2741 Vldny
1523 2676 1584 2725 de
1604 2676 1779 2724 eodem
1807 2714 1818 2724 .
1848 2714 1859 2724 .
1889 2714 1900 2724 .
1928 2674 2223 2741 recognouit
2244 2674 2292 2723 se
2313 2675 2559 2723 veraciter

500 2764 790 2813 intellexisse
831 2781 921 2828 per
955 2764 1305 2829 inspeffionem
1345 2805 1355 2814 .
1396 2804 1407 2815 .
1447 2805 1458 2815 .
1498 2775 1748 2817 certarum
1784 2768 2066 2817 litterarum
2104 2805 2115 2816 .
2155 2805 2166 2815 .
2207 2805 2217 2815 .
2252 2767 2558 2815 diuersorum

555 2896 566 2906 .
606 2896 616 2906 .
655 2857 776 2906 alias
813 2857 958 2922 super
1000 2856 1138 2906 affisa
1173 2860 1623 2923 perambulacionis
1666 2877 1834 2909 coram
1872 2860 2144 2909 iusticiario
2182 2859 2372 2907 domini
2406 2859 2560 2907 nostri

501 2950 634 3014 regis
668 2949 722 2997 in
757 2956 981 3013 tempore
1017 2949 1201 2999 virtute
1237 2951 1403 3000 breuis
1439 2953 1500 3001 de
1536 2954 1973 3016 perambulacione
2004 2953 2392 3019 procedencium
2419 2952 2560 3016 super

502 3041 935 3107 perambulacione
988 3078 998 3088 .
1053 3079 1063 3089 .
1116 3079 1127 3089 .
1180 3041 1447 3090 diuisarum
1484 3043 1615 3092 inter
1653 3053 1812 3095 terras
1849 3048 1911 3096 de
1943 3046 2148 3112 Vldeny
2181 3055 2301 3096 tunc
2326 3045 2560 3109 temporis

502 3134 807 3199 pertinentes
845 3134 930 3181 suo
973 3132 1259 3182 antecessori
1286 3134 1506 3183 Patricio
1540 3137 1601 3184 de
1631 3137 1832 3204 Vldeny
1859 3141 1920 3188 de
1955 3140 2126 3188 eodem
2170 3177 2181 3188 .
2222 3176 2233 3187 .
2273 3175 2283 3186 .
2318 3146 2368 3187 et
2403 3146 2561 3187 terras

503 3228 565 3275 de
592 3226 798 3274 Tarwas
833 3232 952 3273 tunc
991 3262 1002 3272 .
1042 3262 1054 3274 .
1094 3263 1105 3274 .
1142 3224 1364 3274 Waltero
1409 3264 1419 3274 .
1459 3264 1470 3275 .
1512 3265 1521 3274 .
1567 3229 1731 3278 abbati
1768 3259 1789 3278 ι.
1836 3269 1846 3279 .
1893 3270 1904 3280 .
1952 3232 2013 3280 de
2049 3231 2388 3280 Abirbrothoc
2434 3268 2445 3279 .
2492 3268 2502 3277 .
2550 3267 2559 3277 .
