2762 3834
611 338 1043 391 REGISTRUM
1079 340 1177 389 DE
1210 342 1770 395 ABERBROTHOC.
2125 354 2222 405 373

163 547 493 632 Infrascripte
541 574 675 615 terre
724 565 928 613 ecclesie
976 565 1038 614 de
1088 565 1292 615 Terwas
1341 568 1621 619 affedantur
1670 571 1886 635 dompno
1930 572 2220 621 Alexandro

164 659 337 709 Mason
361 658 413 706 in
440 658 662 707 fauorem
687 657 1049 722 resignationis.

87 866 114 910 5
166 828 444 902 Uniuerfis
482 889 491 897 .
526 889 534 898 .
573 889 582 897 .
621 848 870 914 Georgius
910 888 919 897 .
959 888 968 897 .
1006 885 1017 897 .
1059 849 1210 898 abbas
1252 850 1313 897 de
1356 850 1694 901 Abirbrothoc
1732 893 1741 901 .
1780 893 1789 901 .
1828 892 1836 901 .
1875 854 2079 902 salutem
2117 895 2125 903 .
2165 895 2173 903 .
2212 894 2220 903 .

53 957 58 1068 ξ
166 942 272 992 Nos
313 982 322 991 .
367 982 375 991 .
420 981 429 991 .
473 941 738 990 didicimus
763 941 898 1005 quod
941 981 948 989 .
991 981 999 989 .
1040 981 1048 990 .
1088 942 1377 990 Alexander
1403 942 1576 991 Mason
1598 944 1870 993 monachus
1895 945 2011 995 dieti
2035 949 2222 995 monas-

163 1036 276 1085 terii
302 1052 482 1100 magno
508 1034 644 1083 senio
672 1034 924 1082 confectus
948 1033 1022 1082 est
1045 1042 1095 1083 et
1120 1034 1423 1099 quotidianis
1458 1035 1709 1084 laboribus
1735 1045 1784 1085 et
1809 1037 2061 1087 doloribus
2092 1038 2223 1086 illius

159 1129 305 1178 etatis
331 1128 549 1177 subiacet
583 1167 591 1176 .
632 1167 640 1176 .
681 1167 690 1176 .
729 1126 859 1176 Sane
885 1143 975 1174 nos
1000 1135 1268 1191 propterea
1299 1168 1308 1176 .
1346 1168 1354 1177 .
1391 1168 1399 1176 .
1437 1137 1491 1178 ut
1516 1130 1672 1177 dictus
1693 1130 1984 1180 Alexander
2002 1132 2223 1196 quiecius

165 1222 297 1270 viuat
340 1228 389 1270 et
430 1220 666 1269 deuocius
709 1219 929 1268 Domino
971 1219 1242 1268 famuletur
1284 1229 1333 1269 et
1372 1229 1426 1270 ut
1467 1222 1567 1286 ipse
1611 1229 1659 1271 et
1694 1224 1825 1272 serui
1861 1224 1933 1272 sui
1969 1225 2220 1273 necessarii

163 1314 494 1364 sustententur
519 1313 722 1363 attentis
748 1313 855 1361 eius
880 1313 1201 1362 benemeritis
1235 1313 1377 1362 nobis
1403 1321 1452 1362 et
1476 1315 1773 1363 monasterio
1810 1315 2030 1380 predicto
2062 1316 2225 1364 multi-

163 1407 359 1473 pliciter
383 1405 614 1472 impensis
640 1406 799 1455 eidem
826 1405 1119 1454 Alexandro
1147 1407 1312 1470 quoad
1345 1406 1528 1455 uixerit
1571 1447 1578 1455 .
1623 1447 1631 1456 .
1676 1447 1685 1456 .
1729 1415 1887 1456 terras
1924 1407 2126 1456 ecclesie
2164 1409 2224 1456 de

167 1501 369 1550 Tarwes
417 1500 767 1564 subsequentes
815 1529 825 1539 ·
873 1499 1108 1548 videlicet
1154 1530 1164 1539 ·
1215 1498 1447 1547 Braklaw
1508 1516 1618 1548 cum
1680 1499 1884 1548 decimis
1941 1500 2225 1565 garbalibus

165 1593 382 1642 eiusdem
423 1621 433 1630 ·
478 1592 632 1657 Gragi
673 1620 683 1632 ·
729 1591 1031 1656 Carinbrogi
1071 1608 1185 1640 cum
1223 1590 1428 1639 decimis
1471 1618 1480 1628 ·
1527 1590 1783 1656 Smydehil
1820 1607 1930 1639 cum
1971 1591 2175 1640 decimis
2216 1621 2225 1630 ·

170 1685 529 1735 Carinfeichall
553 1702 664 1734 cum
691 1684 898 1734 decimis
941 1714 950 1724 ·
995 1683 1079 1732 the
1104 1682 1208 1748 myl
1233 1683 1288 1730 of
1317 1680 1643 1748 Carinfychal
1669 1699 1779 1730 cum
1809 1681 2011 1731 decimis
2053 1710 2063 1721 ·
2105 1682 2228 1732 Cole

89 1762 91 1764 .
169 1794 276 1826 cum
305 1776 511 1826 decimis
538 1805 549 1815 ·
575 1776 810 1825 Auchlek
831 1794 942 1825 cum
969 1775 1175 1825 decimis
1198 1801 1209 1813 ·
1236 1774 1460 1823 Tukhelt
1485 1783 1534 1824 et
1559 1774 1825 1823 Patrochie
1850 1791 1909 1823 ac
1933 1774 2146 1824 decimas
2169 1776 2229 1824 de

170 1869 408 1935 Dodlogy
446 1897 455 1907 ·
492 1869 610 1918 ville
649 1869 855 1918 ecclesie
895 1869 956 1917 de
993 1868 1146 1935 wae
1183 1895 1193 1905 ·
1230 1867 1505 1916 Monkishil
1535 1895 1546 1906 ·
1578 1866 1748 1915 Roche
1787 1898 1796 1908 ·
1834 1866 2063 1916 Normon
2105 1905 2115 1916 .
2161 1906 2171 1916 .
2219 1906 2228 1915 .

175 1961 492 2011 conceffimus
532 1998 543 2010 .
584 2000 595 2011 .
635 1999 646 2011 .
682 1961 873 2011 Datum
915 2002 924 2011 .
969 2002 978 2011 .
1020 2002 1028 2011 .
1068 1961 1284 2010 secundo
1310 1961 1390 2009 die
1415 1960 1591 2009 menfis
1618 1959 1846 2010 Offobris
1872 1977 2001 2009 anno
2027 1959 2230 2008 Domini

175 2059 242 2103 m⁰
265 2053 654 2120 quingentesimo
681 2055 872 2102 octauo.

177 2304 487 2377 Southterre
511 2324 671 2373 tercia
692 2341 809 2389 pars
835 2323 1079 2373 affedatur
1105 2323 1276 2372 Dauid
1300 2323 1413 2389 Lyn
1439 2331 1487 2371 et
1513 2322 1725 2387 Malkyn
1755 2321 1871 2371 Scot
1896 2323 2065 2387 sponse
2091 2322 2209 2370 eius.

40 2486 129 2566 1466
178 2487 306 2559 Nos
331 2510 580 2574 Georgius
605 2510 756 2558 abbas
802 2546 812 2557 .
857 2546 868 2556 .
911 2545 921 2557 .
967 2508 1027 2558 de
1053 2506 1277 2556 Arbroth
1315 2542 1326 2553 .
1367 2542 1378 2553 .
1419 2542 1430 2552 .
1469 2502 1738 2552 affedamus
1776 2540 1787 2550 .
1828 2539 1838 2550 .
1879 2540 1889 2550 .
1927 2501 2097 2550 Dauid
2119 2501 2230 2566 Lyn

183 2607 231 2650 et
254 2600 455 2651 Matildi
484 2602 600 2650 Scot
623 2600 792 2665 sponse
818 2600 900 2648 sue
924 2600 1166 2648 moderne
1202 2636 1213 2647 .
1254 2635 1266 2646 .
1307 2635 1319 2646 .
1355 2596 1562 2646 terciam
1597 2602 1788 2660 partem
1822 2594 1938 2642 ville
1973 2593 2137 2641 nostre
2173 2593 2233 2640 de

186 2691 476 2744 Southterre
513 2734 522 2743 .
560 2733 570 2743 .
608 2733 618 2742 .
657 2693 908 2742 Soluendo
953 2730 964 2741 .
1005 2730 1015 2740 .
1057 2729 1068 2740 .
1106 2690 1437 2756 quadraginta
1473 2695 1685 2752 quatuor
1719 2687 1899 2735 solidos
1935 2694 1983 2734 et
2019 2685 2233 2750 quinque

185 2785 414 2835 denarios
454 2793 652 2835 monete
695 2823 706 2835 .
752 2822 764 2833 .
808 2824 817 2833 .
864 2783 1037 2833 Scocie
1073 2784 1136 2832 ad
1187 2820 1198 2831 .
1250 2821 1260 2831 .
1311 2819 1322 2831 .
1372 2781 1611 2831 terminos
1650 2818 1659 2828 .
1700 2818 1709 2828 .
1751 2816 1761 2827 .
1805 2776 2152 2827 Penthecostes
2188 2785 2235 2824 et

187 2875 350 2927 80,ηὸὶί
392 2876 604 2927 Martini
643 2915 654 2926 .
694 2914 706 2926 .
750 2914 761 2925 .
802 2894 860 2925 ac
897 2876 1020 2924 duas
1056 2874 1248 2923 celdras
1285 2890 1557 2922 auenarum
1599 2871 1825 2919 mensure
1863 2869 1958 2917 fori
1993 2868 2235 2917 currentis

188 2979 412 3035 rynmart
437 2979 486 3020 et
511 2970 680 3035 wedyr
705 2986 815 3018 cum
844 2967 1077 3016 oneribus
1100 2965 1467 3014 husbandorum
1505 3001 1515 3011 .
1554 3001 1564 3012 .
1604 3001 1612 3012 .
1652 2979 1763 3011 cum
1799 2968 2010 3026 quatuor
2040 2959 2235 3023 caponi-

190 3062 278 3109 bus
315 3070 364 3111 et
399 3062 603 3111 totidem
639 3061 789 3126 pullis
822 3059 1004 3108 adultis
1048 3085 1057 3095 ·
1099 3058 1338 3107 Preterea
1376 3054 1410 3102 fi
1448 3092 1459 3104 .
1499 3092 1510 3103 .
1550 3092 1560 3102 .
1598 3054 1786 3102 fuerint
1822 3092 1831 3101 .
1869 3091 1878 3101 .
1917 3088 1928 3099 .
1966 3051 2091 3099 male
2126 3066 2234 3114 per—

191 3152 433 3203 soluentes
467 3153 639 3202 licebit
673 3151 816 3200 nobis
841 3189 851 3199 .
880 3188 892 3199 .
920 3187 930 3197 .
957 3150 1019 3197 de
1047 3185 1058 3197 .
1086 3185 1098 3197 .
1127 3185 1138 3197 .
1165 3148 1319 3198 tercia
1351 3154 1495 3211 parte
1531 3145 1789 3209 disponere
1834 3182 1845 3191 .
1892 3181 1902 3190 .
1949 3181 1958 3190 .
2010 3140 2231 3206 Sigillum
