2762 3834
466 778 562 822 312

614 367 711 416 256
1054 357 1475 415 REGISTRUM
1508 355 1607 405 DE
1642 349 2201 403 ABERBROTHOC.

613 568 950 640 Prosentacio
974 584 1175 636 ecclefie
1198 585 1258 633 de
1280 579 1556 631 Arbirloth.

616 747 1057 818 Reuerendiflimo
1091 799 1105 810 .
1135 800 1145 810 .
1178 799 1188 809 .
1224 759 1425 808 domino
1461 756 1715 806 Willelmo
1757 755 2125 824 archiepiscopo
2165 757 2516 808 Sanffiandree
2551 793 2562 804 .
2594 794 2605 804 .
2637 795 2647 804 .

614 856 782 909 Dauid
813 893 823 903 .
855 894 865 904 .
898 893 908 903 .
940 855 1088 903 abbas
1118 891 1128 901 .
1161 891 1171 901 .
1204 891 1215 901 .
1252 852 1313 900 de
1339 848 1677 899 Abirbrothoc
1709 886 1719 897 .
1758 886 1769 897 .
1807 886 1817 896 .
1851 849 2166 898 reuerencias
2198 887 2209 898 .
2242 888 2252 898 .
2287 889 2297 898 .
2331 857 2380 898 et
2402 849 2615 897 honores
2638 879 2648 888 -

615 948 699 997 Ad
723 946 957 995 vicariam
981 943 1180 993 ecclesie
1204 940 1527 1008 parrochialis
1551 941 1612 989 dc
1638 940 1873 989 Abbirlot
1908 958 2020 990 cum
2051 958 2226 990 vacare
2263 941 2528 1007 contigerit
2561 957 2650 1005 per

615 1037 997 1103 resignacionem
1037 1072 1048 1083 .
1091 1072 1101 1083 .
1143 1062 1159 1083 .-
1197 1033 1418 1099 magistri
1443 1031 1704 1081 Michaelis
1730 1031 1855 1080 Keir
1898 1070 1909 1081 .
1955 1068 1967 1080 .
2014 1068 2026 1080 .
2063 1032 2147 1082 seu
2171 1033 2291 1082 alias
2331 1070 2342 1082 .
2381 1070 2393 1081 .
2431 1069 2443 1080 .
2478 1031 2649 1096 magis-

616 1139 743 1178 trum
768 1127 1038 1191 Georgium
1060 1125 1240 1190 Lundy
1263 1123 1422 1173 vestre
1445 1122 1733 1187 paternitati
1771 1161 1783 1172 .
1822 1161 1833 1172 .
1873 1160 1885 1172 .
1921 1123 2256 1188 presentamus
2283 1161 2294 1173 .
2322 1161 2335 1173 .
2361 1159 2374 1172 .
2398 1123 2651 1172 humiliter

615 1220 921 1285 requirentes
968 1217 1198 1282 quatinus
1244 1216 1374 1264 dieo
1420 1252 1430 1263 .
1472 1252 1483 1263 .
1526 1252 1537 1264 .
1585 1215 1751 1263 nostro
1798 1216 2079 1280 presentato
2124 1216 2366 1281 prefatam
2416 1216 2650 1264 vicariam

667 1349 678 1360 .
716 1349 726 1359 .
765 1311 990 1360 conferre
1028 1346 1040 1358 .
1075 1346 1086 1358 .
1123 1346 1134 1356 .
1171 1307 1334 1357 velitis
1372 1344 1384 1356 .
1424 1344 1436 1355 .
1474 1344 1485 1355 .
1525 1307 1679 1371 Apud
1713 1344 1726 1356 .
1763 1344 1775 1356 .
1813 1342 1827 1355 .
1860 1306 2208 1357 monasterium
2233 1309 2424 1357 decimo
2448 1307 2650 1372 septimo

616 1404 695 1453 die
719 1403 892 1451 menfis
914 1400 1037 1450 Maii
1062 1417 1192 1448 anno
1217 1398 1424 1448 Domini
1447 1398 1700 1447 millefimo
1725 1406 1859 1449 cccc⁰
1880 1399 1998 1448 lxxx
2022 1401 2085 1453 7⁰.

626 1650 924 1742 [Prestacio
948 1675 1200 1725 fidelitatis
1223 1692 1313 1740 per
1336 1681 1561 1724 tenentes
1586 1673 1810 1740 abbatia]

471 1868 567 1911 313
621 1838 794 1912 Curia
815 1859 1080 1908 iusticiarie
1105 1859 1292 1907 domini
1317 1858 1506 1908 abbatis
1530 1858 1592 1907 de
1616 1858 1955 1908 Abirbrothoc
1979 1865 2115 1908 tenta
2137 1858 2271 1923 apud
2304 1857 2456 1907 Perth
2493 1874 2658 1907 coram

621 1952 703 2000 suo
728 1952 911 2000 balliuo
936 1952 1153 2000 Roberto
1177 1950 1384 1999 Merss'ar
1407 1951 1568 2015 primo
1601 1951 1683 2000 die
1715 1950 1752 2000 J
1755 1950 1860 1999 unii
1893 1967 2023 1999 anuo
2059 1949 2267 1999 Domini
2296 1949 2421 2003 1487
2460 1976 2471 1987 ·
2512 1949 2659 1998 Dicto

622 2044 702 2093 die
745 2060 912 2091 omnes
953 2050 1177 2092 tenentes
1217 2043 1540 2108 prestiterunt
1577 2043 1911 2093 iuramentum
1956 2043 2207 2093 fidelitatis
2253 2042 2423 2092 Dauid
2461 2042 2660 2091 domino

623 2136 786 2184 abbati
811 2136 872 2183 de
896 2135 1231 2184 Abirbrothoc
1256 2152 1385 2184 anno
1407 2134 1614 2184 Domini
1639 2143 1734 2185 etc.
1807 2136 1962 2186 Curia
1984 2137 2224 2186 affirmata
2247 2146 2296 2185 et
2319 2136 2447 2184 se&e
2473 2141 2659 2185 vocate.

628 2386 910 2456 Affedacio
935 2408 1105 2454 octaue
1130 2404 1286 2470 partis
1311 2404 1439 2453 wille
1463 2405 1525 2453 de
1547 2404 1849 2471 Achmuthy.

479 2595 574 2637 314
629 2564 905 2637 Uniuerfis
928 2593 1095 2650 pateat
1144 2623 1156 2633 .
1209 2623 1217 2633 .
1270 2623 1281 2633 .
1329 2602 1418 2633 nos
1442 2584 1612 2633 Dauid
1655 2622 1666 2633 .
1708 2623 1719 2634 .
1765 2623 1777 2634 .
1819 2585 2045 2635 abbatem
2083 2623 2094 2633 .
2136 2622 2147 2633 .
2190 2621 2202 2634 .
2243 2585 2304 2633 de
2329 2582 2664 2632 Abirbrothoc

678 2716 688 2726 .
726 2716 736 2726 .
779 2677 1002 2726 affedaffe
1040 2716 1050 2726 .
1087 2715 1098 2726 .
1136 2717 1147 2727 .
1183 2677 1404 2726 Johanni
1428 2676 1690 2743 Heithyng
1714 2685 1763 2726 et
1783 2675 1965 2726 Jonete
1990 2676 2157 2741 sponse
2189 2678 2271 2725 sue
2308 2715 2316 2724 .
2355 2715 2365 2724 .
2402 2714 2412 2724 .
2447 2692 2539 2740 pro
2563 2682 2664 2723 toto

633 2778 851 2833 tempore
900 2768 999 2817 vite
1049 2807 1058 2816 .
1102 2806 1111 2815 .
1156 2806 1166 2816 .
1214 2768 1550 2832 dictorumque
1593 2769 1960 2818 coadiutoribus
2003 2806 2014 2817 .
2057 2807 2068 2817 .
2110 2805 2121 2816 .
2170 2785 2270 2815 non
2312 2806 2321 2815 .
2366 2806 2375 2815 .
2418 2806 2427 2815 .
2470 2765 2666 2814 maioris

633 2859 886 2925 potestatis
911 2868 995 2908 aut
1019 2859 1206 2924 uigoris
1230 2876 1376 2922 quam
1400 2859 1606 2923 predicti
1648 2898 1659 2907 .
1700 2898 1710 2907 .
1753 2897 1763 2908 .
1807 2863 2029 2908 o&auam
2063 2866 2252 2923 partem
2281 2858 2395 2907 ville
2419 2857 2583 2905 nostre
2606 2855 2666 2904 de

638 2950 922 3016 Achmuthy
966 2989 976 2999 .
1015 2989 1025 2999 .
1067 2988 1077 2998 .
1120 2949 1331 2998 termino
1366 2966 1484 2998 vero
1517 2950 1748 2999 introitus
1790 2989 1799 2999 .
1844 2989 1853 2999 .
1897 2989 1907 2999 .
1947 2934 2217 3014 incipiente
2239 2950 2292 2998 in
2315 2948 2435 2997 festo
2460 2947 2666 2997 Penthe-

635 3042 788 3093 costes
829 3043 994 3091 datam
1036 3041 1341 3105 presencium
1377 3040 1658 3089 immediate
1694 3042 1925 3105 sequente
1963 3071 1974 3081 ·
2017 3039 2266 3091 Soluendo
2306 3080 2317 3091 .
2362 3078 2371 3088 .
2414 3078 2424 3088 .
2466 3039 2668 3104 triginta

634 3135 812 3183 solidos
852 3173 862 3183 .
900 3172 910 3182 .
947 3172 957 3181 .
994 3140 1190 3181 monete
1235 3170 1246 3180 .
1293 3133 1315 3180 ,⁴
1350 3169 1361 3180 .
1405 3131 1575 3180 Scocie
1614 3133 1675 3181 ad
1718 3133 1840 3180 duos
1881 3132 2000 3181 anni
2035 3131 2270 3181 terminos
2313 3168 2323 3179 .
2367 3168 2378 3179 .
2423 3167 2434 3178 .
2477 3128 2667 3178 Exone-
