2762 3834
412 2053 475 2103 TO

527 370 589 418 64
975 355 1394 412 REGISTRUM
1426 352 1524 403 DE
1559 347 1948 400 ABERBROT
1956 346 2123 397 HOC.

526 580 844 663 Refignacio
869 603 1111 643 terrarum
1139 590 1199 637 de
1227 582 1494 634 Auchneif.

528 760 838 829 Venerabili
878 813 887 823 .
929 812 939 822 .
980 812 990 821 .
1027 771 1156 836 patri
1195 807 1204 816 .
1244 806 1254 816 .
1293 804 1303 815 .
1342 764 1542 813 domino
1568 762 1796 811 Waltero
1832 796 1844 807 .
1885 797 1895 808 .
1935 796 1945 806 .
1979 758 2146 807 abbati
2182 796 2192 806 .
2234 795 2244 806 .
2284 793 2295 805 .
2331 758 2392 806 de
2430 758 2578 827 Abir-

526 870 730 919 brothoc
756 876 804 915 et
841 904 852 914 .
894 903 904 913 .
945 902 955 912 .
995 860 1261 912 conuentui
1300 856 1513 905 dominis
1542 853 1638 901 suis
1674 890 1685 901 .
1722 889 1732 900 .
1772 888 1783 899 .
1821 850 2051 899 dominus
2076 849 2367 898 Alexander
2391 847 2579 897 Forbas

525 960 749 1009 dominus
774 956 986 1005 eiusdem
1024 991 1033 1001 .
1073 990 1083 1000 .
1123 989 1134 999 .
1169 947 1510 998 reuerenciam
1537 945 1755 994 debitam
1791 981 1802 991 .
1842 980 1852 991 .
1894 980 1904 990 .
1938 941 2048 1006 Ego
2075 940 2367 990 Alexander
2386 940 2580 1008 predio*>

525 1061 602 1101 tus
636 1087 646 1098 .
688 1087 698 1097 .
738 1086 749 1097 .
783 1057 940 1097 terras
965 1045 1026 1092 de
1052 1041 1334 1106 Aughneve
1369 1077 1378 1087 .
1420 1076 1430 1086 .
1472 1074 1482 1084 .
1512 1038 1737 1101 jacentes
1762 1035 1815 1083 in
1839 1030 2103 1099 regalitate
2123 1032 2286 1082 vestra
2304 1029 2365 1081 de
2386 1008 2580 1080 Tarvae

525 1144 654 1192 infra
678 1131 1161 1189 vicecomitatum'de
1187 1133 1415 1182 Abirden
1450 1169 1461 1179 .
1502 1167 1512 1178 .
1554 1167 1564 1177 .
1599 1129 1651 1177 in
1677 1144 1852 1176 manus
1877 1125 2063 1175 vestras
2091 1162 2101 1172 .
2142 1163 2152 1173 .
2190 1162 2200 1172 .
2229 1124 2425 1190 refigno
2465 1161 2475 1172 .
2515 1160 2525 1170 .
2570 1167 2579 1177 ,

523 1237 621 1284 Pro
659 1251 757 1297 qua
793 1228 1129 1295 refignacione
1175 1263 1185 1274 .
1225 1263 1235 1273 .
1278 1262 1288 1272 .
1331 1223 1562 1272 facienda
1603 1259 1614 1270 .
1654 1258 1664 1269 .
1707 1257 1717 1268 .
1761 1216 2006 1268 constituo
2045 1256 2055 1266 .
2097 1254 2108 1265 .
2148 1255 2159 1265 .
2197 1217 2480 1267 Johannem
2519 1216 2580 1264 de

526 1326 735 1389 Gardyn
777 1322 1031 1371 dominum
1070 1320 1131 1367 de
1168 1315 1451 1366 Borowfeld
1487 1321 1536 1363 et
1570 1312 1856 1362 Johannem
1892 1310 2194 1360 Plenamour
2229 1304 2482 1357 dominum
2519 1308 2580 1355 de

524 1418 780 1468 Anesioun
822 1453 832 1463 .
873 1451 883 1462 .
924 1452 934 1462 .
971 1428 1106 1460 meos
1147 1416 1424 1459 attornatos
1460 1445 1470 1455 .
1512 1443 1522 1454 .
1563 1443 1574 1454 .
1608 1405 1668 1453 In
1709 1403 1847 1453 cuius
1888 1402 1963 1451 rei
1999 1401 2333 1451 testimonium
2369 1399 2579 1466 figillum

522 1526 683 1558 meum
713 1506 1022 1573 presentibus
1057 1504 1126 1553 est
1160 1502 1426 1567 appensum
1460 1499 1592 1565 apud
1629 1497 1892 1546 Abbirden
1929 1495 2092 1560 primo
2126 1494 2206 1543 die
2242 1492 2419 1542 mensis
2454 1492 2488 1542 J
2494 1492 2581 1541 ulii

525 1619 653 1651 auno
678 1599 883 1650 Domini
910 1595 1161 1646 millefimo
1187 1590 1674 1660 quadringentefimo
1698 1587 1947 1638 trieefimo
1972 1594 2168 1652 quarto.

530 1855 590 1926 Α
607 1874 814 1922 ss'edacio
840 1871 1233 1920 molendinorum
1261 1869 1322 1917 de
1351 1867 1599 1934 Tybyrdy
1625 1874 1675 1915 et
1702 1865 1856 1930 Crag.

530 2029 806 2101 Lniuerfis
830 2058 1034 2114 pateat.
1074 2087 1085 2098 .
1125 2087 1135 2097 .
1163 2066 1251 2097 nos
1276 2048 1550 2096 Walterum
1587 2086 1597 2096 .
1637 2084 1648 2095 .
1688 2085 1699 2096 .
1739 2048 1967 2096 abbatem
2006 2083 2016 2094 .
2057 2083 2068 2094 .
2110 2081 2121 2093 .
2159 2045 2221 2092 de
2245 2041 2583 2092 Abii-brothoc

581 2180 590 2189 .
635 2180 645 2190 .
684 2143 744 2190 ad
786 2142 977 2190 firmam
1025 2139 1249 2189 dimififfe
1296 2140 1467 2189 Dauid
1517 2139 1816 2207 Croyffaynt
1863 2138 2205 2188 molendinum
2251 2137 2473 2185 nostrum
2521 2136 2583 2183 de

531 2233 774 2299 Tybyrdy
800 2252 910 2283 cum
935 2235 1080 2283 terris
1105 2233 1193 2282 fibi
1218 2232 1516 2298 affignandis
1539 2250 1631 2298 pro
1657 2241 1761 2283 toto
1787 2239 2011 2297 tempore
2036 2230 2137 2281 vite
2161 2231 2244 2279 sue
2269 2258 2280 2269 ·
2306 2229 2583 2279 Reddendo

585 2364 593 2373 .
635 2364 644 2374 .
682 2327 788 2375 iiii⁰r
810 2327 961 2376 libras
989 2327 1164 2375 vsualis
1199 2334 1397 2376 monete
1437 2325 1611 2375 Seoeie
1648 2327 1712 2375 ad
1748 2327 1871 2374 duos
1903 2323 2286 2374 anni‘terminos
2325 2360 2335 2370 .
2376 2359 2387 2370 .
2427 2358 2438 2369 .
2471 2338 2583 2370 eum

534 2436 629 2466 vno
672 2437 823 2483 porco
866 2420 991 2468 bene
1031 2419 1169 2483 pasto
1212 2426 1261 2467 et
1303 2435 1413 2466 cum
1457 2419 1690 2467 oneribus
1730 2417 2133 2467 molendinorum
2171 2453 2182 2464 .
2224 2452 2235 2463 .
2273 2452 2284 2463 .
2324 2413 2584 2463 consuetis.

535 2510 662 2558 Item
687 2510 1010 2559 affedauimus
1034 2511 1257 2575 predicto
1284 2510 1456 2559 Dauid
1479 2511 1821 2561 molendinum
1845 2509 2066 2561 nostrum
2093 2510 2167 2557 der
2183 2507 2319 2572 Crag
2356 2545 2367 2555 .
2408 2545 2418 2555 .
2458 2544 2470 2554 .
2495 2523 2586 2571 pro

537 2610 640 2650 toto
664 2608 886 2666 tempore
913 2603 1010 2652 vite
1035 2603 1115 2651 sue
1141 2630 1151 2641 ·
1191 2603 1441 2653 Soluendo
1470 2641 1481 2651 .
1509 2642 1520 2653 .
1550 2643 1560 2652 .
1588 2605 1761 2653 decem
1786 2604 1965 2652 solidos
1990 2603 2055 2651 ad
2077 2601 2324 2666 predfflmS
2348 2599 2587 2648 terminos

538 2710 646 2740 cum
673 2693 741 2740 xii
767 2694 1036 2757 caponibus
1062 2712 1173 2742 cum
1198 2695 1424 2743 omnibus
1450 2731 1460 2743 .
1499 2732 1508 2743 .
1550 2733 1560 2743 .
1588 2696 1821 2745 oneribus
1857 2723 1868 2734 ·
1901 2694 1968 2743 Et
1992 2693 2128 2758 quod
2152 2729 2164 2741 .
2202 2731 2214 2742 .
2255 2730 2267 2741 .
2293 2692 2587 2741 sufficienter

539 2784 822 2834 sustentabit
850 2794 1109 2850 vtrumque
1134 2787 1471 2835 molendinum
1496 2789 1629 2851 quod
1654 2789 1718 2836 ad
1742 2787 1969 2836 dominos
2004 2785 2223 2851 pertinet
2258 2813 2269 2824 ·
2307 2784 2374 2833 Et
2398 2783 2431 2831 fi
2472 2822 2482 2832 .
2523 2821 2533 2831 .
2575 2821 2585 2830 .

539 2880 587 2924 in
615 2877 863 2926 solucione
897 2878 1036 2926 firme
1072 2879 1241 2927 tardus
1276 2879 1427 2927 fuerit
1452 2886 1536 2927 aut
1558 2879 1686 2927 male
1717 2879 2004 2944 pei-soluens
2030 2885 2115 2926 aut
2139 2877 2281 2925 nobis
2306 2876 2384 2925 vel
2408 2876 2588 2925 nostris

540 2969 786 3017 officiariis
823 3005 834 3017 .
874 3006 884 3017 .
925 3006 935 3017 .
969 2970 1051 3017 seu
1087 2969 1265 3017 nostris
1310 2970 1603 3019 hominibus·
1629 3008 1640 3018 .
1679 3008 1690 3018 .
1730 3007 1741 3018 .
1778 2970 2041 3020 iniuriosus
2080 3007 2091 3019 .
2131 3006 2143 3019 .
2181 3007 2192 3018 .
2230 2969 2382 3018 fuerit
2423 2968 2589 3016 licebit

540 3062 681 3110 nobis
720 3099 730 3110 .
771 3099 781 3110 .
822 3099 832 3109 .
871 3063 932 3110 de
971 3099 981 3110 .
1021 3099 1031 3110 .
1071 3099 1082 3110 .
1119 3062 1414 3110 molendinis
1452 3100 1462 3110 .
1503 3100 1513 3110 .
1555 3099 1565 3109 .
1603 3062 1861 3126 disponere
1885 3080 1977 3127 pro
2001 3063 2145 3112 libito
2179 3096 2191 3110 -.
2231 3099 2242 3110 .
2283 3099 2293 3109 .
2322 3060 2589 3110 voluntatis

543 3193 553 3201 .
595 3192 604 3201 .
646 3192 656 3202 .
694 3153 752 3202 In
797 3154 935 3202 cuius
974 3154 1046 3202 rei
1078 3153 1406 3202 testimonium
1447 3152 1653 3216 sigillum
1690 3190 1700 3201 .
1741 3190 1751 3200 .
1791 3191 1802 3201 .
1839 3154 2043 3218 capituli
2082 3192 2092 3202 .
2133 3191 2143 3202 .
2185 3191 2196 3201 .
2230 3152 2299 3201 est
2323 3153 2590 3217 appensum
