2762 3834
57 1332 151 1380 146

653 374 1086 426 REGISTRUM
1122 375 1219 426 DE
1255 375 1820 427 ABERBROTHOC.
2180 382 2270 432 127

201 516 409 557 mortem
451 548 460 557 .
509 548 517 556 .
569 549 576 556 .
627 509 845 558 Mariote
886 550 895 558 .
940 550 949 558 .
994 550 1002 558 .
1042 510 1261 559 Mariota
1285 528 1386 559 non
1412 512 1561 560 ducet
1586 512 1672 560 fibi
1696 529 1942 578 quemque
1967 513 2020 560 in
2047 514 2273 577 sponsum

202 601 302 648 fine
340 600 507 649 nostra
541 601 755 651 licencia
792 640 802 650 .
849 642 857 650 .
903 642 912 650 .
951 604 1084 667 quod
1118 603 1151 651 fi
1186 604 1352 653 facere
1387 604 1737 670 presumpserit
1773 605 1943 654 licebit
1979 606 2123 654 nobis
2164 646 2171 653 .
2212 646 2219 654 .
2264 646 2271 653 .

202 695 262 742 de
288 693 524 758 predictis
551 694 697 742 terris
734 733 743 743 .
783 734 791 743 .
833 733 841 742 .
879 712 970 759 pro
995 695 1137 744 libito
1170 735 1180 745 .
1216 735 1225 745 .
1260 735 1270 745 .
1306 696 1566 761 disponere
1606 734 1616 744 .
1658 734 1669 744 .
1707 735 1717 745 .
1742 698 1895 762 Apud
1919 697 2271 746 monasterium

200 785 421 834 nostrum
448 825 456 833 .
485 825 494 834 .
524 823 533 833 .
563 786 824 835 vndecimo
853 786 934 834 die
959 787 1135 835 mensis
1160 786 1423 838 Februarii
1460 806 1591 838 anno
1616 789 1823 838 Domini
1855 790 2112 840 millesimo
2139 798 2274 840 cccc⁰

201 880 497 944 sexagefimo
523 879 752 929 secundo.

202 1133 418 1205 Littera
441 1155 567 1203 mari
594 1162 643 1203 et
669 1155 995 1202 coronatoris,

206 1315 483 1387 Uniuerfis
507 1343 675 1400 pateat
712 1376 720 1383 .
759 1374 768 1383 .
808 1374 817 1383 .
852 1353 942 1383 nos
967 1334 1272 1384 Malcomum
1307 1373 1316 1381 .
1350 1372 1358 1382 .
1396 1373 1405 1382 .
1443 1335 1669 1383 abbatem
1706 1374 1715 1383 .
1753 1374 1760 1382 .
1798 1374 1807 1383 .
1843 1337 1904 1384 de
1934 1336 2272 1387 Abirbrothoc

206 1467 215 1476 .
260 1466 269 1476 .
316 1467 325 1476 .
363 1427 523 1477 fecifl'e
573 1467 581 1476 .
633 1467 642 1476 .
687 1467 695 1476 .
740 1428 1030 1493 magistrum
1057 1427 1305 1476 Thomam
1330 1426 1602 1492 Dekysoun
1635 1444 1826 1476 marum
1853 1436 1899 1477 et
1926 1438 2271 1480 coronatorem

256 1560 264 1568 .
304 1559 314 1569 .
351 1520 626 1585 regalitatis
651 1521 818 1568 nostre
845 1522 906 1568 de
927 1519 1268 1568 Abirbrothoc
1292 1536 1384 1583 pro
1410 1526 1515 1568 toto
1544 1519 1640 1568 vite
1666 1521 1747 1567 sue
1774 1529 1996 1585 tempore
2033 1562 2041 1570 .
2078 1562 2086 1570 .
2125 1560 2134 1570 .
2173 1524 2272 1571 Pro

206 1595 539 1678 cuiusquidem
569 1613 716 1662 officii
744 1650 753 1660 .
781 1653 790 1661 .
822 1651 830 1661 .
860 1613 1109 1661 exercicio
1149 1652 1159 1662 .
1197 1650 1205 1660 .
1246 1650 1255 1659 .
1293 1629 1385 1659 nos
1416 1649 1425 1659 .
1465 1650 1474 1660 .
1514 1649 1524 1659 .
1559 1611 1893 1676 persoluemus
1922 1651 1932 1661 .
1963 1651 1973 1661 .
2003 1652 2013 1662 .
2041 1616 2273 1680 magistro

208 1707 402 1755 Thome¹
442 1706 777 1771 quadraginta
818 1706 1001 1754 solidos
1038 1705 1216 1754 vsualis
1256 1712 1452 1753 monete
1492 1705 1633 1770 regni
1680 1704 1854 1755 Scocie
1894 1707 1958 1754 ad
1997 1707 2118 1755 duos
2158 1708 2275 1756 anni

208 1800 445 1848 terminos
468 1799 657 1848 vsuales
686 1837 696 1848 .
727 1837 737 1847 .
767 1837 777 1848 .
806 1807 855 1848 et
881 1799 1145 1848 duodecim
1170 1798 1331 1847 bollas
1358 1799 1498 1847 ordei
1525 1816 1636 1847 cum
1662 1800 1890 1847 mensura
1912 1800 2007 1848 fori
2032 1778 2275 1849 currentis

209 1900 258 1941 et
284 1892 547 1940 duodecim
585 1891 741 1940 bollas
777 1892 966 1940 farrine
993 1909 1105 1940 cum
1144 1893 1316 1941 eadem
1348 1892 1578 1940 mensura
1616 1929 1626 1940 .
1673 1929 1683 1939 .
1731 1930 1740 1939 .
1780 1891 1846 1941 Et
1875 1893 2032 1942 eciam
2058 1894 2276 1957 prefatus

210 1985 444 2050 magister
492 1984 713 2032 Thomas
760 1984 963 2033 habebit
1012 2001 1158 2033 vnam
1207 1986 1397 2049 peciam
1445 1994 1578 2034 terre
1627 2003 1722 2050 que
1766 1994 1986 2058 vocatur]
2015 1986 2277 2036 Marlande

212 2079 457 2127 iacentem
483 2095 542 2126 ex
567 2085 708 2142 parte
733 2078 911 2127 boriali
950 2086 1196 2127 terrarum
1231 2078 1509 2127 nostrarum
1538 2079 1600 2127 de
1628 2078 1800 2144 Carny
1826 2106 1835 2115 ·
1863 2079 2100 2128 Preterea
2126 2118 2136 2127 .
2166 2118 2176 2128 .
2207 2118 2216 2128 .
2246 2081 2278 2127 fi

214 2171 472 2236 contingat
510 2209 520 2218 .
562 2208 571 2218 .
612 2210 622 2219 .
661 2170 954 2236 magistrum
994 2170 1240 2220 Thomam
1281 2208 1291 2219 .
1332 2209 1342 2219 .
1385 2209 1395 2219 .
1438 2170 1576 2220 iustis
1612 2172 1674 2219 de
1712 2171 1866 2220 causis
1905 2208 1915 2218 .
1955 2211 1962 2219 .
2002 2210 2010 2219 .
2049 2171 2279 2235 impediri

216 2272 299 2313 aut
325 2264 503 2312 alias..
526 2264 811 2313 .licenciari
843 2265 977 2328 quod
1003 2264 1356 2313 execucionem
1380 2265 1451 2312 sui
1478 2264 1624 2313 officii
1652 2303 1660 2312 .
1689 2301 1699 2311 .
1727 2303 1735 2311 .
1764 2265 2020 2312 commode
2047 2281 2278 2312 exercere

216 2374 316 2405 non
345 2357 530 2420 poterit
565 2357 736 2406 licebit
777 2357 972 2422 prefato
1011 2397 1019 2405 .
1058 2397 1067 2405 .
1106 2396 1115 2405 .
1152 2358 1402 2423 ydoneum
1429 2397 1438 2405 .
1469 2395 1479 2405 .
1510 2395 1520 2405 .
1547 2355 1856 2406 substitutum
1900 2395 1909 2404 .
1951 2394 1960 2403 .
2000 2395 2008 2404 .
2046 2356 2278 2404 ordinare

218 2449 303 2512 qui
324 2449 625 2498 confimilem
651 2489 659 2498 .
688 2488 696 2498 .
724 2490 733 2498 .
759 2449 962 2498 habebit
983 2487 992 2498 .
1023 2489 1031 2497 .
1062 2488 1071 2497 .
1092 2450 1384 2515 potestatem
1411 2450 1705 2499 dummodo.
1730 2487 1739 2497 .
1762 2486 1771 2495 .
1791 2448 1959 2497 nostra
1976 2448 2213 2498 licencia.
2235 2486 2245 2496 .
2269 2487 2278 2495 .

219 2541 277 2590 fit
301 2542 529 2591 admifl‘us
555 2581 562 2590 .
591 2581 599 2589 .
630 2580 641 2590 .
668 2541 735 2591 Et
757 2542 794 2590 fi
820 2543 1076 2608 contingat
1100 2559 1190 2591 nos
1216 2583 1224 2591 .
1255 2580 1265 2590 .
1295 2580 1307 2590 .
1335 2542 1582 2592 Thomam
1616 2542 1669 2591 in
1703 2541 1881 2590 nostris
1905 2542 2126 2607 negociis
2154 2542 2280 2590 vltra

221 2634 495 2697 predi&um
521 2635 735 2683 officium
769 2635 902 2684 infra
936 2652 1147 2701 regnum
1175 2634 1348 2685 Scocie
1385 2652 1595 2684 onerare
1627 2634 1898 2699 sumptibus
1922 2634 2101 2682 nostris
2127 2644 2174 2683 et
2201 2651 2279 2681 ex·-

224 2725 382 2788 penfis
406 2725 652 2774 laborabit
679 2764 689 2774 .
795 2727 947 2792 Apud
971 2728 1324 2777 monasterium
1350 2727 1569 2777 nostrum
1599 2765 1608 2776 .
1636 2765 1646 2776 .
1676 2765 1688 2776 .
1713 2726 1975 2775 vndecimo
2001 2726 2080 2774 die
2104 2727 2279 2774 menfis

227 2815 489 2863 Februarii
514 2833 644 2865 anno
669 2817 877 2867 Domini
901 2819 1156 2869 millesimo
1185 2818 1668 2885 quadringentesimo
1694 2818 1987 2884 sexagesimo
2011 2818 2238 2867 secundo.
