2762 3834
562 400 625 453 74
999 391 1436 446 REGISTRUM
1468 390 1566 440 DE
1602 387 2167 440 ABERBROTHOC.

562 530 785 580 redditus
821 566 834 578 .
872 565 883 577 .
922 564 937 576 .
972 528 1036 578 ad
1056 527 1179 576 festa
1201 524 1518 575 Pentecostes
1549 528 1600 572 et
1637 521 1805 574 Sancti
1835 521 2051 574 Martini.
2082 523 2137 574 in
2172 539 2318 589 yeme
2356 560 2368 574 .
2408 560 2420 573 .
2460 561 2472 573 .
2509 542 2615 590 per-

563 624 845 689 cipiendum
871 623 932 670 de
959 659 971 670 .
1011 659 1023 670 .
1075 658 1086 669 .
1112 619 1259 669 terris
1283 617 1405 666 meis
1430 616 1491 664 de
1511 613 1728 687 Redhall
1747 612 1991 679 Balfeych
2018 621 2068 663 et
2092 614 2381 666 molendino
2402 615 2618 666 eiusdem

562 734 620 765 ac
644 717 706 764 de
740 715 1120 780 Petyngartnay
1158 748 1169 759 .
1208 748 1220 760 .
1260 747 1272 759 .
1308 710 1362 757 in
1402 707 1614 756 baronia
1645 707 1707 754 de
1744 705 2025 755 Neulandis
2061 706 2194 755 infra
2218 707 2618 758 vicecomitatum

561 808 622 855 de
647 805 958 871 Kyncardyn
988 821 1081 852 vna
1106 819 1216 851 cum
1242 800 1456 865 quadam
1479 800 1624 864 pecia
1647 805 1780 848 terre
1804 798 2001 847 iacente
2025 798 2159 848 infra
2178 806 2337 848 terras
2363 801 2620 851 constabu-

560 899 682 947 larie
719 899 781 946 de
814 896 1079 961 Breehyne
1113 895 1166 943 in
1201 892 1366 943 fronte
1403 890 1645 943 anteriori
1678 889 1906 955 proximo
1948 890 2152 940 ecclesie
2191 891 2468 942 cathedrali
2505 930 2517 942 .
2556 930 2568 943 .
2607 931 2619 943 .

562 990 827 1038 Tenendas
865 1026 876 1036 .
917 1025 929 1036 .
968 1025 980 1036 .
1019 985 1072 1035 in
1107 1002 1282 1051 puram
1319 991 1368 1033 et
1408 991 1702 1049 perpetuam
1744 984 2059 1033 elemosinam
2098 1022 2109 1034 .
2151 1022 2162 1034 .
2203 1023 2214 1034 .
2253 985 2461 1052 Insuper
2508 988 2623 1037 volo

560 1120 571 1132 .
601 1120 612 1131 .
644 1119 656 1131 .
685 1082 818 1146 quod
841 1081 920 1130 ius
939 1079 1257 1145 presentandi
1284 1078 1348 1127 ad
1372 1078 1555 1127 difflaam
1580 1075 1910 1141 capellaniam
1932 1076 2195 1141 personam
2219 1077 2467 1143 ydoneam
2506 1114 2519 1127 .
2557 1115 2570 1128 .
2609 1116 2620 1127 .

558 1175 620 1223 ad
645 1190 722 1222 me
748 1179 797 1222 et
823 1172 1032 1221 heredes
1055 1189 1192 1221 meos
1214 1171 1364 1236 pleno
1388 1171 1498 1220 iure
1521 1168 1774 1235 pertineat
1799 1205 1811 1217 .
1841 1205 1852 1216 .
1881 1205 1893 1217 .
1921 1175 1971 1218 et
1996 1169 2131 1233 quod
2155 1169 2312 1221 dietus
2337 1170 2623 1236 capellanus

562 1304 572 1314 .
611 1303 622 1314 .
661 1302 674 1314 .
710 1265 1018 1330 personalem
1042 1264 1095 1312 in
1121 1264 1254 1312 dieta
1279 1263 1558 1328 capellania
1580 1262 1733 1311 faciat
1757 1260 2070 1311 residencian
2106 1261 2328 1327 alioquin
2362 1263 2466 1328 ipso
2497 1263 2623 1314 faao

559 1360 731 1408 eadem
775 1358 1054 1423 capellania
1097 1357 1297 1422 penitus
1338 1356 1397 1405 fit
1438 1356 1665 1421 priuatus
1711 1392 1724 1404 .
1768 1393 1779 1405 .
1825 1393 1837 1405 .
1877 1354 1940 1405 In
1983 1355 2123 1406 cuius
2158 1357 2234 1406 rei
2286 1358 2622 1409 testimonium

558 1452 769 1518 sigillum
794 1469 957 1500 meum
982 1450 1200 1516 presenti
1226 1457 1364 1499 carte
1384 1448 1455 1498 est
1473 1449 1744 1514 appensum
1764 1450 1897 1515 apud
1922 1448 2278 1501 monasterium
2298 1451 2360 1500 de
2380 1451 2623 1505 Abirbro-

483 1594 487 1598 ,
559 1546 674 1595 thoe
707 1545 865 1594 tercio
899 1545 980 1593 die
1017 1543 1195 1593 mensis
1235 1543 1271 1593 J
1276 1543 1362 1592 ulii
1395 1560 1527 1592 anno
1561 1542 1773 1591 Domini
1804 1548 1873 1590 m⁰
1902 1549 2037 1592 cccc⁰
2069 1543 2178 1592 xlii⁰
2207 1572 2218 1583 ·
2256 1542 2623 1609 Quamquidem

560 1644 747 1687 cartam
780 1675 792 1686 .
833 1675 844 1686 .
885 1675 896 1686 .
933 1636 1678 1702 imperpetuum'confirmamus
1703 1635 1851 1685 saluis
1874 1636 2018 1686 nobis
2046 1674 2058 1686 .
2097 1672 2109 1685 .
2149 1674 2161 1686 .
2198 1636 2422 1685 seruiciis
2446 1637 2625 1688 debitis

561 1735 610 1777 et
645 1728 890 1779 consuetis
922 1755 934 1766 ·
974 1728 1035 1777 In
1061 1729 1201 1778 cuius
1226 1729 1299 1778 rei
1326 1728 1663 1778 testimonium
1724 1766 1736 1778 .
1777 1766 1790 1778 .
1830 1767 1841 1778 .
1879 1728 2093 1795 sigillum
2133 1768 2143 1779 .
2171 1768 2181 1779 .
2209 1767 2220 1779 .
2258 1729 2465 1794 capituli
2501 1766 2513 1779 .
2556 1768 2567 1779 .
2614 1768 2624 1778 .

562 1821 632 1870 est
656 1822 920 1887 appensum
958 1860 970 1871 .
1009 1860 1022 1872 .
1062 1860 1073 1871 .
1108 1823 1187 1872 die
1214 1830 1391 1888 quarto
1417 1821 1596 1872 mensis
1620 1822 1656 1872 J
1659 1822 1747 1871 ulii
1773 1840 1904 1872 anno
1928 1822 2140 1872 Domini
2163 1829 2232 1872 m⁰
2256 1829 2392 1873 cccc⁰
2412 1824 2533 1874 xlii0.

562 2075 737 2149 Carta
758 2105 1003 2148 terrarum
1028 2100 1089 2148 de
1115 2098 1299 2148 Breko.

564 2258 699 2332 Hec
741 2281 1010 2330 indentura
1048 2282 1177 2330 fabia
1217 2282 1351 2346 apud
1389 2282 1742 2331 monasterium
1782 2319 1795 2331 .
1840 2319 1852 2331 .
1897 2319 1910 2331 .
1957 2283 2018 2331 de
2054 2281 2397 2332 Abirbrothoc
2433 2282 2627 2332 decimo

564 2374 738 2437 quinto
777 2374 857 2422 die
898 2374 1074 2422 mensis
1111 2374 1305 2438 Aprilis
1345 2392 1476 2423 anno
1514 2375 1726 2424 Domini
1769 2375 2028 2425 millesimo
2077 2381 2212 2425 cccc⁰
2254 2375 2628 2442 quadragesimo

566 2465 721 2514 tercio
745 2466 876 2515 inter
900 2484 990 2515 nos
1014 2466 1295 2516 Walterum
1346 2503 1358 2515 .
1409 2505 1421 2516 .
1471 2505 1486 2518 .
1531 2469 1764 2522 abbatem,
1809 2506 1821 2518 .
1872 2506 1884 2518 .
1938 2506 1951 2519 .
2001 2476 2229 2534 exparte
2263 2486 2362 2518 vna
2397 2475 2446 2518 et
2489 2505 2500 2517 .
2551 2506 2563 2516 .
2617 2505 2627 2516 .

569 2557 822 2605 dominum
841 2558 875 2606 J
879 2558 1124 2607 ohannem
1145 2560 1206 2607 de
1229 2558 1429 2625 Ogilwy
1453 2561 1710 2610 dominum
1736 2561 1797 2611 de
1821 2560 2143 2626 Luntrethyn
2169 2560 2379 2610 militem
2404 2578 2465 2609 ex
2485 2568 2630 2625 parte

570 2649 726 2698 altera
751 2649 956 2698 testatur
995 2686 1006 2698 .
1039 2687 1050 2698 .
1087 2688 1098 2699 .
1139 2650 1272 2709 Quia
1303 2659 1439 2701 terra
1473 2654 1641 2702 nostra
1669 2652 2001 2703 ecclesiastica
2035 2654 2096 2702 de
2134 2651 2338 2701 Brekko
2365 2653 2490 2701 adeo
2516 2669 2630 2701 con·

570 2760 699 2791 nexa
722 2742 792 2790 est
819 2779 831 2790 .
860 2779 873 2790 .
899 2779 910 2792 .
938 2759 1049 2791 cum
1075 2744 1221 2791 terris
1244 2745 1428 2808 prefati
1466 2747 1654 2795 domini
1692 2783 1704 2795 .
1744 2784 1755 2795 .
1796 2783 1807 2796 .
1845 2747 1980 2811 quod
2012 2746 2065 2795 in
2101 2745 2346 2811 potestate
2373 2745 2628 2794 hominum

570 2834 929 2898 separationem
964 2833 1062 2883 siue
1099 2835 1469 2899 disposicionem
1502 2856 1669 2889 veram
1705 2840 1871 2890 facere
1927 2877 1939 2890 .
1991 2877 2004 2889 .
2061 2878 2074 2890 .
2128 2857 2231 2889 non
2257 2839 2474 2890 consistit
2499 2841 2629 2888 vnde

571 2926 800 2975 timemus
818 2925 1094 2989 periculum
1114 2933 1162 2974 et
1180 2926 1502 2977 formidamus
1520 2931 1852 2994 preiudicium
1890 2969 1901 2981 .
1936 2970 1947 2982 .
1988 2970 2000 2982 .
2037 2933 2181 2982 nobis
2214 2970 2225 2982 .
2266 2970 2277 2981 .
2318 2969 2329 2981 .
2366 2932 2628 2997 generari·

572 3018 742 3068 Sciant
765 3017 920 3082 igitur
943 3017 1194 3081 presentes
1226 3025 1275 3067 et
1309 3020 1465 3068 futuri
1502 3058 1514 3069 .
1553 3057 1564 3069 .
1605 3059 1616 3070 .
1648 3039 1739 3071 nos
1777 3060 1790 3073 .
1828 3060 1840 3072 .
1880 3061 1891 3073 .
1928 3024 2153 3089 predifito
2191 3024 2394 3073 domino
2432 3061 2443 3073 .
2482 3063 2492 3073 .
2533 3062 2544 3073 .
2582 3033 2631 3074 et

570 3110 837 3160 heredibus
870 3147 883 3158 .
922 3146 934 3158 .
967 3147 979 3158 .
1017 3116 1201 3159 terram
1225 3110 1442 3161 nostram
1466 3114 1527 3162 de
1554 3113 1756 3162 Brekko
1793 3152 1804 3163 .
1840 3152 1852 3164 .
1888 3152 1899 3164 .
1937 3117 2002 3165 ad
2025 3117 2368 3166 feodofirmam
2404 3115 2630 3166 dimisisse

574 3242 585 3251 .
625 3241 636 3252 .
677 3240 687 3252 .
726 3202 1019 3252 Tene-udam
1054 3239 1066 3250 .
1101 3239 1113 3251 .
1148 3239 1159 3251 .
1195 3202 1351 3252 libere
1389 3240 1401 3252 .
1441 3240 1452 3252 .
1491 3241 1503 3254 .
1534 3205 1662 3255 bene
1688 3213 1737 3255 et
1761 3206 1814 3255 in
1833 3224 1957 3272 pace
1975 3208 2110 3259 salua
2125 3209 2268 3258 nobis
2305 3246 2317 3258 .
2356 3246 2368 3258 .
2406 3246 2417 3258 .
2453 3209 2631 3274 regali-
