2762 3834
577 347 1007 399 REGISTRUM
1041 348 1139 398 DE
1175 348 1733 403 ABERBROTHOC.
2079 364 2171 407 381

129 482 262 530 omni
287 481 385 530 iuri
417 520 426 528 .
463 518 473 528 .
511 519 521 529 .
555 488 604 529 et
629 481 812 529 affioni
849 521 858 530 .
896 519 906 530 .
948 519 958 529 .
997 480 1084 530 fibi
1109 482 1410 546 competenti
1441 520 1452 531 .
1488 522 1497 534 .
1531 523 1540 533 .
1570 483 1708 550 [que]
1736 502 1887 550 penes
1906 489 2176 538 antedictas

128 582 285 623 terras
323 610 334 621 .
371 612 379 622 .
419 610 429 621 .
468 573 554 621 fibi
581 573 846 622 vendicare
871 574 953 621 seu
986 580 1161 621 contra
1196 574 1483 640 magistrum
1517 575 1762 626 Jacobum
1788 578 1871 627 uel
1893 578 2175 628 Johannem

133 666 378 714 Wischart
411 665 516 713 eius
551 672 744 729 patrem
780 681 983 713 mouere
1017 662 1245 728 potuisset
1281 694 1290 704 -
1329 674 1378 716 et
1411 667 1583 716 eadem
1620 670 1764 717 causa
1787 670 1905 734 quia
1928 672 2175 734 quandam

127 758 322 807 literam
347 757 628 807 citatoriam
656 756 846 822 regiam
871 757 935 805 ad
959 773 1134 805 manus
1169 773 1260 820 pro
1294 759 1510 822 presenti
1545 767 1664 808 tunc
1699 760 1938 810 habuiffet
1967 763 2031 810 ad
2063 780 2176 811 con-

128 850 387 899 ferendum
412 849 544 898 (11610
563 849 797 914 magistro
821 848 856 897 J
860 849 1016 897 acobo
1040 848 1092 896 in
1118 848 1306 913 fignum
1330 851 1675 900 transactionis
1698 852 1829 901 inter
1852 854 1980 918 ipsos
2004 855 2126 903 inite
2165 888 2174 896 ·

129 959 226 1006 qua
249 941 498 990 mediante
517 941 671 990 citare
693 949 745 989 ut
764 939 961 989 asseruit
984 940 1104 989 fecit
1128 940 1283 988 dietos
1306 940 1341 989 J
1344 941 1588 991 ohannem
1611 953 1803 1007 patrem
1822 952 1871 994 et
1888 946 2176 1011 magistrum

126 1035 162 1083 J
164 1035 368 1083 acobum
395 1051 562 1082 coram
584 1033 797 1087 dominis
829 1032 1018 1081 confilii
1052 1040 1190 1081 certo
1226 1032 1306 1080 die
1341 1034 1516 1082 menfis
1542 1033 1723 1083 Marcii
1747 1036 1981 1084 antedicti
2007 1037 2174 1086 viden—

126 1127 240 1174 dum
280 1135 328 1174 et
365 1126 670 1174 audiendum
699 1125 1019 1175 donationem
1059 1132 1109 1173 et
1138 1124 1520 1189 resignationem
1554 1133 1799 1175 terrarum
1833 1129 2055 1190 superius
2093 1147 2172 1177 ex-

124 1217 443 1282 preffatarum
479 1218 540 1266 de
573 1217 803 1266 Pettarro
841 1226 890 1266 et
925 1217 1135 1266 aliarum
1160 1216 1289 1265 (11ἃο
1316 1218 1574 1267 contractu
1598 1218 1892 1268 insertarum
1918 1221 2088 1269 caffari
2123 1230 2173 1270 et

125 1328 212 1375 per
237 1312 490 1360 decretum
517 1310 828 1358 dominorum
856 1309 1045 1358 confilii
1069 1309 1254 1358 nullius
1278 1311 1472 1359 roburis
1496 1311 1601 1359 fore
1625 1311 1709 1360 seu
1732 1312 1868 1361 fuifl'e
1893 1314 2136 1363 declarari
2164 1345 2172 1353 -

125 1404 277 1467 igitur
311 1403 444 1452 idem
478 1403 514 1452 J
517 1402 737 1451 ohannes
771 1402 884 1451 viue
918 1401 1054 1451 vocis
1093 1402 1296 1451 oraculo
1332 1403 1386 1451 in
1423 1403 1678 1468 presencia
1714 1406 1922 1469 prediffi
1955 1408 2174 1473 magistri

125 1495 160 1543 J
163 1494 305 1544 acobi
339 1495 482 1543 litere
507 1495 645 1559 regie
669 1502 719 1543 et
744 1494 986 1559 quidquid
1008 1492 1157 1559 ipfius
1181 1502 1413 1560 pretextu
1442 1495 1672 1561 prosequi
1695 1496 1921 1561 potuifl'et
1943 1499 1996 1547 in
2021 1501 2175 1548 omni-

127 1589 215 1636 bus
254 1587 351 1636 suis
383 1586 577 1652 punctis
610 1595 658 1636 et
693 1586 921 1635 clausulis
945 1586 1264 1635 renunciauit
1312 1626 1321 1635 .
1364 1626 1374 1635 .
1417 1624 1428 1635 .
1479 1586 1638 1651 Super
1663 1588 1839 1652 quibus
1865 1591 2091 1639 omnibus
2126 1600 2174 1640 et

128 1679 326 1744 singulis
351 1689 400 1729 et
422 1679 531 1744 post
556 1679 673 1728 dieti
698 1682 981 1728 contractus
999 1679 1113 1728 initi
1133 1678 1379 1743 semelque
1404 1679 1564 1743 sepius
1583 1679 1911 1744 perlecturam
1933 1681 2173 1745 ipsiusque

129 1772 531 1836 subscriptionem
579 1788 774 1819 necnon
817 1779 866 1819 et
905 1771 1174 1820 iuramenti
1212 1771 1465 1821 vinculum
1507 1780 1556 1820 et
1602 1771 1717 1819 fidei
1758 1771 2177 1837 interpositionem

130 1865 268 1928 super
310 1863 548 1928 premiffis
582 1864 775 1928 pun6tis
813 1864 866 1912 in
905 1864 1037 1912 diem
1076 1867 1331 1913 contr-astu
1364 1871 1414 1913 et
1450 1873 1591 1913 extra
1624 1864 1821 1913 insertis
1846 1874 1894 1914 et
1925 1869 2176 1931 conceptis

129 1958 442 2022 presentique
478 1956 804 2005 instrumento
839 1957 1038 2021 publico
1076 1955 1439 2021 comprehensis
1463 1973 1542 2005 me
1566 1957 1762 2005 notario
1787 1958 1985 2021 publico
2009 1959 2104 2008 rite
2130 1969 2178 2008 et

131 2051 182 2097 in
206 2047 443 2114 premissis
469 2048 732 2113 stipulante
757 2048 938 2112 prefati
963 2048 1196 2114 magister
1215 2049 1247 2099 J
1252 2050 1434 2098 acobus
1459 2058 1508 2099 et
1530 2049 1566 2099 J
1569 2050 1788 2098 ohannes
1813 2067 1843 2099 a
1865 2068 1943 2099 me
1967 2088 1977 2099 .
2011 2092 2019 2100 .
2051 2089 2060 2098 .
2091 2052 2176 2100 fibi

133 2142 239 2190 fieri
260 2141 520 2206 pecierunt
559 2177 569 2188 .
605 2178 615 2188 .
651 2177 662 2189 .
699 2139 1080 2188 instrumentum
1112 2177 1124 2188 .
1164 2178 1175 2189 .
1216 2179 1227 2190 .
1266 2141 1456 2190 Datum
1482 2148 1589 2190 erat
1611 2142 1707 2190 hoc
1731 2142 1782 2189 in
1808 2159 2003 2191 camera
2026 2144 2176 2191 hono-

133 2233 299 2282 rabilis
325 2233 419 2282 viri
445 2233 721 2281 Alexandri
758 2232 994 2281 Auchlek
1030 2233 1237 2282 refilmris
1278 2234 1340 2282 de
1381 2233 1717 2297 Glenberwyn
1755 2233 1885 2281 infra
1925 2234 2175 2283 ciuitatem

135 2324 483 2374 Sanffiandree
507 2326 632 2374 hora
654 2325 871 2373 secunda
893 2324 1003 2389 post
1027 2325 1285 2373 meridiem
1313 2362 1324 2373 .
1354 2361 1364 2371 .
1394 2362 1405 2373 .
1430 2323 1736 2388 presentibus
1761 2363 1770 2372 .
1806 2363 1815 2373 .
1851 2363 1859 2371 .
1886 2324 2173 2373 Alexandro

135 2417 365 2466 Auchlek
388 2420 578 2466 re&ore
598 2418 659 2466 de
685 2417 1022 2483 Glenberwyn
1056 2446 1067 2456 ·
1100 2416 1135 2465 J
1139 2417 1293 2466 acobo
1319 2415 1638 2481 Myddiltoun
1675 2442 1685 2451 ·
1721 2415 1756 2463 J
1758 2415 1952 2464 ohanne
1989 2416 2137 2464 Tullo
2163 2445 2171 2453 ·

136 2517 182 2558 et
205 2508 238 2558 J
241 2511 399 2583 acobo
422 2509 653 2558 Auchlek
699 2549 709 2558 .
764 2549 773 2558 .
826 2549 836 2557 .

199 2600 264 2649 Et
289 2614 379 2666 ego
404 2601 634 2666 magister
659 2601 916 2650 Johannes
946 2600 1262 2650 Strathechin
1314 2639 1323 2648 .
1376 2636 1386 2647 .
1437 2639 1446 2647 .
1495 2599 1716 2648 notarius
1756 2637 1765 2646 .
1810 2637 1818 2646 .
1865 2635 1875 2646 .
1926 2607 2019 2647 etc.

139 2784 441 2833 curatoribus
477 2785 697 2833 Patricio
726 2784 960 2848 magistro
999 2784 1141 2849 Gray
1177 2812 1188 2823 ·
1226 2783 1480 2832 Willelmo
1519 2783 1753 2849 magistro
1787 2784 1847 2832 de
1882 2783 2126 2832 Ruthwen
2163 2813 2171 2821 ·

139 2874 339 2925 Andree
373 2877 606 2941 Armiger
640 2905 649 2916 ·
686 2884 735 2925 et
765 2876 932 2924 multis
965 2875 1075 2924 aliis
1106 2894 1197 2941 pro
1232 2875 1452 2941 [itinere]
1486 2875 1754 2924 iusticiarie
1792 2877 2006 2924 tenendo
2044 2877 2173 2939 apud

139 2965 287 3017 Perth
311 2969 502 3018 decimo
528 2978 703 3034 quarto
726 2969 806 3017 die
830 2967 1006 3016 menfis
1031 2968 1244 3016 eiusdem
1272 2968 1445 3017 eodem
1470 2985 1615 3016 anno.
