2762 3834
24 1967 27 2061 i

26 2136 29 2188 ἰ
54 2133 147 2179 344

652 340 1079 392 REGISTRUM
1114 344 1209 394 DE
1245 347 1800 402 ABERBROTHOC.
2146 366 2242 410 283

202 491 300 538 quo
338 473 478 521 nobis
515 474 576 521 de
612 474 833 522 remedio
868 476 1131 538 prouidere
1168 489 1411 544 oportuno
1447 484 1739 549 supplicauit
1782 514 1792 525 ·
1835 487 2068 550 quocirca
2103 492 2239 540 uobis

325 602 335 613 .
380 565 670 614 mandamus
710 566 942 629 quatinus
986 571 1223 619 moneatis
1263 572 1503 639 legittime
1549 613 1559 624 .
1604 614 1615 625 .
1659 614 1671 626 .
1716 594 1883 626 omnes
1932 616 1943 627 .
1994 617 2004 627 .
2057 618 2067 628 .
2116 582 2241 631 diae

202 655 402 706 ecclesie
442 656 799 722 parrochianos
841 665 890 705 et
931 658 1053 707 alios
1095 661 1410 729 quoscunque
1460 704 1471 714 .
1516 704 1527 714 .
1573 705 1584 716 .
1634 685 1755 732 quos
1797 686 1885 717 nos
1926 678 2097 719 tenore
2135 689 2240 736 pre-

201 750 418 798 sencium
441 767 698 797 monemus
735 750 967 813 quatinus
1004 788 1014 798 .
1050 788 1062 799 .
1099 789 1109 799 .
1151 754 1212 801 ab
1248 758 1381 804 omni
1416 758 1767 808 intromiffione
1809 798 1820 808 .
1863 798 1873 809 .
1918 797 1928 809 .
1968 762 2242 812 huiusmodi

201 841 502 890 decimarum
528 841 805 905 garbalium
833 839 932 889 fine
957 842 1154 905 speciali
1178 845 1479 897 affedacione
1504 849 1600 897 fiue
1624 851 1834 899 licencia
1856 853 2101 902 cellerarii
2137 892 2147 902 .
2182 892 2192 903 .
2229 893 2239 903 .

201 933 402 981 omnino
442 931 673 980 desistant
717 968 728 980 .
769 968 781 980 .
824 969 835 980 .
878 932 1134 998 ipsumque
1173 937 1479 987 cellerarium
1518 948 1566 988 et
1602 942 1709 989 suos
1745 943 2009 991 familiares
2048 953 2096 993 et
2133 944 2242 992 illos

201 1024 378 1089 quibus
404 1024 672 1089 contigerit
695 1022 854 1088 ipsum
874 1022 1154 1073 huiusmodi
1179 1027 1392 1077 decimas
1418 1031 1631 1080 afl'edare
1656 1032 1707 1079 in
1743 1071 1752 1081 .
1789 1071 1801 1082 .
1840 1071 1849 1081 .
1885 1034 2241 1084 intromiffione

202 1119 471 1168 earundem
503 1118 708 1183 pacifice
733 1118 1024 1182 permittant
1063 1156 1072 1166 .
1110 1155 1120 1166 .
1159 1158 1168 1167 .
1205 1120 1290 1168 sub
1325 1138 1453 1184 pena
1488 1124 2010 1173 excommunicacionis
2046 1126 2244 1174 maioris

202 1229 348 1275 quam
385 1211 637 1260 contraria
673 1211 912 1260 facientes
951 1211 1209 1260 incurrere
1247 1211 1470 1260 volumus
1507 1213 1609 1277 ipso
1647 1214 1773 1262 facito
1811 1222 1859 1264 et
1895 1233 2014 1279 quos
2044 1234 2129 1266 vos
2165 1235 2243 1266 ex-

203 1303 590 1352 communicatos
630 1303 699 1352 in.
725 1302 930 1351 ecclefia
970 1303 1219 1352 antedicta
1260 1305 1484 1353 omuibus
1523 1305 1694 1354 diebus
1736 1307 1993 1356 dominicis
2029 1316 2077 1357 et
2111 1309 2242 1357 festis

201 1395 397 1460 publice
423 1403 472 1444 et
496 1395 763 1443 solenniter
788 1395 1099 1443 denuncietis
1135 1412 1236 1443 non
1274 1395 1506 1445 cessantes
1543 1398 1700 1446 donec
1736 1416 1765 1446 a
1798 1399 1938 1447 nobis
1972 1400 2243 1449 habueritis

201 1489 253 1536 in
298 1488 544 1536 mandatis
593 1495 640 1536 et
687 1488 938 1552 presentes
987 1488 1153 1536 debite
1199 1494 1428 1535 executas
1476 1489 1743 1537 earundem
1786 1489 1932 1538 latori
1977 1491 2195 1540 reddatis
2231 1519 2240 1530 ·

201 1582 388 1631 Datum
413 1582 499 1630 sub
524 1581 679 1646 figillo
705 1581 852 1629 officii
887 1579 1040 1629 nostri
1078 1581 1211 1645 apud
1248 1578 1717 1628 Sanaumandream
1753 1580 1832 1628 die
1864 1581 2054 1629 decimo
2089 1583 2242 1631 tercio

198 1673 372 1724 meufis
397 1674 432 1723 J
435 1674 523 1722 ulii
549 1691 679 1722 anno
705 1672 911 1721 Domini
938 1673 1193 1721 millefimo
1220 1677 1385 1721 ccccm
1407 1671 1722 1736 nonogesimo
1747 1673 1917 1721 tercio,

196 1920 537 1992 Presentacio
565 1941 768 1991 ecclefie
794 1942 855 1990 de
884 1940 1202 1991 Strathechin
1228 1958 1319 2005 pro
1341 1941 1572 2007 magistro
1597 1941 1814 1990 Patricio
1841 1942 2003 2008 Roffy.

198 2102 647 2175 Reuerendiffimo
681 2163 690 2172 .
729 2163 738 2172 .
778 2163 786 2172 .
825 2123 1026 2172 domino
1055 2122 1306 2181 Willelmo
1347 2158 1356 2168 .
1402 2158 1412 2169 .
1452 2161 1460 2170 .
1503 2121 1866 2186 archiepiscopo
1897 2121 2242 2171 Sanffiandree

198 2215 399 2279 primati
442 2223 536 2265 etc.
581 2255 590 2265 .
636 2254 646 2264 .
690 2255 698 2264 .
742 2215 914 2264 Dauid
956 2215 1105 2263 abbas
1142 2254 1150 2262 .
1189 2253 1198 2262 .
1238 2255 1246 2263 .
1285 2216 1346 2263 de
1388 2214 1721 2262 Abirbrothoc
1770 2253 1777 2262 .
1823 2253 1830 2261 .
1875 2253 1885 2262 .
1933 2215 2240 2263 reuerencias

277 2347 315 2379 .·
357 2314 406 2356 et
441 2307 656 2356 honores
699 2336 709 2346 ·
757 2306 891 2364 Quia
924 2314 978 2354 ut
1013 2306 1337 2354 informamur
1378 2346 1387 2354 .
1432 2346 1440 2354 .
1485 2345 1493 2353 .
1538 2305 1767 2369 magister
1804 2305 2052 2353 Henricus
2080 2305 2239 2371 Barry

201 2437 212 2447 .
260 2437 270 2447 .
314 2437 324 2447 .
366 2406 656 2464 perpetuam
692 2399 822 2447 suam
851 2399 1087 2447 vicariam
1115 2399 1176 2446 de
1204 2398 1518 2448 Strathechin
1550 2397 1783 2462 [comitis]
1830 2435 1840 2444 .
1885 2434 1895 2444 .
1942 2435 1951 2445 .
1995 2397 2239 2445 dimittere

200 2491 415 2539 intendit
460 2500 608 2556 prout
650 2492 807 2540 eciam
849 2499 903 2539 ut
946 2490 1129 2539 dicitur
1178 2529 1186 2538 .
1236 2528 1247 2539 .
1295 2530 1304 2539 .
1354 2489 1531 2538 dimifit
1569 2487 1791 2537 intel-effe
1833 2488 1998 2536 nostro
2039 2488 2238 2536 minime

201 2583 408 2647 desuper
443 2584 676 2647 requisito
719 2613 729 2623 ·
772 2600 862 2631 nos
902 2583 1056 2648 igitur
1095 2584 1158 2631 ad
1197 2583 1373 2630 di&am
1409 2581 1643 2629 vicariam
1680 2597 1788 2628 cum
1827 2579 2087 2644 contigerit
2124 2617 2133 2627 .
2177 2618 2185 2628 .
2230 2619 2236 2626 .

202 2692 378 2724 vacare
418 2713 429 2724 .
470 2713 480 2724 .
521 2714 530 2724 .
567 2674 854 2741 magistrum
893 2674 1164 2723 Patricium
1197 2673 1354 2738 rRoss'y
1394 2672 1625 2720 clericum
1668 2671 1825 2719 vestre
1870 2671 2070 2719 diocesis
2114 2707 2124 2718 .
2172 2708 2182 2718 .
2227 2709 2237 2717 .

202 2767 361 2815 vestre
379 2767 668 2831 paternitati
705 2807 714 2816 .
753 2807 761 2816 .
801 2807 809 2816 .
846 2768 1184 2832 presentamus
1218 2803 1226 2813 .
1261 2805 1269 2813 .
1305 2804 1314 2813 .
1353 2763 1506 2828 Apud
1524 2762 1859 2811 Abirbrothoc
1879 2761 2239 2824 decimoquinto

203 2859 283 2907 die
315 2859 492 2909 mensis
523 2859 735 2924 Augusti
770 2876 900 2907 anno
925 2858 1132 2909 Domini
1152 2855 1404 2905 millesimo
1430 2854 1907 2919 quadringentesimo
1931 2853 2238 2917 nonogesimo

204 2952 370 3001 tercio.
