2742 3848
493 360 593 405 580

492 499 607 549 Kirk,
642 498 823 538 dominus
862 496 1068 547 Patricius,
1103 495 1330 547 capellanus
1363 494 1508 534 Sancte

547 570 673 609 Marie
693 569 741 608 de
760 569 895 618 Perth,
918 569 982 617 91,
1003 568 1092 616 100,
1118 567 1208 605 103.

493 661 603 673 -—-
622 640 764 690 Elena,
785 641 878 679 323.

622 712 649 752 J
652 716 769 751 oneta
814 721 956 762 sponsa
1000 707 1170 756 Andree,
1215 719 1322 746 soror
1362 705 1390 746 J
1393 705 1505 745 acobi

551 782 706 831 Caruel,
730 782 820 830 121,
842 780 935 820 323.

496 852 766 906 Kirkpatrick,
786 851 814 892 J
816 850 1000 900 ohannes,
1022 851 1116 889 333.

497 924 690 974 Knokkis,
712 923 796 962 vide
818 920 1084 962 Strathachin.

497 996 663 1046 Knollis,
706 995 734 1035 J
736 994 923 1043 ohannes,
972 992 1179 1045 burgensis
1225 992 1273 1031 de
1315 991 1504 1041 Abirden,

553 1070 643 1109 136.

496 1140 669 1192 Knycht,
691 1139 882 1189 Andreas,
906 1139 997 1178 182.

623 1212 651 1252 J
654 1211 839 1262 ohannes,
861 1213 883 1250 7
888 1212 928 1250 2.

623 1283 818 1323 Robertus
859 1282 1000 1329 dictus,
1048 1279 1255 1332 burgensis
1296 1279 1345 1319 de
1388 1278 1503 1318 Abir-

549 1356 724 1405 brothoc,
749 1355 812 1405 10,
836 1338 910 1393 11.ι

496 1428 702 1477 Kokburn,
723 1427 809 1467 vide
828 1425 1029 1466 Cokburn.

496 1501 688 1549 Kortoun,
709 1499 795 1538 vide
815 1498 969 1537 Fraser.

497 1573 733 1621 Krechtone,
755 1570 841 1611 vide
862 1568 1071 1610 Crechton.

496 1645 601 1697 Kyd,
623 1643 751 1695 Kyde,
773 1641 1011 1693 Alexander,
1033 1641 1128 1681 378.

497 1739 607 1746 -——
626 1714 864 1763 Willelmus,
894 1713 985 1752 150.

498 1787 773 1840 Kylduncane,
794 1786 823 1826 J
825 1785 998 1825 ohannes
1017 1784 1078 1834 de,
1100 1785 1166 1823 54.

498 1859 663 1911 Kyllyn,
683 1857 856 1897 vicarius
875 1856 935 1906 de,
956 1857 1036 1895 vide
1067 1855 1229 1906 Yhung.

499 1931 741 1983 Kylymwre,
763 1931 843 1969 vide
861 1928 1059 1980 Kyrimor.

499 2002 847 2056 Kynblaithmont,
881 1997 1226 2051 Kynblathmund,
1259 1996 1512 2048 Kynblayth-

553 2079 676 2125 mont,
696 2075 777 2113 vide
810 2072 978 2112 Guthre.

500 2145 720 2199 Kyncorth,
740 2145 922 2184 Andreas
940 2143 1001 2193 de,
1023 2143 1089 2182 69.

500 2218 729 2270 Kyncragy,
759 2215 940 2255 dominus
967 2214 996 2255 5
999 2214 1155 2263 acobus,
1191 2212 1363 2252 decanus
1397 2212 1514 2251 Abir-

554 2288 748 2339 donensis,
771 2288 864 2327 510.

499 2362 634 2414 Kyng,
655 2359 870 2408 Johannes,
890 2356 1098 2408 burgensis
1116 2356 1165 2395 de
1186 2355 1315 2404 Crale,
1337 2356 1403 2394 53.

627 2432 656 2472 J
657 2436 775 2471 oneta
788 2442 931 2482 sponsa
947 2429 976 2469 5
978 2428 1154 2478 ohannis,
1172 2429 1238 2468 53.

500 2504 736 2557 Kynglasse,
757 2503 786 2543 J
787 2502 973 2552 ohannes,
995 2501 1090 2541 310.

500 2573 706 2629 Kyngorn,
728 2572 1042 2615 constabularius
1060 2572 1120 2623 de,
1143 2573 1209 2612 30.
1484 2616 1488 2619 ⁴

500 2646 697 2700 Kynloch‚
718 2646 747 2686 5
750 2646 905 2695 acobus,
924 2643 1134 2695 burgensis
1151 2642 1199 2682 de
1220 2642 1375 2691 Dunde,
1398 2642 1492 2681 446.

501 2718 665 2771 Kynlos,
687 2717 810 2756 abbas
828 2716 888 2766 de,
911 2717 948 2766 6,
970 2716 1064 2755 311.

627 2789 824 2829 Robertus
835 2787 958 2827 abbas
972 2786 1032 2836 (16,
1049 2785 1224 2826 officialis
1238 2785 1510 2836 Moraviensis,

556 2863 648 2911 500,
671 2861 765 2900 502.

500 2935 735 2986 Kynnarny,
765 2930 1016 2981 Kinnarnyn,
1042 2929 1215 2968 vicarius
1243 2928 1303 2977 dc,
1327 2930 1407 2968 vide
1434 2928 1510 2967 Pa-

554 3012 696 3055 terson,
720 3002 992 3054 Scrymgeour,
1014 3000 1154 3040 Traill.

500 3076 674 3130 Kynnef,
693 3074 864 3115 vicarius
882 3073 943 3124 de,
964 3074 1050 3112 vide
1069 3071 1200 3112 Bride.

439 3133 449 3139 “
628 3148 715 3188 vide
733 3146 856 3186 Biset.

499 3219 687 3273 Kynnell,
708 3218 880 3259 vicarius
899 3217 960 3268 de,
981 3216 1068 3256 vide
1088 3215 1233 3255 Broun.

1207 355 1448 408 INDEX
1483 353 1863 405 NOMINUM.

1580 493 1885 544 Kynnenmond,
1919 492 1948 533 J
1950 491 2124 532 ohannes
2156 493 2216 542 de,
2261 494 2472 547 episcopus,
2508 498 2593 536 vide

1636 563 1924 603 Brechinensis.

1580 634 1776 685 Kynoule,
1796 639 1923 674 rector
1942 633 2002 685 de,
2023 634 2110 674 vide
2126 634 2363 675 Crechtoun.

1582 705 1875 757 Kynquheryis,
1896 705 2175 758 Kynquherys,
2196 707 2283 747 vide
2298 707 2483 747 Annand.

1583 777 1801 829 Kynrossy,
1823 778 1911 817 vide
1929 778 2184 819 Haliburton.

1583 849 1752 900 Kyntor,
1774 848 1977 889 Gilbertus
1996 850 2056 899 de,
2084 850 2290 902 burgensis
2308 851 2356 891 de
2376 851 2591 902 Abbirden,

1641 922 1835 962 136-138.

1711 993 1740 1033 J
1742 993 1914 1033 ohannes
1933 992 1992 1043 de,
2013 993 2186 1034 ballivus
2199 994 2248 1034 de
2262 994 2478 1046 Abbirden,
2499 998 2593 1035 136-

1641 1065 1733 1103 138.

1712 1135 1904 1175 Ricardus
1923 1136 1983 1186 de,
1998 1136 2206 1187 burgensis
2223 1137 2272 1176 de
2292 1137 2506 1189 Abbirden,
2529 1140 2593 1188 93,

1642 1207 1732 1247 160.
2087 1243 2103 1259 ,

1708 1278 1901 1319 Ricardus
1910 1279 1970 1330 de,
1984 1279 2201 1332 prepositus
2212 1280 2260 1319 de
2273 1281 2487 1332 Abbirden,
2504 1284 2595 1322 136.

1585 1350 1811 1402 Kyroaudy,
1831 1350 2067 1402 Willelmus,
2089 1351 2264 1403 clericus,
2286 1354 2351 1392 39.

1585 1422 1783 1475 Kyrimor,
1815 1422 2017 1474 Kyrimur,
2053 1423 2295 1475 Kylymwre,
2330 1425 2501 1465 vicarius
2534 1426 2593 1476 de,

1641 1494 1727 1535 vide
1746 1494 1946 1546 Fleschar,
1967 1495 2256 1544 Hakkerstone‚
2278 1495 2483 1537 Lichtone.

1586 1565 1851 1618 Kyrkforthir,
1872 1572 1998 1606 rector
2017 1566 2078 1614 de,
2099 1567 2186 1607 vide
2206 1567 2394 1608 Simsone.

1584 1637 1892 1689 Kyrkmychael,
1913 1643 2040 1678 rector
2057 1639 2118 1689 de,
2138 1639 2226 1680 vide
2239 1639 2378 1691 Inglis.

1583 1709 1777 1761 Kyrkton‚
1799 1710 1886 1750 vide
1905 1710 2053 1750 Broun.

1583 1925 1778 1976 LADMAR,
1801 1925 2037 1977 Wethynus,
2059 1927 2098 1965 8.

1583 1997 1736 2048 Lagan,
1757 1997 1910 2048 Logan,
1931 1997 2104 2037 vicarius
2122 1997 2183 2050 de,
2203 2000 2284 2038 vide
2304 1998 2470 2040 Sinclar.

1584 2068 1746 2119 Laicok,
1766 2068 2002 2119 Willelmus,
2021 2069 2192 2110 vicarius
2211 2070 2259 2110 de
2279 2071 2428 2123 Rettre,
2451 2075 2545 2112 274.

1584 2139 1781 2190 Laitham,
1813 2139 2033 2191 Laithame,
2067 2141 2250 2190 Latham‚
2282 2142 2488 2194 Lathame,
2518 2146 2598 2184 vide

1640 2211 1787 2262 Broun,
1810 2210 1961 2251 Sibald.

1585 2284 1697 2334 Lam,
1731 2283 1871 2333 Lamb,
1905 2283 2040 2331 Lame,
2072 2284 2248 2336 Lamme,
2283 2285 2519 2336 Alexander,
2555 2288 2595 2326 in

1639 2354 1783 2406 Leyth,
1803 2355 1896 2405 358,
1918 2356 2012 2403 463,
2035 2356 2129 2395 514.

1712 2426 1905 2476 Andreas,
1929 2427 2021 2466 196.

1711 2497 1902 2549 Andreas,
1932 2498 2038 2538 filius
2065 2497 2285 2539 Alexandri
2309 2502 2358 2541 L.
2379 2507 2419 2541 61
2438 2503 2594 2554 Marga-

1639 2574 1723 2609 rete
1742 2569 1915 2621 Erskyn,
1937 2572 2032 2617 463,
2053 2571 2146 2610 514.

1594 2648 1596 2650 ’
1710 2640 1987 2692 Archibaldus,
2007 2641 2233 2693 monachus,
2255 2645 2348 2684 316.

1588 2728 1590 2730 ·
1711 2714 1857 2764 David,
1879 2715 1973 2754 358.

1582 2807 1693 2814 ——
1711 2785 1893 2825 dominus
1911 2790 1952 2825 et
1970 2786 2156 2837 magister
2174 2787 2203 2827 5
2204 2788 2359 2838 acobus,
2380 2790 2472 2829 458.

1582 2877 1693 2887 ———
1708 2856 1928 2906 Essobella,
1949 2857 2035 2896 vide
2055 2857 2201 2897 Broun.

1710 2927 2003 2979 Farquhardus,
2025 2929 2090 2967 92.
2122 2968 2124 2970 ,

1582 3020 1693 3028 —
1708 2999 1737 3039 J
1739 3000 1894 3050 acobus,
1918 2999 2058 3039 Scotus
2077 2999 2223 3052 degens
2242 3001 2377 3053 Rome,
2399 3004 2492 3042 462.

1711 3071 1740 3110 5
1743 3084 1861 3120 ames,
1887 3071 1978 3111 168.

1710 3142 1739 3182 J
1741 3142 1924 3193 ohannes,
1948 3143 2013 3193 79,
2035 3144 2101 3182 80.

1711 3213 1898 3265 magister
1916 3213 2191 3265 Archibaldus,
2213 3215 2388 3265 clericus,
2410 3218 2503 3257 245.
