2762 3834
473 788 569 839 457

471 1802 567 1846 458

620 377 718 426 366
1073 374 1498 428 REGISTRUM
1531 373 1629 423 DE
1661 370 2214 422 ABERBROTHOC.

627 576 986 666 [Constitucio
1010 601 1306 650 balliuorum
1331 596 1608 663 regalitatis
1632 597 1695 646 de
1720 596 1946 646 Arbroth
1970 605 2020 647 et
2046 596 2386 663 Ethcarmur.]

627 762 1033 833 hlemorandum
1085 810 1095 819 ·
1145 779 1297 826 Anno
1344 777 1552 826 Domini
1599 783 1667 826 m⁰
1713 777 2102 842 quingentesimo
2143 778 2277 827 sexto
2331 777 2671 829 constituimus

624 872 875 921 dominum
918 871 954 920 J
957 871 1202 919 ohannem
1242 868 1360 935 Hay
1401 869 1463 918 de
1506 868 1684 919 Yester
1725 877 1821 919 etc.
1867 877 1917 919 et
1957 887 2129 919 eorum
2174 870 2444 934 quemlibet
2479 870 2672 920 nostros

625 964 830 1013 balliuos
875 961 1224 1012 commiss'arios
1269 960 1569 1010 iusticiarios
1609 970 1660 1012 et
1700 964 2000 1013 camerarios
2048 964 2349 1013 coniunaim
2390 971 2439 1014 et
2479 962 2671 1013 diuifim

623 1057 751 1103 infra
789 1054 1101 1120 regalitatem
1135 1052 1351 1102 nostram
1393 1053 1455 1102 de
1499 1052 1839 1105 Abirbrothoc
1881 1063 1930 1105 et
1971 1055 2272 1105 Ethcarmur
2312 1057 2539 1106 durando
2579 1074 2671 1122 pro

623 1148 779 1196 tribus
803 1145 947 1195 annis
971 1153 1021 1195 et
1045 1145 1175 1194 vltra
1198 1145 1425 1194 durando
1456 1162 1549 1211 pro
1572 1146 1740 1197 nostra
1766 1148 2018 1198 voluntate
2055 1177 2066 1187 ·
2102 1148 2290 1198 Datum
2328 1149 2408 1198 die
2444 1149 2494 1198 xi
2528 1149 2565 1199 J
2567 1148 2670 1199 unii

622 1258 751 1289 anno
777 1248 870 1290 etc.
896 1248 950 1290 ut
974 1240 1131 1306 supra.

621 1493 963 1567 Confirmatio
1011 1513 1286 1578 capellanie
1332 1512 1368 1562 J
1371 1512 1580 1561 ohannis
1627 1511 1841 1562 Browne
1887 1513 1940 1562 in
1984 1512 2243 1562 Laithame
2288 1511 2460 1562 altaris
2506 1510 2673 1560 San&i

623 1606 898 1656 Sebastiani
922 1606 976 1655 in
1001 1605 1206 1655 ecclefia
1232 1603 1399 1654 Sancti
1424 1604 1644 1670 Vigiani.

621 1770 883 1845 Omnibus
932 1793 1119 1843 Christi
1160 1791 1388 1842 fidelibus
1432 1792 1686 1857 presentes
1740 1791 1911 1840 literas
1962 1790 2256 1856 inspeGluris
2303 1790 2385 1839 uel
2430 1790 2672 1840 audituris

623 1885 871 1951 Georgius
893 1883 1204 1950 permistione
1230 1884 1404 1934 diuina
1437 1884 1588 1933 abbas
1612 1883 1897 1933 monasterii
1929 1882 2098 1933 Sancti
2127 1883 2321 1932 Thome
2356 1883 2575 1932 martiris
2610 1883 2672 1933 de

620 1977 860 2026 Arbroith
894 1986 943 2026 et
976 1978 1191 2027 eiusdem
1232 1977 1331 2026 loci
1374 1985 1649 2026 conuentus
1681 1976 1886 2026 salutem
1918 1976 1972 2025 in
2005 1993 2064 2025 eo
2101 1976 2186 2041 qui
2228 1976 2298 2025 est
2337 1993 2457 2025 vera
2496 1975 2623 2024 salus
2658 2004 2669 2014 ·

623 2068 881 2118 Noueritis
926 2087 1017 2119 nos
1063 2070 1368 2119 fundationis
1413 2069 1584 2119 literas
1630 2068 1775 2117 vnius
1823 2068 2097 2134 capellanie
2144 2068 2197 2117 in
2245 2067 2448 2117 ecclesie
2506 2067 2669 2117 Sanffi

623 2160 830 2227 Vigiani
867 2162 1148 2211 confessoris
1182 2180 1273 2228 per
1312 2162 1349 2212 J
1351 2161 1596 2211 ohannem
1634 2160 1805 2212 Brovn
1846 2164 1899 2212 in
1938 2162 2150 2212 Latham
2190 2179 2293 2211 non
2328 2162 2537 2211 abolitas
2570 2177 2671 2210 non

622 2253 917 2302 cancellatas
947 2272 1048 2302 non
1077 2255 1209 2304 rasas
1244 2272 1339 2304 nec
1370 2255 1421 2303 in
1455 2254 1625 2318 aliqua
1652 2255 1847 2304 suarum
1884 2262 2026 2321 parte
2059 2255 2265 2305 viciatas
2296 2253 2587 2302 intellexiss'e
2623 2261 2672 2302 et

622 2345 867 2394 veraciter
908 2346 1163 2410 inspexifl'e
1199 2346 1253 2395 in
1290 2346 1384 2395 hec
1422 2346 1576 2395 uerba
1616 2376 1627 2386 ·
1668 2347 1928 2397 Uniuerfis
1969 2355 2019 2396 et
2057 2346 2257 2413 singulis
2298 2346 2460 2395 sanae
2499 2345 2671 2395 matris

624 2438 824 2486 ecclesie
850 2438 964 2487 filiis
990 2439 1053 2487 ad
1077 2456 1286 2503 quorum
1310 2439 1522 2489 noticias
1556 2440 1796 2504 presentis
1831 2441 2137 2490 fundationis
2170 2440 2316 2489 litere
2349 2438 2671 2504 peruenerint

626 2529 660 2577 J
664 2529 883 2578 ohannes
907 2530 1119 2579 Browne
1151 2531 1317 2580 incola
1339 2532 1392 2580 in
1416 2531 1646 2581 Laitham
1678 2532 1879 2582 salutem
1910 2533 2149 2598 gaudium
2171 2540 2221 2581 et
2243 2549 2416 2597 pacem
2458 2560 2469 2570 ·
2510 2531 2670 2580 Decet

628 2621 827 2669 domum
868 2621 1075 2670 Domini
1115 2623 1387 2672 sanctitudo
1423 2652 1433 2663 ·
1472 2624 1635 2673 Decet
1671 2631 1726 2673 ut
1765 2624 1818 2673 in
1858 2625 1997 2674 cuius
2038 2625 2218 2674 decore
2260 2624 2569 2673 consecratus
2603 2620 2672 2671 efl:

627 2712 764 2761 locus
790 2712 893 2760 eius
918 2713 1078 2762 cultus
1102 2714 1286 2763 ibidem
1310 2715 1368 2763 fit
1393 2716 1560 2765 debita
1583 2716 1712 2766 dotis
1747 2717 2150 2782 augmentatione
2174 2716 2397 2766 suffultus
2432 2744 2442 2755 ·
2480 2714 2669 2764 Verum

629 2821 780 2868 quum
803 2811 1081 2852 maternum
1104 2805 1342 2854 honorem
1365 2807 1495 2855 filius
1531 2808 1770 2857 naturalis
1804 2816 1982 2857 nature
2010 2808 2206 2857 vinculo
2242 2807 2468 2857 astrictus
2502 2805 2669 2872 ampli·

630 2896 779 2945 ficare
803 2896 992 2960 semper
1017 2896 1259 2946 desiderat
1291 2899 1380 2946 filii
1416 2900 1578 2949 sancte
1615 2899 1817 2949 ecclesie
1841 2899 2060 2948 omnium
2084 2900 2256 2949 matris
2281 2899 2420 2948 cuius
2441 2897 2669 2963 suffragio

632 2996 681 3037 et
724 2986 1064 3036 interceffione
1111 2989 1175 3036 ad
1219 3006 1426 3054 regnum
1474 2992 1677 3040 Abrahe
1723 2990 1855 3055 patri
1901 2991 2068 3039 nostro
2125 2989 2405 3055 promissum
2463 2986 2668 3054 prouehi

633 3086 917 3128 mereantur
952 3095 1061 3127 eam
1095 3096 1186 3144 pro
1223 3080 1475 3130 beneficiis
1509 3099 1599 3146 per
1633 3083 1858 3147 sponsum
1894 3083 2108 3131 eiusdem
2143 3081 2415 3130 Dominum
2451 3079 2665 3129 nostrum

634 3171 827 3220 Ihesum
857 3170 1105 3221 Christum
1141 3171 1245 3220 eius
1270 3171 1353 3221 fibi
1380 3171 1608 3237 paffionis
1633 3175 1816 3223 virtute
1852 3174 2043 3224 collatis
2079 3173 2281 3239 quisque
2317 3173 2422 3222 eius
2455 3172 2583 3221 filius
2614 3169 2666 3218 in
