2742 3848
521 351 619 398 582

522 493 724 545 LeuanaX,
746 494 991 546 Maloolmus,
1013 508 1142 536 comes
1161 496 1221 547 de,
1244 497 1336 547 535,
1359 497 1452 536 536.

650 566 864 619 Walterus,
885 581 1014 608 comes
1033 568 1092 618 de,
1114 570 1200 607 vide
1218 567 1386 607 Auleeh.

522 637 750 688 Leuinston,
778 639 1046 690 Levynstoun,
1076 638 1343 688 Lewinstoun,
1365 639 1534 690 Lewyn-

578 713 677 759 ston,
699 710 976 760 Lewynstoun,
1007 709 1247 761 Alexander,
1277 709 1466 761 magister
1487 709 1535 749 de

578 779 790 829 Kalendar,
812 781 905 830 399,
926 781 1020 820 400.

522 875 631 891 ——-
649 852 678 892 J
680 852 824 906 acobus
842 851 1034 903 dominus,
1060 854 1151 893 140.

646 922 832 974 magister
841 922 870 963 J
871 922 1057 975 ohannes,
1073 923 1245 964 vicarius
1258 923 1307 963 de
1319 923 1534 977 Innervgy,

580 996 670 1034 148.

648 1066 860 1118 Walterus,
881 1068 976 1107 458.

521 1139 690 1192 Leyche,
713 1138 898 1190 Thomas,
921 1141 987 1179 54.

522 1211 652 1262 Leyis,
673 1211 789 1262 Leys,
811 1210 898 1249 vide
918 1211 1083 1259 Burnat,
1107 1209 1273 1250 Gardin.

521 1283 775 1334 Leyrmount,
797 1281 1060 1334 Helyzabeth,
1080 1283 1167 1322 vide
1180 1281 1409 1334 Ochirlony.

521 1354 723 1405 Lichtone,
738 1354 948 1405 Lichtoun,
961 1354 1155 1406 Lychton,
1168 1354 1386 1406 Lychtone,
1403 1354 1532 1406 Lych-

575 1432 683 1478 toun,
717 1426 929 1477 Lechtone,
963 1427 1183 1477 Leehtoun,
1218 1426 1356 1479 Agnes
1393 1440 1536 1479 sponsa

576 1498 756 1549 Walteri,
777 1497 819 1537 in
839 1498 983 1551 Manys
1001 1498 1050 1539 de
1070 1498 1193 1551 Athy,
1215 1500 1309 1539 281.

521 1594 630 1601 -——
647 1571 795 1623 Agnes,
813 1571 894 1611 vide
913 1571 1077 1612 Burnat.

650 1645 823 1697 Alysone
843 1645 948 1696 Boys
976 1657 1117 1696 sponsa
1136 1642 1311 1695 Georgii,
1332 1642 1405 1682 filii
1425 1641 1534 1683 Wal-

576 1717 651 1758 teri
673 1717 732 1771 (in
751 1716 925 1769 Manys),
943 1717 1040 1755 420.

652 1790 832 1829 Andreas
849 1788 910 1839 de,
933 1789 998 1839 67,
1017 1788 1082 1827 68.

522 1885 632 1892 ——
646 1861 835 1912 Andreas,
849 1860 953 1900 filius
966 1858 1098 1899 David
1111 1858 1160 1898 L.
1172 1862 1215 1901 et
1228 1857 1352 1910 Gelys
1367 1856 1534 1906 Guthre,

578 1935 671 1974 483.

651 2005 842 2054 Andreas,
862 2002 967 2042 filius
996 2000 1130 2042 David
1147 2001 1196 2041 L.
1218 2005 1258 2041 et
1277 2000 1420 2040 Jonete
1438 2000 1536 2040 Bur-

576 2082 656 2128 net,
677 2078 771 2117 499.

647 2149 781 2190 David
799 2149 859 2199 de,
880 2150 947 2196 47,
970 2149 1035 2188 72.

651 2221 795 2273 David,
818 2221 884 2275 (de
903 2218 1164 2273 Newlandis),
1183 2221 1277 2270 233,
1300 2220 1392 2269 338,
1415 2219 1509 2258 499.

653 2293 797 2343 David,
814 2293 863 2332 de
883 2291 1103 2343 Owsawyn,
1126 2291 1220 2330 217.

651 2364 796 2415 David,
832 2362 939 2403 filius
968 2361 1164 2412 Duncani,
1198 2361 1241 2400 in
1285 2361 1460 2401 Bronton
1490 2361 1537 2401 de

579 2437 696 2488 Athe,
719 2437 812 2486 344,
830 2436 923 2485 345,
945 2435 1038 2484 482,
1060 2434 1156 2473 483.

651 2508 830 2548 dominus
858 2505 1096 2556 Alexander,
1123 2505 1338 2558 presbyter,
1369 2504 1539 2544 vicarius

580 2584 628 2623 de
646 2582 770 2632 Fiwe,
791 2582 884 2632 260,
906 2581 1001 2621 325.

653 2654 834 2694 dominus
871 2651 1015 2702 David,
1054 2650 1188 2701 abbas,
1232 2650 1312 2689 vide
1350 2648 1536 2689 Abirbro-

581 2727 684 2766 thoe.

651 2796 831 2838 dominus
840 2795 869 2836 J
871 2795 1054 2845 ohannes,
1067 2794 1279 2846 presbyter,
1293 2796 1540 2845 presentatus

584 2870 635 2909 ad
661 2867 829 2909 vicarias
854 2866 901 2906 de
914 2865 1116 2918 Kyrimur,
1147 2864 1322 2916 Newtyl,
1355 2868 1396 2903 et
1429 2863 1537 2903 Mur-

582 2942 692 2991 hous,
715 2940 808 2990 229,
830 2939 924 2986 266,
945 2939 1038 2987 287,
1061 2937 1155 2976 288.

657 3013 874 3052 Duncanus
892 3010 952 3060 de,
982 3009 1162 3060 armiger,
1190 3007 1256 3061 (de
1285 3007 1461 3046 Bronton
1490 3006 1538 3046 de

583 3083 726 3137 Athy),
740 3083 840 3133 -201,
858 3083 955 3132 202,
977 3082 1070 3131 217,
1092 3080 1184 3130 255,
1204 3080 1299 3129 267,
1321 3078 1414 3128 286,
1444 3078 1536 3127 308,

585 3159 678 3207 321,
700 3157 794 3206 344,
816 3154 910 3195 345.

529 3252 640 3260 --
659 3226 882 3278 Elizabeth,
901 3225 998 3266 323.

1235 352 1472 404 INDEX
1509 353 1892 407 NOMINUM.

1605 498 1812 547 Lichtone,
1835 495 1958 548 Gelys
1973 495 2126 541 Guthre
2146 510 2287 550 sponsa
2306 497 2439 539 David
2467 500 2516 539 L.
2546 499 2617 538 filii
2646 530 2650 534 .

1661 567 1858 618 Duncani,
1880 568 1975 607 483.

1605 661 1706 669 ——
1734 637 1939 690 Georgius,
1983 638 2090 679 filius
2131 638 2301 679 Walteri
2344 639 2404 693 (in
2445 640 2617 693 Manys),

1661 711 1754 760 343,
1776 710 1871 749 420.

1605 803 1711 813 —·
1734 781 1932 823 Hem-icus
1950 780 2010 831 de,
2033 783 2099 821 22.

1605 875 1716 882 -—
1734 852 1762 893 J
1765 853 1920 903 aeobus,
1942 852 2170 911 monachus,
2192 854 2286 892 410.

1607 946 1716 957 ——
1733 924 1763 965 J
1764 923 1949 975 ohannes,
1972 925 2038 964 79.

1735 995 1763 1035 J
1766 995 1951 1046 ohannes,
1999 995 2106 1036 filius
2152 996 2286 1036 David
2334 998 2381 1037 L.
2420 1003 2460 1037 et
2501 996 2622 1048 Gelys

1662 1065 1829 1118 Guthre,
1851 1068 1946 1108 483.

1735 1138 1883 1179 Joneta
1902 1138 2054 1179 Burnet
2071 1152 2215 1191 sponsa
2240 1139 2385 1191 David,
2409 1140 2475 1191 (de
2505 1140 2621 1180 New—

1660 1209 1820 1263 landis),
1840 1211 1937 1251 499.

1733 1282 1891 1333 Joneta,
1912 1282 1997 1323 vide
2015 1282 2246 1323 Joffrasone.

1732 1353 1919 1394 Marioria
1930 1354 2039 1407 Tyry
2051 1366 2191 1407 sponsa
2203 1354 2398 1405 Duncani,
2415 1356 2508 1407 201,
2528 1358 2620 1406 344,

1661 1425 1754 1476 345,
1775 1425 1869 1466 483.

1734 1496 1932 1548 Marioria,
1954 1496 2042 1537 vide
2062 1496 2166 1537 Mill.

1735 1568 1906 1609 Mariota
1950 1569 2150 1621 Lindesay
2184 1582 2325 1622 sponsa
2367 1570 2510 1621 David,
2558 1570 2621 1623 (de

1663 1638 1925 1692 Newlandis),
1946 1641 2039 1691 233,
2061 1641 2155 1680 338.

1736 1711 1928 1752 Ricardus
1947 1711 2008 1763 de,
2029 1713 2096 1751 47.

1735 1783 1947 1834 Walterus,
1983 1783 2030 1823 de
2061 1783 2319 1836 Houshavyn,
2344 1783 2487 1835 junior,
2518 1784 2623 1824 filius

1664 1860 1705 1894 et
1724 1854 1836 1894 heres
1855 1854 1990 1895 David
2008 1855 2056 1894 L.
2077 1854 2125 1895 de
2138 1855 2207 1906 H„
2221 1854 2463 1907 justiciarius
2479 1856 2620 1908 regali-

1664 1927 1759 1966 tatis
1785 1927 1834 1966 de
1863 1926 2145 1979 Aberbrothoo,
2177 1930 2270 1978 217,
2288 1928 2380 1978 255,
2403 1929 2496 1978 267,
2528 1930 2619 1978 273,

1664 2000 1756 2050 280,
1785 2000 1878 2051 284,
1909 2001 2000 2051 287,
2032 2000 2125 2050 291,
2157 2000 2249 2051 308,
2281 2001 2374 2049 312,
2406 2001 2498 2050 321,
2527 2002 2620 2050 340,

1663 2072 1756 2120 429,
1779 2073 1873 2111 430.

1737 2142 1949 2194 Walterus,
1978 2142 2083 2183 filius
2102 2142 2298 2194 Duneani,
2319 2144 2359 2182 in
2380 2144 2553 2183 Bronton
2574 2144 2620 2183 de

1663 2214 1782 2265 Athe,
1802 2216 1895 2265 344,
1917 2215 2012 2254 483.

1737 2285 1948 2336 Walterus,
1969 2286 2012 2325 in
2031 2285 2174 2338 Manys
2192 2286 2240 2331 de
2256 2286 2380 2337 Athy,
2412 2288 2504 2336 222,
2527 2288 2618 2335 281,

1664 2359 1757 2409 337,
1780 2359 1874 2399 343.

1608 2429 1707 2480 Liel,
1729 2429 1844 2480 Liell,
1866 2428 1980 2481 Lyal,
1997 2429 2108 2482 Lyel,
2125 2429 2254 2481 Lyell,
2272 2429 2508 2480 Alexander,
2529 2431 2617 2480 196,

1664 2502 1757 2552 346,
1778 2503 1872 2552 347,
1894 2502 1988 2542 359.

1607 2593 1715 2601 ·-—-—
1735 2572 1957 2624 Elizabeth,
1978 2573 2063 2613 vide
2084 2572 2251 2613 Guthre.

1736 2643 1950 2695 GilbertuS,
1973 2645 2038 2696 56,
2059 2646 2125 2696 57,
2148 2646 2213 2694 79,
2236 2647 2325 2695 132,
2351 2647 2441 2685 149.

1736 2716 1764 2756 J
1767 2715 1950 2766 ohannes,
1968 2716 2131 2756 clericus
2142 2716 2375 2769 paroehialis
2389 2716 2438 2756 de
2453 2716 2616 2767 Dunny-

1663 2787 1779 2840 chyn,
1800 2789 1895 2827 486.

1735 2860 1764 2900 J
1766 2865 1882 2899 oneta
1900 2859 2102 2899 Adamson
2121 2873 2261 2912 sponsa
2278 2860 2307 2900 J
2309 2860 2484 2910 ohannis,
2505 2861 2599 2900 486.

1734 2931 1763 2971 J
1766 2936 1893 2979 oneta,
1914 2931 1999 2970 vide
2013 2931 2220 2971 Barhame.

1605 3026 1715 3036 —
1735 3003 1942 3053 Ninianus,
1971 3004 2177 3055 burgensis
2204 3003 2252 3043 de
2282 3002 2495 3056 Arbroyth,
2525 3005 2616 3052 423,

1663 3077 1756 3126 424,
1778 3075 1871 3125 430,
1893 3076 1986 3126 446,
2009 3076 2102 3126 479,
2124 3077 2217 3126 502,
2236 3076 2329 3117 523.

1738 3146 1971 3198 Stephanus,
1988 3146 2089 3188 civis
2102 3146 2392 3197 Sanctiandree,
2412 3148 2502 3197 171,
2526 3148 2613 3195 172,

1664 3219 1758 3258 238.
