2742 3848
408 1212 498 1262 XI.

553 327 650 372 542
1191 318 1487 370 GARTAE
1526 315 1938 368 ORIGINALE
1947 314 1996 366 S.

552 457 724 507 Dauid
750 458 812 506 de
839 456 991 522 Haya
1016 453 1381 504 constabulario
1411 451 1587 502 Scocie
1623 479 1633 490 ·
1663 450 1699 500 J
1703 450 1901 499 ohanne
1927 450 1989 498 de
2015 447 2277 498 Kambron
2313 480 2323 490 ·
2359 458 2409 500 et
2432 451 2633 518 Rogero

553 553 615 600 de
641 551 847 600 Mortuo
873 549 1008 598 Mari
1043 578 1053 588 ·
1092 546 1333 595 militibus
1377 575 1385 584 ·
1431 544 1566 609 apud
1600 543 1789 592 Dunde
1815 542 2190 591 oEtauodecimo
2215 542 2297 591 die
2321 542 2466 592 ‚Junii
2502 562 2634 594 anno

553 644 697 710 regni
723 643 879 692 nostri
905 639 1279 691 terciodecimo.

561 992 946 1083 [confirmacio
970 1015 1105 1082 regis
1130 1015 1303 1065 Dauid
1330 1016 1392 1065 de
1417 1032 1603 1081 magna
1627 1015 1895 1082 custuma.]

553 1183 747 1257 Dauid
792 1240 802 1251 .
845 1240 856 1251 .
898 1241 908 1251 .
951 1220 1041 1252 rex
1088 1202 1354 1253 Scotorum
1395 1202 1683 1252 iusticiariis
1727 1201 2017 1251 camerariis
2060 1202 2439 1252 vicecomitibus
2483 1202 2640 1253 custu-

551 1297 721 1348 mariis
745 1295 1008 1362 prepositis
1032 1296 1311 1363 burgorum
1337 1304 1387 1346 et
1413 1314 1587 1346 eorum
1612 1295 1815 1345 balliuis
1853 1333 1864 1344 .
1906 1334 1916 1344 .
1959 1334 1970 1345 .
2008 1296 2219 1346 salutem
2256 1324 2266 1335 ·
2298 1295 2480 1348 Sciatis
2505 1299 2639 1363 quod

551 1392 669 1441 licet
708 1390 830 1440 alias
872 1390 927 1439 in
964 1390 1117 1456 pleno
1158 1390 1493 1457 parliamento
1530 1390 1701 1439 nostro
1739 1397 1879 1440 tento
1917 1391 2052 1456 apud
2088 1390 2302 1440 Sconam
2334 1392 2640 1442 donaciones

685 1524 697 1534 .
748 1502 840 1551 per
882 1502 973 1533 nos
1015 1485 1172 1535 factas
1214 1484 1625 1535 reuocauerimus
1666 1501 1770 1533 non
1819 1483 1891 1533 est
1938 1491 2109 1534 tamen
2155 1484 2324 1535 nostre
2367 1486 2640 1535 voluntatis

551 1579 775 1628 intencio
801 1578 1134 1628 donacionem
1180 1616 1190 1627 .
1238 1616 1249 1627 .
1295 1616 1307 1627 .
1350 1577 1611 1627 monachis
1648 1578 1711 1627 de
1749 1577 2096 1628 Abirbrothoc
2121 1579 2183 1627 de
2207 1596 2392 1645 magna
2417 1578 2643 1630 custuma

552 1674 637 1722 sua
681 1714 689 1722 .
733 1713 742 1722 .
787 1713 796 1722 .
841 1671 964 1721 alias
986 1689 1078 1737 per
1103 1689 1195 1721 nos
1221 1673 1404 1721 deuote
1431 1671 1707 1721 concessam
1733 1671 2020 1737 aliqualiter
2044 1689 2289 1722 reuocare
2315 1673 2436 1738 quin
2465 1674 2639 1739 pocius

662 1808 670 1816 .
716 1785 826 1817 eam
866 1766 982 1832 ipsis
1027 1805 1038 1816 .
1082 1806 1093 1816 .
1137 1805 1147 1816 .
1189 1766 1245 1816 in
1287 1805 1298 1815 .
1341 1805 1351 1815 .
1394 1805 1404 1815 .
1447 1773 1745 1831 perpetuam
1795 1763 2113 1815 elemosinam
2163 1766 2467 1816 conferimus
2513 1804 2524 1814 .
2569 1805 2579 1815 .
2629 1807 2639 1815 .

554 1861 705 1910 Vnde
732 1861 961 1910 volumus
1004 1901 1013 1910 .
1061 1901 1070 1910 .
1115 1901 1124 1910 .
1169 1860 1306 1925 quod
1349 1900 1358 1909 .
1404 1899 1414 1908 .
1456 1899 1466 1909 .
1509 1860 1744 1909 monachi
1784 1898 1795 1909 .
1835 1897 1845 1909 .
1886 1899 1895 1909 .
1933 1861 2153 1910 habeant
2191 1899 2202 1909 .
2240 1899 2251 1909 .
2291 1899 2301 1909 .
2339 1861 2496 1911 libere
2535 1902 2544 1911 .
2583 1902 2591 1910 .
2631 1903 2639 1910 .

552 1962 708 2004 totam
733 1971 971 2020 magnam
996 1952 1269 2003 custumam
1308 1953 1685 2019 contingentem
1712 1955 1774 2003 de
1801 1953 2178 2020 quibuscunque
2214 1955 2554 2004 mercimoniis
2592 1965 2641 2005 et

553 2049 703 2097 rebus
727 2047 781 2096 in
804 2049 966 2113 burgo
991 2054 1142 2112 portu
1167 2054 1217 2096 et
1241 2047 1507 2112 regalitate
1545 2047 1608 2096 de
1645 2046 1991 2097 Abirbrothoc
2026 2047 2079 2096 in
2118 2047 2227 2096 suos
2264 2050 2375 2097 vsus
2412 2049 2642 2114 proprios

662 2180 671 2190 .
716 2141 941 2191 totaliter
967 2142 1363 2192 conuertendam
1387 2168 1398 2180 ·
1424 2149 1473 2191 et
1499 2141 1634 2206 quod
1677 2180 1686 2190 .
1735 2181 1743 2190 .
1789 2181 1798 2190 .
1842 2141 2079 2191 monachi
2103 2143 2363 2207 proprium
2399 2141 2641 2191 koketum

556 2237 774 2285 habeant
810 2252 909 2300 quo
947 2234 1015 2284 vsi
1051 2236 1164 2285 sunt
1202 2235 1456 2301 hucusque
1500 2235 1633 2300 quod
1673 2234 1916 2284 koketum
1955 2235 2141 2285 seruiat
2180 2243 2230 2285 et
2268 2236 2544 2301 recipiatur
2584 2254 2642 2285 ac

557 2329 802 2379 allocetur
843 2330 917 2379 ita
957 2329 1087 2378 bene
1137 2369 1146 2379 .
1197 2370 1206 2379 .
1257 2369 1266 2378 .
1317 2337 1419 2378 tam
1462 2328 1594 2377 infra
1635 2346 1848 2395 regnum
1892 2329 2116 2378 nostrum
2159 2346 2307 2395 quam
2356 2329 2476 2378 alibi
2519 2331 2642 2379 ficut

557 2423 745 2473 koketa
768 2424 1045 2490 burgorum
1070 2423 1354 2472 nostrorum
1397 2460 1408 2471 .
1450 2461 1461 2471 .
1502 2461 1513 2471 .
1553 2422 1779 2472 seruiunt
1819 2459 1830 2470 .
1875 2461 1885 2470 .
1930 2460 1941 2470 .
1985 2421 2157 2482 Quare
2185 2423 2323 2471 vobis
2347 2423 2642 2472 mandamus

561 2556 571 2565 .
614 2555 623 2564 .
666 2554 677 2566 .
717 2517 952 2582 quatinus
991 2517 1131 2566 nullo
1172 2517 1321 2566 modo
1362 2516 1554 2566 vexetis
1592 2556 1601 2565 .
1648 2554 1660 2565 .
1703 2553 1714 2565 .
1757 2515 2032 2566 monachos
2071 2523 2157 2565 aut
2200 2532 2373 2584 eorum
2415 2515 2641 2565 homines

560 2618 737 2660 contra
781 2649 792 2659 .
835 2651 844 2660 .
887 2649 897 2658 .
938 2610 1106 2660 nostre
1132 2610 1405 2660 voluntatis
1431 2608 1882 2676 decl[aracionem]
1932 2646 1943 2657 .
1990 2647 2000 2657 .
2047 2644 2058 2656 .
2105 2625 2200 2657 nec
2223 2609 2528 2674 permittatis
2558 2626 2640 2658 eos

613 2742 623 2751 .
661 2741 672 2752 .
707 2704 881 2753 vexari
917 2741 928 2752 .
965 2741 977 2752 .
1017 2741 1029 2752 .
1064 2703 1279 2752 immofi
1302 2703 1533 2769 poteritis
1558 2703 1828 2769 agnoscere
1851 2701 2045 2766 aliquos
2079 2740 2089 2751 .
2126 2739 2137 2749 .
2171 2740 2182 2750 .
2216 2701 2496 2750 huiusmodi
2535 2742 2542 2750 .
2583 2742 2591 2750 .
2632 2742 2640 2750 .

561 2803 824 2846 vexatores
861 2813 945 2846 eos
982 2814 1012 2846 a
1045 2796 1228 2845 talibus
1270 2835 1280 2846 .
1321 2836 1331 2845 .
1374 2835 1385 2846 .
1430 2796 1787 2847 vexacionibus
1811 2812 1903 2862 per
1933 2795 2153 2845 nostram
2187 2796 2473 2860 potenciam
2511 2813 2641 2845 com-

560 2889 772 2954 pescatis
811 2918 822 2928 ·
869 2887 973 2939 Sub
1014 2906 1148 2955 pena
1187 2905 1308 2938 vero
1351 2889 1575 2939 omnium
1614 2907 1711 2955 que
1755 2906 1877 2954 erga
1917 2905 2009 2939 nos
2053 2889 2217 2938 amitti
2258 2879 2497 2954 poterunt
2539 2906 2640 2937 non

562 2982 775 3032 veniatis
817 3021 828 3032 .
864 3020 875 3032 .
914 3020 924 3031 .
965 2990 1143 3032 contra
1167 2989 1395 3032 tenorem
1428 3020 1439 3031 .
1476 3018 1489 3031 .
1527 3020 1539 3032 .
1576 2983 1889 3047 presencium
1926 3021 1939 3034 .
1982 3021 1991 3033 .
2033 3022 2045 3033 .
2084 3001 2208 3049 quas
2245 3023 2255 3032 .
2294 3023 2304 3033 .
2344 3022 2354 3032 .
2390 2984 2501 3033 fieri
2524 2983 2640 3033 feci-

562 3093 672 3127 mus
697 3077 830 3142 apud
857 3075 1157 3141 Edinburgh
1181 3075 1235 3129 in
1262 3073 1464 3124 consilio
1488 3076 1660 3126 nostro
1684 3077 1871 3128 ibidem
1907 3084 2047 3127 tento
2082 3077 2221 3128 sexto
2258 3077 2340 3127 die
2375 3075 2639 3126 Februarii

565 3188 697 3220 anno
721 3169 867 3236 regni
892 3169 1049 3219 nostri
1073 3168 1304 3219 vicesimo
1331 3171 1527 3220 ofitauO.
