2762 3834
636 356 1063 407 REGISTRUM
1097 357 1193 406 DE
1229 356 1781 407 ABERBROTHOC.
2134 358 2225 408 261

189 487 414 553 garbales
439 488 640 536 ecclesie
665 488 827 537 nostre
853 490 914 538 de
939 490 1222 555 Kyrymore
1268 528 1278 539 .
1319 528 1330 539 .
1369 529 1380 539 .
1420 508 1512 555 pro
1537 490 1761 540 terminis
1785 507 1964 538 nouem
1990 507 2229 538 annorum

193 620 204 629 .
259 618 269 629 .
325 615 336 627 .
395 578 650 645 [termino]
689 579 920 628 introitus
978 619 988 629 .
1043 618 1055 630 .
1110 619 1121 629 .
1171 582 1440 647 incipiente
1475 585 1528 632 in
1563 583 1685 632 festo
1725 582 1891 633 Sancti
1926 583 2064 631 Petri
2100 584 2232 646 quod

190 671 371 722 dicitur
395 670 661 719 aduincula
692 672 857 720 datam
890 673 1197 737 presencium
1234 675 1515 725 immediate
1549 675 1781 739 sequente
1822 711 1833 723 .
1875 711 1887 723 .
1928 712 1939 723 .
1981 673 2231 724 Soluendo

191 803 203 814 .
243 802 255 813 .
293 801 305 813 .
341 764 580 812 ducentas
604 770 653 811 et
678 748 1008 827 quadraginta
1037 782 1227 814 marcas
1265 803 1276 815 .
1317 804 1328 815 .
1367 804 1378 815 .
1414 774 1611 816 monete
1650 804 1662 815 .
1701 804 1713 816 .
1753 803 1764 815 .
1809 765 1982 816 Scocie
2017 766 2080 814 ad
2118 803 2130 814 .
2167 803 2178 814 .
2218 805 2227 813 .

188 855 309 906 sesta
345 893 357 904 .
396 892 407 903 .
447 892 459 903 .
495 853 647 903 Pasce
692 861 741 903 et
785 853 948 903 Sanffi
990 855 1128 904 Petri
1166 893 1176 904 .
1217 893 1228 904 .
1267 894 1278 905 .
1315 858 1580 907 aduincula
1615 895 1627 906 .
1666 896 1677 906 .
1717 894 1728 906 .
1765 857 1830 906 Et
1871 856 1905 905 fi
1944 894 1956 906 .
1997 893 2008 904 .
2052 894 2063 905 .
2100 857 2228 905 male

187 946 469 1013 persoluens
497 946 649 994 fuerit
684 982 696 994 .
739 982 752 994 .
789 982 800 993 .
838 946 901 993 ad
937 946 1173 995 terminos
1210 984 1221 996 .
1261 986 1273 998 .
1312 986 1323 997 .
1360 949 1442 997 uel
1463 950 1595 998 infra
1618 949 1947 1014 quadraginta
1970 949 2074 996 dies
2113 985 2123 996 .
2164 985 2174 996 .
2214 984 2226 996 .

184 1041 374 1090 licitum
413 1039 508 1088 erit
545 1038 689 1086 nobis
732 1075 744 1086 .
789 1074 800 1085 .
842 1075 853 1086 .
898 1037 1105 1102 desuper
1144 1039 1400 1103 disponere
1439 1042 1501 1088 ad
1541 1078 1552 1089 .
1594 1078 1605 1089 .
1648 1078 1659 1088 .
1698 1040 1892 1089 libitum
1930 1076 1941 1088 .
1980 1077 1992 1088 .
2031 1076 2042 1088 .
2076 1040 2227 1102 Apud

186 1132 518 1182 Abirbrothoc
543 1130 749 1195 septimo
775 1130 854 1178 die
879 1128 1056 1178 mensis
1081 1130 1186 1179 Mai
1212 1147 1341 1179 anno
1365 1130 1572 1179 Domini
1601 1136 1740 1186 1489.
2132 1135 2134 1138 ’

183 1385 522 1459 Presentacio
548 1404 749 1456 ecclesie
774 1407 836 1460 de
861 1405 1003 1471 Athy
1027 1423 1117 1470 per
1140 1403 1525 1469 refignacionem
1552 1422 1663 1453 cum
1687 1421 1865 1453 vacare
1888 1404 2168 1470 contigerit.

29 1562 134 1659 {322
183 1565 628 1638 Reuerendiffimo
689 1623 700 1633 .
761 1622 772 1634 .
835 1623 846 1634 .
906 1585 1105 1633 domino
1154 1584 1407 1634 Willelmo
1456 1585 1823 1650 archiepiscopo
1873 1584 2223 1634 Sanffiandree

31 1677 33 1700 i
183 1678 380 1744 primati
418 1678 668 1742 tociusque
703 1677 847 1742 regni
875 1676 1048 1726 Scocie
1072 1676 1237 1741 legato
1260 1685 1378 1726 nato
1426 1714 1436 1725 .
1489 1714 1499 1724 .
1551 1714 1562 1725 .
1604 1677 1774 1725 Dauid
1810 1677 1958 1725 abbas
2001 1713 2012 1724 .
2055 1714 2067 1725 .
2110 1712 2122 1724 .
2163 1677 2224 1724 de

184 1770 519 1819 Abirbrothoc
559 1808 570 1819 .
613 1807 624 1818 .
663 1807 674 1818 .
710 1768 1027 1818 reuerencias
1065 1805 1076 1816 .
1116 1805 1127 1816 .
1168 1805 1180 1816 .
1216 1776 1266 1816 et
1288 1768 1501 1816 honores
1530 1794 1542 1805 ·
1570 1769 1652 1816 Ad
1674 1775 1965 1832 perpetuam
1989 1767 2225 1816 vicariam

185 1862 383 1912 ecclefie
406 1861 704 1927 parochialis
729 1862 790 1910 de
818 1861 953 1910 Athe
979 1877 1090 1909 cum
1115 1877 1293 1909 vacare
1319 1859 1585 1923 contigerit
1607 1877 1698 1924 per
1722 1859 2107 1924 refignacionem
2133 1896 2144 1907 .
2173 1895 2183 1906 .
2212 1895 2223 1906 .

186 1954 369 2003 domini
415 1954 452 2003 J
455 1954 664 2003 ohannis
723 1954 1000 2002 Melmakar
1047 1990 1058 2001 .
1109 1989 1121 2000 .
1173 1989 1184 2000 .
1231 1951 1267 2000 J
1270 1951 1514 2000 ohannem
1572 1949 1849 2000 Melmakar
1905 1949 2224 2014 presbiterum

187 2046 341 2095 vestre
366 2046 567 2096 diocefis
606 2083 617 2095 .
656 2084 667 2095 .
707 2084 718 2094 .
755 2045 915 2094 vestre
954 2083 965 2094 .
1011 2083 1022 2094 .
1065 2082 1076 2093 .
1113 2043 1401 2110 paternitati
1441 2079 1453 2091 .
1492 2080 1503 2091 .
1542 2081 1554 2091 .
1593 2043 1928 2107 presentamus
1954 2079 1966 2091 .
1994 2079 2005 2090 .
2033 2079 2045 2091 .
2069 2042 2224 2090 humi-

184 2138 297 2188 liter
319 2139 629 2203 requirentes
654 2138 885 2202 quatinus
912 2155 1020 2186 cum
1056 2173 1068 2184 .
1097 2174 1109 2186 .
1138 2175 1149 2185 .
1183 2136 1410 2185 dominus
1433 2135 1468 2184 J
1471 2135 1689 2183 ohannes
1727 2171 1738 2183 .
1776 2171 1788 2182 .
1827 2171 1838 2182 .
1871 2133 2103 2183 vicariam
2130 2171 2141 2182 .
2171 2171 2182 2182 .
2210 2171 2222 2181 .

185 2228 506 2295 refignauerit
543 2267 554 2278 .
596 2267 607 2278 .
647 2267 658 2278 .
696 2229 825 2277 diao
869 2267 880 2278 .
922 2267 934 2279 .
978 2267 989 2278 .
1033 2228 1198 2278 nostro
1245 2228 1524 2293 presentato
1568 2227 1775 2275 eandem
1824 2262 1835 2274 .
1881 2262 1893 2274 .
1937 2263 1949 2275 .
1998 2225 2223 2274 conferre

250 2358 261 2370 .
313 2359 325 2371 .
369 2321 642 2387 dignemini
686 2359 698 2370 .
742 2358 755 2370 .
800 2358 811 2370 .
853 2321 1006 2386 Apud
1052 2321 1322 2386 capitulum
1369 2319 1589 2368 nostrum
1635 2318 1774 2366 xxiiii
1818 2317 2044 2368 O8cobris
2091 2333 2220 2365 anno

186 2412 388 2462 Domini
411 2413 665 2463 millesimo
690 2412 1170 2478 quadringentesimo
1196 2411 1521 2476 o8cuagefimo
1544 2427 1692 2458 nono.

186 2662 520 2736 Presentacio
545 2687 745 2736 ecclefie
770 2687 831 2736 de
858 2687 1031 2735 Barre.

49 2875 140 2921 323
188 2843 628 2917 Reuerendiffimo
671 2906 682 2917 .
716 2906 727 2918 .
764 2906 775 2918 .
815 2869 1015 2918 domino
1041 2867 1292 2917 Willelmo
1334 2904 1345 2915 .
1385 2904 1396 2916 .
1431 2903 1442 2914 .
1482 2865 1831 2914 Sanffiandree
1856 2862 2217 2927 archiepiscopo

188 2957 383 3020 primati
408 2967 456 3008 et
481 2959 745 3024 apostolice
770 2960 894 3008 sedis
917 2959 1081 3024 legato
1107 2958 1276 3007 Dauid
1319 2995 1330 3006 .
1375 2995 1386 3006 .
1431 2995 1442 3006 .
1486 2958 1636 3006 abbas
1674 2992 1685 3003 .
1725 2993 1737 3005 .
1776 2993 1786 3004 .
1826 2956 1887 3004 de
1911 2952 2218 3004 Abbirbroht

241 3083 253 3096 .
290 3084 302 3096 .
337 3051 648 3099 reuerencias
673 3051 863 3100 debitas
900 3086 911 3099 .
955 3087 967 3098 .
1007 3087 1018 3098 .
1058 3049 1191 3108 Quia
1207 3050 1539 3099 intelleximus
1563 3048 1696 3113 quod
1718 3046 1947 3112 magister
1964 3045 1999 3095 J
2002 3045 2216 3093 ohannes

189 3138 249 3194 de
271 3138 453 3190 Dunde
478 3142 693 3191 vicarius
715 3140 1054 3206 penfionarius
1079 3139 1176 3190 fiue
1200 3140 1542 3206 porcionarius
1567 3140 1628 3188 de
1653 3138 1809 3205 Barre
1834 3136 1991 3186 vestre
2015 3134 2214 3184 diocefis
