2742 3848
0 1061 85 1116 771

591 355 1019 407 REGISTRUM
1053 355 1152 405 DE
1188 353 1751 405 ABERBROTI-ioo.
1968 337 1970 340 ’
2106 359 2198 402 511

142 491 281 539 curia
303 490 357 538 in
383 490 609 540 omnibus
636 491 790 540 caufis
812 489 1167 540 monasterium
1192 490 1511 556 tangentibus
1538 497 1714 540 contra
1741 488 2058 553 quascunque
2093 504 2201 551 per-

141 584 281 632 sonas
305 592 354 633 et
379 584 546 632 omnia
568 584 853 634 faciendum
876 583 928 632 in
953 583 1192 649 premiffis
1211 581 1479 633 necessaria
1503 611 1513 623 ·
1536 581 1766 631 Testibus
1785 580 2035 630 Duncano
2056 578 2171 628 Mar
2191 608 2200 616 ·

140 675 373 725 Johanne
398 675 604 725 Peirson
643 704 654 715 ·
691 676 943 726 Willelmo
971 675 1131 742 Steyll
1170 703 1181 714 ·
1224 676 1434 725 Andrea
1470 673 1723 741 Cristyson
1766 703 1776 713 ·
1817 681 1865 722 et
1891 672 2201 722 Allexandro

144 768 414 833 Quhytlaw
438 795 447 805 ·
477 772 538 816 14
566 766 872 832 Septembris
901 771 1046 816 1532.

143 1027 298 1100 Idem
329 1051 580 1115 presentat
613 1050 887 1099 Patricium
926 1049 1187 1115 Grahaym
1223 1049 1459 1098 clericum
1500 1048 1859 1099 Sanctiandree
1897 1046 2102 1098 diocesis
2142 1046 2206 1095 ad

145 1144 382 1192 vicariam
404 1151 697 1209 perpetuam
723 1142 925 1193 ecclefie
960 1142 1288 1208 parrochialis
1324 1142 1386 1191 de
1422 1141 1605 1208 Manys
1642 1143 1704 1191 de
1740 1137 2203 1192 Erle-Strathechin

145 1238 358 1287 eiusdem
385 1237 589 1287 diocefis
620 1246 880 1287 vacantem
915 1254 1007 1301 per
1044 1236 1233 1286 obitum
1269 1234 1490 1300 magistri
1525 1235 1803 1284 Alexandri
1839 1234 2047 1300 Gardyn
2090 1260 2099 1268 ·
2141 1236 2205 1280 25

147 1330 450 1395 Septembris
479 1334 625 1379 1532.

147 1591 301 1662 Idem
327 1612 583 1662 constituit
607 1611 833 1661 dominos
858 1612 1114 1661 Andream
1140 1611 1258 1661 Scot
1282 1619 1332 1661 et
1355 1611 1721 1661 Allexandrum
1746 1594 1888 1660 Dure
1911 1612 2207 1662 monachos·

147 1706 372 1754 dominos
400 1704 570 1753 Dauid
594 1703 778 1752 Brown
803 1711 853 1753 et
877 1703 1245 1753 Allexandrum
1270 1704 1454 1753 Brown
1484 1704 1784 1769 presbiteros
1809 1731 1818 1740 ·
1843 1705 1951 1753 suos
1975 1721 2209 1769 procura-

145 1807 277 1847 tores
325 1799 390 1846 ad
436 1797 827 1862 comparendum
874 1813 1043 1845 coram
1089 1795 1125 1845 J
1128 1795 1324 1846 ohanne
1379 1796 1700 1845 Brechinenfi
1755 1796 1985 1861 episcopo
2044 1797 2209 1845 eiusue

148 1889 484 1939 commifl'ariis
527 1919 537 1929 -
582 1889 643 1938 ad
680 1889 954 1954 petendum
991 1890 1052 1938 ab
1089 1889 1263 1938 eodem
1300 1888 1547 1953 apostolos
1573 1888 1828 1937 occasione
1854 1889 2210 1953 appellacionis

148 1984 360 2033 secundo
386 1983 466 2031 die
494 1981 801 2047 Septembris
829 1985 959 2030 1532
983 1999 1074 2047 per
1099 1981 1354 2030 dominum
1373 1980 1546 2030 Dauid
1568 1980 1819 2031 Cristeson
1837 1987 2212 2046 procuratorem

151 2077 341 2126 abbatis
379 2074 668 2140 interpofite
711 2092 770 2124 ac
811 2075 972 2124 eidem
1012 2074 1242 2140 episcopo
1280 2091 1371 2138 per
1413 2076 1624 2123 eundem
1663 2074 1839 2139 quinta
1879 2075 1960 2123 die
1996 2074 2211 2123 eiusdem

151 2170 326 2219 menfis
362 2170 588 2219 intimate
631 2176 808 2218 contra
846 2168 1093 2218 Jacobum
1136 2166 1493 2216 Sanffiandree
1535 2167 1958 2232 archiepiscopum
2008 2166 2124 2232 [etc.
2161 2175 2212 2215 ut

152 2263 295 2327 supra
320 2262 419 2310 No.
445 2261 565 2328 769]
595 2292 605 2301 ·
637 2266 702 2310 28
732 2260 1037 2325 Septembris
1066 2264 1212 2308 1532.

152 2517 303 2590 Idem
342 2538 525 2587 affedat
562 2555 654 2603 pro
696 2538 1025 2587 nouendecim
1063 2539 1207 2586 annis
1242 2556 1273 2586 a
1306 2538 1429 2587 festo
1468 2537 1637 2588 Sancti
1662 2539 1867 2587 Andree
1893 2547 2008 2588 ante
2035 2538 2211 2587 festum

154 2631 350 2680 Natalis
387 2631 596 2680 Domini
635 2634 764 2679 1532
808 2631 977 2679 Dauid
1013 2631 1166 2680 Voud
1202 2632 1264 2680 de
1304 2630 1441 2695 Crag
1476 2639 1526 2681 et
1560 2631 1766 2681 Andree
1792 2631 1944 2680 Voud
1980 2632 2084 2680 eius
2108 2632 2211 2679 filio

152 2723 409 2787 piscariam
432 2725 566 2773 suam
592 2724 654 2772 de
679 2723 731 2789 ly
754 2723 923 2773 North
948 2723 1131 2789 Watyr
1171 2752 1181 2762 ·
1224 2722 1477 2774 Soluendo
1500 2724 1633 2774 infra
1656 2726 1869 2790 burgum
1895 2726 1956 2774 de
1981 2724 2211 2774 Montros

49 2814 50 2818 ’
153 2817 216 2864 ad
239 2815 411 2865 festum
441 2815 608 2866 Sancti
634 2815 898 2865 Michaelis
921 2816 1002 2864 vel
1025 2816 1158 2865 infra
1182 2816 1362 2882 viginti
1386 2817 1491 2865 dies
1527 2824 1628 2866 tres
1663 2817 1903 2867 barrellas
1939 2818 2209 2866 salmonum

152 2908 500 2969 sufficiencium
526 2907 759 2967 videlicet
768 2908 881 2972 full
894 2909 1003 2957 reid
1018 2909 1278 2973 and-[weit
1294 2910 1398 2959 and
1414 2911 1479 2975 of
1489 2910 1569 2959 the
1586 2911 1729 2975 rycht
1745 2911 1875 2975 bynd
1890 2909 2207 2976 quontros·

155 3003 219 3048 20
242 2999 472 3049 «Ianuarii
501 3004 645 3049 1532.
