2586 3834
664 382 1090 436 REGISTRUM
1123 385 1220 434 DE
1255 385 1812 440 ABERBROTHOC.
2162 401 2256 445 401

223 517 557 582 Glenberwyn
599 546 608 555 ·
651 516 844 565 Jacobo
883 515 1098 581 Heryng
1135 516 1438 566 thesaurario
1471 518 1684 568 Rofl'enfi
1723 549 1733 560 ·
1771 521 2029 571 Bernardo
2071 523 2260 588 Gargill

220 609 406 657 vicario
443 609 504 656 de
541 607 698 656 Banfe
738 636 747 646 ·
788 614 837 655 et
862 607 1069 655 Andrea
1097 606 1292 656 Sinclar
1317 609 1503 657 vicario
1528 611 1588 658 de
1613 611 1785 675 Lagan
1810 613 2003 661 notario
2027 614 2224 676 publico
2251 646 2260 654 -

222 716 331 747 cum
358 697 562 747 diuerfis
588 698 712 746 aliis.

221 957 578 1041 Auchynhuff
623 975 864 1024 affedatur
913 974 1106 1022 Thome
1156 973 1348 1022 Saukar
1396 1000 1406 1011 ·
1454 974 1703 1023 Elisabeth
1754 975 2098 1042 [Suddirland]
2150 1006 2161 1017 -
2211 985 2259 1025 et

220 1068 254 1116 J
258 1069 443 1117 ohanni
466 1067 567 1115 filio
593 1067 825 1115 eiusdem.

223 1289 231 1297 .
275 1287 284 1296 .
330 1288 338 1296 .
382 1249 556 1297 Pateat
599 1288 608 1297 .
654 1286 664 1295 .
708 1286 717 1295 .
761 1264 851 1295 nos
889 1246 1164 1311 Georgium
1209 1283 1219 1293 .
1263 1282 1273 1292 .
1318 1282 1328 1292 .
1372 1246 1598 1294 abbatem
1635 1284 1643 1293 .
1682 1285 1691 1293 .
1729 1285 1737 1294 .
1776 1248 1836 1295 de
1873 1246 2091 1295 Arbroth
2136 1285 2145 1295 .
2190 1283 2201 1294 .
2247 1286 2258 1297 .

222 1340 443 1390 affedaffe
483 1378 493 1388 .
535 1378 545 1388 .
584 1377 595 1388 .
635 1339 828 1387 Thome
855 1337 1049 1407 Saulxar
1073 1365 1083 1374 ·
1108 1337 1360 1385 Elisabeth
1388 1336 1690 1386 Suddirland
1707 1339 1873 1402 sponse
1891 1339 1972 1386 sue
1991 1340 2225 1387 moderne
2247 1366 2257 1376 ·

222 1441 270 1481 et
293 1432 328 1481 J
332 1431 515 1480 ohanni
542 1430 734 1480 Saukar
757 1430 859 1477 filio
891 1429 1100 1494 predibh
1126 1429 1319 1477 Thome
1364 1466 1375 1477 .
1422 1465 1433 1476 .
1476 1466 1486 1477 .
1530 1436 1687 1477 terras
1721 1430 1909 1477 nostras
1933 1430 1993 1478 de
2021 1430 2256 1494 Auchyn-

220 1523 353 1572 huffe
378 1523 595 1571 iacentes
630 1522 682 1569 in
720 1520 926 1570 baronia
961 1521 1022 1568 de
1059 1519 1250 1568 Tervas
1284 1519 1415 1567 infra
1450 1520 1762 1584 regalitatem
1797 1521 1858 1568 de
1892 1521 2132 1569 Arbroith
2166 1538 2257 1585 pro

221 1621 324 1661 toto
365 1621 589 1676 tempore
625 1612 724 1660 vite
760 1611 1028 1659 eorundem
1072 1638 1082 1648 ·
1123 1609 1372 1658 Soluendo
1416 1648 1426 1658 .
1473 1647 1483 1658 .
1530 1648 1540 1658 .
1585 1618 1795 1674 quatuor
1831 1611 1981 1659 libras
2022 1611 2257 1659 tredecim

220 1704 399 1751 solidos
424 1711 472 1753 et
498 1710 708 1767 quatuor
733 1702 962 1750 denarios
1003 1741 1011 1750 .
1052 1741 1060 1749 .
1102 1740 1111 1750 .
1153 1709 1349 1750 monete
1391 1738 1401 1748 .
1444 1738 1454 1748 .
1494 1740 1503 1749 .
1546 1700 1717 1750 Scocie
1742 1702 1802 1750 ad
1845 1740 1853 1750 .
1894 1738 1904 1749 .
1947 1738 1957 1748 .
1999 1702 2120 1750 festa
2151 1739 2161 1748 .
2199 1737 2210 1748 .

221 1795 534 1843 Pentecostes
560 1801 609 1843 et
637 1792 802 1842 8311ὃὶ1
839 1792 1048 1841 Martini
1091 1830 1101 1840 .
1141 1830 1152 1840 .
1190 1833 1199 1841 .
1240 1809 1451 1842 vnacum
1486 1800 1711 1857 rynmart
1735 1793 1936 1857 weddyr
1962 1799 2010 1841 et
2034 1792 2256 1840 omnibus

221 1886 330 1934 aliis
352 1885 717 1934 husbandorum
751 1884 982 1933 oneribus
1025 1921 1035 1931 .
1075 1922 1084 1932 .
1126 1922 1137 1932 .
1181 1884 1388 1948 Insuper
1413 1883 1447 1931 fi
1473 1884 1590 1931 (11ἃί
1627 1922 1636 1931 .
1676 1920 1687 1930 .
1720 1921 1730 1931 .
1764 1883 1891 1931 111310
1923 1883 2257 1947 persoluentes

225 1976 360 2042 [etc.]
401 2015 411 2025 .
447 2013 457 2023 .
495 2015 505 2024 .
537 1976 691 2040 Apud
733 2014 743 2023 .
785 2014 794 2023 .
839 2013 848 2023 .
890 1976 1159 2039 capitulum
1197 1976 1411 2024 secundo
1457 1976 1536 2023 die
1574 1975 1750 2024 menfis
1788 1974 2087 2023 Nouembris
2129 1991 2257 2022 anno

220 2068 424 2116 Domini
448 2067 703 2116 millefimo
729 2067 1117 2131 quingentesimo
1143 2066 1348 2115 decimo,

221 2328 488 2414 Magister
512 2348 792 2397 Willelmus
827 2347 1003 2396 Lunde
1038 2347 1348 2411 presentatur
1385 2344 1585 2394 ecclesie
1621 2343 1681 2390 de
1717 2341 1861 2389 Dron
1892 2338 2253 2388 Dunblanenfis

219 2439 436 2488 diocefis.

218 2602 539 2673 Reuerendo
580 2662 588 2670 .
632 2660 641 2670 .
682 2660 692 2670 .
732 2622 931 2669 domino
961 2619 1193 2685 [Jacobo]
1238 2657 1247 2666 .
1289 2656 1299 2665 .
1341 2657 1349 2665 .
1390 2617 1614 2680 episcopo
1641 2611 1980 2662 Dunblanenfi
2007 2609 2253 2674 Georgius

337 2753 345 2761 .
395 2713 543 2761 abbas
591 2750 602 2761 .
646 2751 655 2759 .
699 2749 710 2760 .
759 2713 820 2760 de
862 2711 1085 2758 Arbroth
1133 2748 1144 2758 .
1190 2749 1199 2757 .
1241 2747 1250 2757 .
1297 2709 1510 2756 honores
1549 2735 1558 2745 ·
1598 2705 1679 2752 Ad
1704 2703 1941 2752 vicariam
1964 2707 2251 2764 perpetuam

119 2815 123 2820 “
220 2803 420 2852 ecclesie
454 2802 777 2867 parrochialis
814 2803 874 2850 de
909 2801 1055 2849 Dron
1088 2838 1098 2849 .
1129 2837 1140 2847 .
1173 2837 1184 2847 .
1214 2806 1471 2848 vacantem
1513 2813 1602 2861 per
1640 2793 1878 2843 decefl‘um
1909 2829 1918 2838 .
1953 2830 1960 2838 .
1994 2828 2002 2837 .
2035 2788 2253 2854 magistri

219 2893 254 2941 J
257 2894 463 2942 ohannis
490 2892 637 2958 Yong
672 2928 683 2940 .
716 2931 725 2940 .
747 2931 767 2944 ,.
791 2891 1087 2956 ⁴magistrum
1112 2890 1417 2939 Willelmum
1443 2887 1619 2936 Lunde
1638 2884 1796 2933 vestre
1820 2880 2106 2946 paternitati
2142 2916 2153 2926 .
2190 2915 2201 2925 .
2241 2914 2251 2924 .

219 2985 553 3047 presentamus
597 3023 605 3032 .
648 3023 657 3032 .
701 2966 941 3031 {Datum
983 3020 993 3030 .
1032 3020 1040 3029 .
1078 3020 1087 3029 .
1131 2981 1262 3044 apud
1312 3017 1322 3028 .
1370 3017 1380 3027 .
1427 3015 1438 3026 .
1487 2976 1754 3041 capitulum
1800 2991 1907 3026 x1111
1955 2972 2034 3020 die
2079 2968 2252 3022 menfis

222 3074 255 3122 J
259 3075 451 3123 anuarii
475 3091 605 3122 anno
629 3074 834 3121 Domini
858 3079 926 3120 m⁰
949 3078 997 3120 v⁰
1019 3077 1080 3119 x⁰.

1211 3253 1292 3296 31:
