2586 3834
259 766 349 807 541

255 2129 472 2182 542‚‚

406 364 501 407 422
850 360 1272 410 REGISTRUM
1306 358 1402 407 DE
1440 355 1997 408 ABERBROTHOC.

406 562 577 633 Carta
600 583 863 631 tenementi
890 582 1074 630 fabrice
1100 583 1216 629 data
1243 580 1495 644 Stephano
1521 580 1713 629 Makail
1739 588 1788 630 et
1811 582 2077 630 heredibus
2100 582 2209 631 suiS.

407 742 680 811 Vniuerfis
718 801 725 809 .
767 800 776 810 .
819 798 829 809 .
875 761 1121 825 Georgius
1150 759 1287 825 [etc.]
1333 798 1340 806 .
1385 798 1394 807 .
1438 798 1445 806 .
1490 760 1690 808 salutem
1730 789 1740 799 ·
1779 760 2035 809 Noueritis
2060 778 2150 808 nos
2187 800 2196 809 .
2234 799 2243 809 .
2281 799 2290 809 .
2330 779 2443 810 con-

406 852 579 901 ceffifl'e
615 892 623 900 .
661 892 670 900 .
708 891 717 900 .
755 852 980 900 seruitori
1003 850 1169 899 nostro
1198 849 1449 914 Stephano
1476 850 1687 900 Makaill
1715 852 1979 900 heredibus
2003 852 2099 901 suis
2121 861 2171 901 et
2194 853 2440 918 affignatis

404 985 411 992 .
450 984 457 991 .
496 983 502 991 .
540 951 873 991 tenementum
899 942 1116 990 nostrum
1141 942 1377 989 fabricam
1398 942 1682 991 monasterii
1701 942 1951 1006 wlgariter
1969 951 2310 1007 nuncupatum
2331 961 2441 991 cum

402 1037 544 1083 domo
564 1035 722 1083 eidem
759 1074 768 1083 .
807 1073 815 1082 .
855 1073 863 1080 .
902 1051 961 1082 ex
980 1034 1185 1097 antiquo
1205 1032 1442 1097 affignata
1479 1070 1489 1081 .
1529 1072 1538 1080 .
1579 1072 1588 1082 .
1625 1035 1922 1098 quequidem
1942 1035 2131 1084 fabrica
2166 1076 2174 1084 .
2218 1075 2226 1084 .
2266 1073 2276 1084 .
2314 1037 2443 1084 iacet

400 1144 551 1191 prope
583 1126 930 1174 monasterium
967 1165 975 1172 .
1012 1165 1019 1173 .
1056 1164 1064 1173 .
1100 1125 1232 1174 inter
1263 1132 1448 1173 terram
1485 1125 1726 1174 Willelmi
1758 1125 1958 1174 Broster
1990 1144 2048 1174 ex
2080 1134 2223 1190 parte
2264 1128 2442 1176 boriali

448 1259 455 1267 .
495 1260 502 1267 .
541 1228 589 1268 et
624 1235 930 1268 communem
959 1218 1202 1266 venellam
1227 1219 1291 1267 ad
1314 1234 1492 1281 aquam
1518 1218 1579 1266 de
1604 1216 1858 1266 Brothaoh
1884 1219 2170 1267 tendentem
2206 1235 2266 1267 ex
2300 1227 2441 1282 parte

399 1312 692 1361 occidentali
733 1351 741 1359 .
788 1350 796 1359 .
840 1351 848 1360 .
891 1319 940 1360 et
963 1313 1094 1359 inter
1131 1327 1441 1360 communem
1474 1309 1605 1357 viam
1637 1310 1701 1358 ad
1734 1326 1971 1373 magnum
2005 1310 2300 1358 cimiterium
2338 1318 2442 1358 ten-

399 1405 594 1452 dentem
620 1404 683 1451 ad
707 1404 945 1451 orientem
970 1421 1027 1452 ae
1052 1404 1209 1452 eciam
1238 1403 1440 1467 planum
1478 1400 1734 1451 tranfitum
1759 1401 1907 1465 Vsque
1931 1401 1983 1466 ly
2009 1401 2349 1466 Homlogrene
2375 1404 2438 1450 ad

399 1497 611 1542 austrum
649 1534 658 1543 .
697 1535 704 1542 .
744 1534 752 1542 .
791 1494 1066 1543 Reddendo
1102 1535 1110 1543 .
1146 1534 1155 1543 .
1192 1534 1200 1543 .
1236 1512 1326 1559 pro
1351 1493 1701 1543 sustentatione
1722 1510 1977 1542 cereorum
2004 1494 2067 1541 ad
2091 1493 2247 1543 altare
2276 1493 2438 1542 Sanffi

400 1588 631 1636 Nicholai
666 1587 883 1650 quinque
919 1586 1098 1634 solidos
1137 1624 1147 1634 .
1189 1624 1198 1633 .
1240 1624 1250 1634 .
1287 1593 1485 1635 monete
1522 1585 1694 1634 Scocie
1734 1625 1742 1633 .
1785 1624 1793 1633 .
1837 1625 1844 1633 .
1887 1593 2078 1634 tantum
2118 1624 2126 1632 .
2165 1623 2174 1632 .
2212 1623 2221 1633 .
2262 1585 2331 1632 xii
2362 1586 2440 1633 die

397 1679 571 1727 menfis
597 1677 807 1743 Augusti
833 1694 963 1726 anno
988 1677 1195 1725 Domini
1221 1677 1474 1726 millefimo
1500 1676 1890 1742 quingentesimo
1915 1677 2107 1725 decimo
2133 1677 2304 1725 tercio.

408 1931 677 2020 [Dimidia
698 1973 812 2020 pars
838 1956 898 2003 de
922 1954 1077 2004 Mekil
1105 1954 1301 2004 Culbak
1326 1953 1570 2002 affedatur
1592 1953 1627 2002 J
1631 1955 1785 2003 acobo
1814 1953 2204 2019 Strathauohin]

525 2173 534 2182 .
584 2135 757 2183 Pateat
806 2172 816 2182 .
866 2172 875 2182 .
925 2171 936 2181 .
983 2151 1072 2182 nos
1121 2134 1395 2198 Georgium
1446 2132 1581 2198 [eto]
1633 2171 1642 2180 .
1690 2171 1700 2181 .
1745 2170 1755 2180 .
1797 2133 2023 2182 affedaffe
2073 2171 2083 2181 .
2130 2170 2140 2181 .
2186 2170 2197 2181 .
2245 2133 2436 2181 Jacobo

404 2226 750 2275 Strathauchin
797 2234 845 2274 et
888 2226 922 2274 J
926 2234 1069 2274 onete
1116 2226 1312 2275 Gardin
1359 2226 1528 2289 sponse
1574 2225 1656 2273 sue
1702 2242 1794 2289 pro
1840 2225 2064 2273 terminis
2110 2225 2437 2273 nouendeoim

401 2335 646 2365 annorum
690 2355 699 2364 .
750 2354 760 2364 .
812 2354 821 2364 .
869 2317 1121 2366 dimidiam
1162 2325 1354 2382 partem
1395 2316 1510 2364 ville
1552 2317 1717 2363 nostre
1759 2317 1821 2365 de
1863 2315 2023 2363 Mekil
2066 2315 2261 2365 Culbak
2309 2355 2318 2363 .
2368 2356 2376 2364 .
2428 2355 2436 2363 .

403 2408 744 2471 quamquidem
782 2446 792 2455 .
830 2447 839 2456 .
879 2445 890 2455 .
927 2408 1027 2471 ipse
1065 2445 1075 2454 .
1115 2448 1123 2456 .
1163 2447 1172 2456 .
1211 2408 1484 2471 occupabat
1527 2444 1538 2454 .
1583 2446 1592 2454 .
1638 2446 1646 2455 .
1689 2406 1937 2454 Soluendo
1978 2444 1988 2453 .
2033 2443 2044 2454 .
2087 2445 2095 2453 .
2141 2407 2319 2471 viginti
2356 2407 2437 2455 sex

402 2498 575 2545 solidos
619 2506 667 2546 et
710 2507 919 2561 quatuor
964 2500 1192 2548 denarios
1239 2537 1249 2547 .
1298 2538 1308 2548 .
1357 2538 1367 2547 .
1414 2507 1611 2548 monete
1663 2498 1835 2549 Scocie
1883 2537 1894 2548 .
1943 2536 1954 2547 .
1997 2536 2007 2545 .
2056 2516 2164 2547 oum
2213 2508 2439 2564 rynmart

404 2588 575 2635 veddir
600 2596 647 2636 et
672 2588 778 2636 aliis
799 2588 1159 2637 husbandorum
1183 2591 1415 2639 oneribus
1452 2629 1461 2639 .
1499 2628 1510 2639 .
1549 2630 1560 2641 .
1598 2590 1911 2639 Duodecimo
1931 2591 2011 2638 die
2031 2591 2205 2639 menfis
2226 2589 2437 2653 Augusti

403 2695 530 2726 anno
554 2678 759 2727 Domini
783 2680 1034 2729 millesimo
1059 2681 1447 2746 quingentesimo
1472 2683 1665 2731 decimo
1690 2681 1859 2730 tercio.
