2762 3834
633 376 1058 427 REGISTRUM
1092 379 1189 428 DE
1224 382 1777 436 ABERBR-OTHOC.
2122 398 2217 447 339

184 508 387 557 decimis
435 508 498 555 ad
542 546 552 555 .
594 546 604 555 .
644 546 655 556 .
698 508 892 556 libitum
943 548 953 557 .
1005 546 1016 557 .
1067 549 1077 558 .
1127 512 1382 577 disponere
1427 552 1437 562 .
1484 553 1494 563 .
1540 553 1551 564 .
1596 517 1747 581 Apud
1791 556 1801 566 .
1846 557 1856 567 .
1901 556 1912 567 .
1956 522 2219 584 capitulum

184 601 395 648 secundo
420 599 500 647 die
524 598 701 647 menfis
726 600 907 648 Marcii
935 618 1065 649 anno
1090 602 1295 653 Domini
1320 607 1574 656 millefimo
1597 610 1981 674 quingentesimo
2006 613 2174 675 primo.

185 845 430 916 Miltoun
457 870 517 917 de
546 869 787 918 Connane
813 870 1055 920 affedatur
1081 872 1272 923 Thome
1299 875 1514 926 Gibsone
1540 887 1591 928 vt
1613 880 1757 929 infra.

187 1086 197 1096 .
243 1087 254 1097 .
301 1086 311 1096 .
352 1049 528 1098 Pateat
570 1086 582 1097 .
625 1086 637 1098 .
677 1086 689 1098 .
732 1066 822 1097 nos
846 1049 1014 1098 David
1057 1087 1068 1098 .
1115 1088 1126 1098 .
1171 1088 1184 1099 .
1224 1052 1448 1102 abbatem
1487 1091 1498 1102 .
1537 1092 1547 1102 .
1585 1094 1594 1103 .
1632 1057 1692 1104 de
1718 1056 2052 1107 Abirbrothoc
2094 1096 2106 1107 .
2151 1097 2162 1107 .
2209 1098 2219 1107 .

185 1139 409 1188 affedafl'e
454 1177 465 1187 .
505 1177 515 1188 .
555 1177 566 1188 .
609 1140 802 1189 Thome
847 1141 1064 1190 Gibsone
1107 1151 1155 1191 et
1200 1142 1411 1192 Cristine
1455 1146 1622 1209 sponse
1665 1148 1746 1196 sue
1784 1188 1793 1197 .
1831 1189 1839 1197 .
1879 1186 1890 1197 .
1928 1158 1976 1198 et
2018 1150 2219 1199 Andrce

182 1231 461 1281 Durwarde
486 1240 536 1280 et
560 1233 606 1282 le
631 1233 848 1281 Ellisone
873 1234 1042 1297 sponse
1067 1235 1148 1282 sue
1191 1275 1200 1284 .
1244 1275 1252 1283 .
1296 1275 1306 1284 .
1350 1237 1516 1285 villam
1551 1237 1762 1287 nostram
1799 1240 1858 1287 de
1894 1241 2122 1305 Myltoun
2159 1243 2219 1290 de

187 1322 427 1373 Connane
475 1342 586 1373 cum
633 1325 839 1373 decimis
884 1325 1167 1388 garbalibus
1208 1364 1218 1374 .
1260 1365 1270 1374 .
1312 1365 1323 1374 .
1367 1336 1415 1375 et
1457 1367 1466 1376 .
1510 1367 1519 1376 .
1557 1367 1568 1376 .
1609 1329 1941 1379 molendinum
1981 1370 1990 1379 .
2052 1371 2061 1379 .
2107 1370 2117 1380 .
2158 1334 2218 1380 de

186 1415 426 1465 Connane
451 1433 549 1465 vna
574 1433 684 1464 cum
713 1416 879 1481 garbis
916 1417 1238 1466 decimalibus
1277 1456 1287 1467 .
1325 1458 1335 1468 .
1376 1457 1386 1467 .
1429 1438 1537 1468 cum
1575 1421 1709 1469 tostis
1745 1423 1954 1470 eiusdem
1992 1441 2080 1487 pro
2117 1432 2217 1472 toto

183 1516 402 1572 temporo
430 1509 529 1557 vite
567 1546 578 1556 .
615 1546 626 1557 .
662 1546 673 1558 .
712 1509 924 1557 termino
946 1526 1063 1556 vero
1088 1510 1318 1559 introitus
1354 1548 1364 1558 .
1405 1547 1415 1557 .
1453 1549 1464 1559 .
1499 1512 1765 1577 incipiente
1789 1514 1843 1561 in
1866 1514 1985 1562 festo
2011 1515 2219 1563 Penthe-

184 1600 339 1649 costcs
384 1602 548 1650 datam
591 1601 900 1666 presencium
942 1602 1226 1650 immediate
1268 1602 1498 1665 sequente
1544 1640 1554 1650 .
1595 1640 1605 1650 .
1641 1640 1652 1651 .
1699 1603 1944 1653 Soluendo
1982 1642 1991 1652 .
2031 1644 2039 1653 .
2081 1643 2090 1652 .
2131 1623 2220 1670 pro

181 1693 324 1741 firma
349 1693 478 1741 dicte
503 1693 618 1741 ville
644 1711 756 1742 cum
781 1694 876 1742 suis
900 1695 1066 1759 garbis
1091 1695 1410 1743 decimalibus
1435 1695 1640 1759 triginta
1659 1695 1814 1744 bollas
1837 1697 2009 1744 mundi
2038 1697 2149 1760 puri
2174 1706 2222 1745 et

183 1766 293 1833 sicci
341 1785 467 1833 ordii
516 1795 565 1834 et
611 1786 818 1851 triginta
855 1786 1011 1835 bollas
1051 1787 1179 1835 bone
1221 1786 1379 1835 farine
1424 1787 1678 1836 auenaticc
1723 1805 1831 1836 cum
1870 1787 2094 1836 mensura
2130 1789 2224 1835 fori

184 1880 429 1927 currentis
460 1911 470 1920 ·
508 1887 557 1928 et
593 1897 685 1944 pro
725 1880 869 1928 firma
907 1880 1023 1928 dicti
1060 1878 1329 1927 molendini
1372 1896 1480 1928 cum
1525 1879 1647 1927 tofto
1687 1887 1735 1927 et
1773 1879 1972 1927 decimis
2011 1880 2223 1928 ciusdem

184 1972 360 2035 viginti
407 1971 564 2019 bollas
610 1972 740 2022 bone
781 1972 968 2021 farrine
1018 1980 1067 2021 et
1108 1971 1188 2019 sex
1231 1971 1387 2019 bollas
1431 1971 1570 2019 ordei
1615 1971 1839 2019 mensure
1880 1971 2120 2019 antedicte
2161 1971 2223 2018 ad

183 2065 419 2112 terminos
457 2102 467 2111 .
505 2102 515 2112 .
553 2102 564 2112 .
602 2065 834 2114 viEtualia
856 2065 1079 2113 soluendi
1117 2103 1127 2114 .
1166 2102 1177 2112 .
1215 2102 1225 2111 .
1263 2081 1361 2112 vna
1385 2081 1493 2112 cum
1516 2080 1610 2111 vno
1635 2080 1785 2127 porco
1810 2062 1946 2126 pasto
1972 2063 2221 2110 annuatim

181 2157 244 2204 ad
280 2156 455 2204 festum
499 2156 685 2206 Pasche
727 2166 775 2206 ct
819 2158 1038 2221 quinquo
1080 2157 1258 2205 solidos
1295 2196 1304 2205 .
1343 2194 1354 2204 .
1392 2194 1402 2204 .
1438 2162 1634 2203 monete
1673 2154 1844 2204 Scocic
1883 2191 1895 2201 .
1932 2193 1941 2202 .
1981 2192 1990 2202 .
2028 2154 2220 2201 sacriste

180 2249 342 2297 nostre
379 2288 388 2297 .
430 2287 440 2296 .
478 2287 488 2296 .
525 2249 666 2298 fimul
702 2259 751 2298 et
788 2250 935 2298 semel
973 2251 1035 2298 ad
1077 2248 1353 2297 huiusmodi
1394 2246 1565 2295 festum
1609 2245 1790 2294 Pasche
1828 2283 1838 2293 .
1878 2282 1887 2292 .
1926 2282 1936 2293 .
1981 2262 2075 2292 vna
2110 2261 2219 2291 cum

180 2350 405 2406 rynmart
430 2347 479 2388 et
502 2341 677 2389 wethir
701 2348 751 2390 et
775 2341 883 2390 aliis
916 2340 1280 2390 husbandorum
1313 2339 1541 2388 oneribus
1576 2376 1585 2384 .
1623 2374 1632 2383 .
1666 2375 1675 2384 .
1711 2346 1759 2386 et
1794 2337 1923 2400 quod
1959 2336 2071 2383 diffi
2111 2372 2120 2382 .
2160 2372 2169 2381 .
2208 2373 2217 2381 .

80 2442 90 2450 ·
179 2432 520 2481 molendinum
566 2432 618 2480 in
667 2431 904 2482 vniuerfis
954 2473 963 2482 .
1015 2471 1025 2481 .
1078 2469 1089 2481 .
1138 2431 1413 2480 necessariis
1461 2470 1470 2479 .
1520 2469 1529 2478 .
1577 2469 1586 2477 .
1634 2427 1966 2476 sustentabunt
2005 2466 2013 2474 .
2055 2464 2063 2472 .
2105 2465 2112 2473 .
2154 2426 2218 2474 Et

177 2532 407 2588 preterea
454 2525 489 2572 fi
529 2564 538 2573 .
585 2562 595 2572 .
641 2562 652 2573 .
696 2525 824 2574 male
870 2525 1207 2590 persoluentcs
1251 2522 1331 2571 vel
1372 2561 1381 2570 .
1531 2519 1749 2568 iniuriofi
1793 2556 1804 2567 .
1853 2556 1863 2566 .
1912 2555 1922 2566 .
1968 2518 2218 2566 extiterint

178 2616 346 2665 licebit
386 2616 528 2665 nobis
576 2653 587 2664 .
635 2654 647 2664 .
696 2654 707 2664 .
752 2618 814 2666 de
850 2617 980 2665 dicta
1015 2616 1134 2665 villa
1169 2631 1279 2664 cum
1315 2613 1597 2661 molendino
1634 2618 1682 2659 et
1716 2610 1917 2658 decimis
1942 2611 2003 2657 ad
2026 2609 2217 2657 libitum

179 2745 190 2755 .
235 2748 244 2756 .
289 2746 300 2756 .
343 2708 602 2772 disponere
642 2746 652 2756 .
690 2745 701 2756 .
740 2746 751 2756 .
789 2708 901 2757 Nec
926 2708 1094 2757 licebit
1117 2706 1323 2772 prefatis
1361 2743 1372 2754 .
1411 2742 1422 2752 .
1461 2742 1472 2752 .
1509 2712 1666 2753 terras
1690 2702 1879 2750 nostras
1904 2718 2013 2749 cum
2038 2701 2217 2748 molen·

178 2800 295 2848 dino
321 2809 370 2848 et
395 2800 598 2849 decimis
639 2836 651 2848 .
696 2836 708 2848 .
754 2836 766 2849 .
806 2799 956 2848 alicui
993 2836 1004 2846 .
1045 2837 1056 2847 .
1095 2836 1106 2847 .
1148 2798 1363 2847 affedare
1402 2835 1412 2846 .
1453 2834 1464 2845 .
1504 2794 1650 2844 „fine
1674 2793 1840 2842 nostra
1862 2793 2070 2842 licencia
2105 2829 2115 2840 .
2154 2829 2164 2840 .
2204 2829 2215 2839 .

180 2891 399 2939 cottariis
444 2928 454 2939 .
502 2928 512 2939 .
553 2929 563 2940 .
608 2891 826 2955 exceptis
865 2928 876 2939 .
916 2927 928 2938 .
968 2928 979 2938 .
1017 2891 1168 2954 Apud
1206 2927 1216 2937 .
1257 2928 1269 2938 .
1308 2927 1319 2938 .
1355 2888 1702 2937 monasterium
1743 2885 1895 2935 tercio
1933 2885 2012 2933 die
2047 2884 2215 2932 menfis

181 2982 363 3031 Marcii
388 2999 519 3031 anno
544 2982 751 3031 Domini
776 2980 1032 3030 millefimo
1058 2981 1447 3047 quingentesimo
1471 2980 1646 3044 primO.
