2762 3834
670 390 1098 446 REGISTRUM
1130 393 1228 448 DE
1264 395 1815 450 ABERBROTHOG.
2171 405 2262 457 147

220 595 501 668 Affedacio
524 620 771 664 terrarum
794 616 928 666 infra
949 619 1161 685 burgum
1185 620 1246 671 de
1269 621 1441 690 way.

72 799 164 849 165
218 776 497 850 Uniuerfis
536 803 742 862 pateat.
771 834 782 846 .
811 834 822 845 .
847 814 937 846 nos
976 799 1276 852 Malcomum
1314 841 1325 853 .
1365 840 1375 853 .
1414 843 1426 855 .
1464 807 1689 856 abbatem
1716 846 1725 857 .
1753 845 1763 856 .
1791 845 1801 856 .
1828 808 1890 857 de
1925 807 2261 859 Abirbrothoc

68 1824 160 1873 166

216 927 227 937 .
255 926 266 938 .
293 927 305 938 .
331 887 556 939 affedass'e
583 926 593 937 .
620 926 631 937 .
657 927 667 938 .
693 888 728 938 J
731 888 916 938 ohanni
943 890 1115 957 Troup
1149 901 1198 942 et
1230 894 1266 943 J
1269 904 1412 946 onete
1447 898 1614 962 sponse
1651 898 1732 947 sue
1767 901 2004 948 moderne
2034 917 2125 965 pro
2157 908 2260 950 toto

215 990 436 1048 tempore
461 982 562 1031 vite
586 983 669 1031 sue
696 1019 708 1030 .
737 1019 747 1030 .
775 1020 785 1031 .
814 989 972 1031 terras
995 985 1187 1034 nostras
1210 985 1342 1035 infra
1363 988 1571 1053 burgum
1599 990 1660 1038 de
1684 990 1828 1056 Fyvy
1868 999 1917 1040 et
1955 1000 2096 1042 extra
2131 994 2262 1042 infra

213 1075 491 1125 libertatem
516 1074 635 1124 dieti
658 1073 805 1140 burgi
830 1114 839 1123 .
867 1114 877 1123 .
905 1112 916 1123 .
945 1074 1196 1126 Soluendo
1221 1116 1232 1127 .
1260 1115 1272 1126 .
1300 1115 1310 1125 .
1335 1095 1425 1142 pro
1454 1079 1596 1128 firma
1630 1081 1869 1130 di&arum
1903 1091 2149 1132 terrarum
2182 1085 2261 1133 sex

211 1168 390 1217 solidos
416 1175 465 1217 et
486 1171 593 1216 octo
613 1168 844 1217 denarios
869 1169 1049 1217 vsualis
1073 1177 1269 1219 monete
1293 1170 1437 1235 regni
1459 1170 1624 1220 Scocie
1649 1174 1712 1221 ad
1737 1174 1859 1221 duos
1883 1174 2001 1222 anni
2024 1175 2259 1224 terminos

213 1260 401 1310 vsuales
439 1299 450 1310 .
495 1297 507 1309 .
550 1298 561 1309 .
593 1258 749 1325 Apud
768 1259 1121 1323 monasterium
1145 1263 1363 1310 nostrum
1389 1302 1399 1312 .
1426 1302 1436 1312 .
1463 1301 1475 1312 .
1509 1264 1698 1314 decimo
1724 1266 1804 1315 die
1828 1267 2003 1316 menfis
2030 1266 2259 1318 Octobris

213 1369 343 1402 anno
368 1351 577 1402 Domini
600 1350 858 1402 millesimo
883 1358 1008 1402 cccc⁰
1034 1353 1328 1419 sexagesimo
1353 1355 1541 1419 quint0.

211 1606 491 1696 Obligacio
512 1629 549 1680 J
551 1629 760 1680 ohannis
784 1629 927 1697 Fyffe
952 1630 1014 1678 de
1040 1629 1259 1695 quinque
1284 1629 1424 1679 libris
1449 1630 1602 1679 annui
1623 1632 1845 1681 redditus
1869 1633 1921 1681 in
1946 1633 2220 1685 Abbirden.

212 1794 285 1866 In
310 1815 410 1865 Dei
434 1816 635 1865 nomine
661 1833 804 1865 amen
831 1843 842 1856 ·
868 1815 967 1865 Per
991 1816 1084 1866 hoc
1110 1855 1119 1865 .
1147 1854 1157 1864 .
1184 1856 1193 1866 .
1219 1824 1387 1882 pateat
1412 1856 1422 1866 .
1450 1854 1461 1866 .
1487 1856 1498 1868 .
1525 1818 1659 1882 quod
1682 1834 1811 1865 anno
1837 1818 1898 1866 ab
1919 1817 2261 1867 incarnacione

213 1908 421 1957 Domini
443 1908 700 1958 millefimo
726 1907 1210 1974 quadringentesimo
1234 1909 1530 1976 sexagesimo
1557 1911 1730 1976 quinto
1754 1908 1929 1958 mensis
1950 1928 2066 1959 vero
2086 1910 2264 1960 Marcii
2348 1902 2351 1905 ¹

214 2002 293 2051 die
319 2002 612 2051 duodecima
650 2031 660 2041 ·
691 2001 959 2050 indictione
997 2003 1094 2051 xvta
1130 2028 1140 2039 ·
1177 2002 1492 2067 pontificatus
1519 2040 1530 2051 .
1557 2043 1566 2052 .
1595 2040 1606 2052 .
1633 2002 1778 2051 Pauli
1805 2040 1816 2051 .
1844 2041 1855 2051 .
1883 2041 1893 2051 .
1918 2021 2043 2067 pape
2068 2004 2262 2053 secundi

212 2111 341 2143 anno
379 2095 592 2144 secundo
617 2131 627 2143 .
656 2132 668 2142 .
696 2133 704 2143 .
730 2094 1056 2159 personaliter
1081 2094 1334 2144 constituti
1357 2133 1367 2144 .
1391 2134 1401 2145 .
1423 2133 1434 2143 .
1453 2095 1727 2145 Malcomus
1752 2095 1902 2144 abbas
1928 2133 1939 2143 .
1961 2133 1971 2144 .
1994 2133 2006 2144 .
2032 2096 2093 2144 de
2117 2095 2261 2144 Abir-

212 2186 419 2236 brothoc
441 2225 452 2235 .
476 2224 486 2235 .
509 2223 521 2235 .
543 2203 600 2235 ex
626 2203 721 2235 vna
738 2194 788 2236 et
808 2186 844 2236 J
846 2187 1066 2236 ohannes
1086 2188 1147 2236 de
1166 2186 1269 2253 Fyf
1284 2186 1538 2253 burgensis
1563 2226 1572 2236 .
1601 2225 1612 2235 .
1641 2224 1652 2236 .
1680 2187 1740 2235 de
1759 2187 2016 2236 Abbirden
2040 2188 2260 2252 partibus

212 2296 273 2327 ex
292 2278 449 2327 altera
473 2278 828 2328 contendentes
856 2316 867 2327 .
896 2316 907 2327 .
937 2313 947 2327 .-
974 2296 1124 2342 penes
1148 2296 1249 2327 non
1278 2278 1569 2328 solucionem
1597 2278 1843 2327 cuiusdam
1867 2279 2018 2326 annui
2039 2279 2259 2326 redditus

211 2379 408 2421 centum
432 2371 699 2420 solidorum
724 2370 903 2420 vsualis
939 2378 1137 2420 monete
1165 2370 1338 2422 Scocie
1363 2371 1424 2419 de
1450 2371 1639 2419 duabus
1663 2370 1808 2419 terris
1837 2368 1982 2434 ipfius
2014 2369 2049 2418 J
2052 2369 2258 2418 ohannis

259 2503 267 2511 .
306 2504 315 2512 .
354 2463 521 2512 abbati
556 2503 566 2512 .
603 2503 612 2513 .
651 2503 660 2512 .
698 2462 852 2512 debiti
889 2471 938 2512 et
975 2480 1077 2511 non
1112 2462 1272 2512 soluti⁴
1296 2463 1357 2511 de
1396 2462 1619 2512 terminis
1654 2462 1913 2511 retroactis
1939 2492 1949 2502 ·
1976 2468 2024 2509 et
2060 2461 2259 2509 tandem

212 2559 598 2621 appun&uatum
618 2556 712 2605 fuit
735 2556 868 2606 inter
893 2596 902 2606 .
930 2594 941 2605 .
967 2596 977 2606 .
1002 2564 1170 2621 partes
1197 2557 1329 2621 quod
1354 2594 1364 2604 .
1393 2595 1401 2605 .
1425 2593 1435 2604 .
1455 2555 1490 2604 J
1493 2555 1711 2604 ohannes
1731 2556 1791 2603 de
1807 2554 1909 2619 Fyf
1926 2553 2173 2618 persoluet
2188 2591 2225 2601 ..
2248 2590 2258 2599 .

213 2649 377 2699 abbati
402 2690 411 2699 .
437 2687 448 2698 .
475 2688 484 2698 .
511 2656 665 2698 totam
690 2649 926 2698 summam
955 2687 965 2698 .
994 2687 1005 2698 .
1035 2687 1045 2698 .
1071 2666 1172 2697 non
1197 2648 1404 2697 solutam
1429 2655 1543 2696 ante
1575 2646 1929 2696 confectionem
1953 2644 2256 2710 presencium

213 2781 221 2789 .
243 2779 253 2790 .
274 2779 284 2789 .
304 2742 368 2790 ad
383 2741 557 2790 festum
574 2741 926 2791 Penthecostes
950 2741 1230 2806 proximum
1251 2741 1368 2789 inde
1392 2742 1596 2804 sequens
1617 2776 1628 2786 .
1648 2778 1657 2788 .
1681 2776 1691 2787 .
1712 2746 1761 2787 et
1786 2738 1849 2786 ad
1866 2737 1961 2786 hoc
1980 2736 2257 2785 faciendum

214 2874 221 2881 .
249 2873 257 2882 .
286 2872 297 2882 .
322 2835 418 2883 fide
442 2834 606 2883 media
631 2873 640 2882 .
669 2871 680 2882 .
707 2874 716 2883 .
742 2835 790 2882 se
828 2834 1055 2882 astrinxit
1073 2861 1083 2871 ·
1104 2834 1279 2898 quibus
1305 2832 1646 2881 deficientibus
1685 2868 1695 2879 .
1734 2868 1744 2878 .
1780 2867 1791 2878 .
1828 2830 2066 2894 obligauit
2097 2828 2142 2876 se
2168 2865 2179 2875 .
2204 2862 2214 2872 .
2245 2867 2253 2875 .

211 2924 423 2990 sigillare
449 2926 682 2990 quasdam
715 2926 908 2974 litteras
944 2925 1263 2990 obligatorias
1298 2924 1428 2973 inter
1461 2924 1613 2971 dictas
1647 2930 1812 2987 partes
1838 2921 2081 2970 confectas
2105 2935 2253 2984 penes

213 3017 394 3066 dictum
436 3034 655 3066 annuum
695 3017 945 3066 redditum
989 3024 1038 3066 et
1077 3016 1374 3065 solucionem
1418 3014 1632 3063 eiusdem
1669 3014 1850 3062 ibidem
1885 3012 2146 3076 productas
2169 3047 2179 3058 .
2206 3046 2251 3057 ..

214 3125 421 3172 quarum
445 3117 589 3158 tenor
614 3146 626 3157 .
653 3147 663 3158 .
691 3148 699 3158 .
727 3108 797 3157 est
821 3109 934 3157 talis
960 3137 971 3148 ·
993 3108 1078 3156 Til
1102 3108 1151 3156 al
1175 3108 1273 3156 and
1298 3107 1463 3172 findry
1487 3145 1496 3155 .
1523 3144 1533 3154 .
1563 3143 1573 3154 .
1598 3105 1634 3154 J
1637 3104 1763 3153 ohne
1783 3104 1837 3151 of
1855 3102 1956 3167 Fyf
1973 3103 2149 3165 burges
2170 3137 2180 3147 .
2207 3136 2217 3146 .
2241 3138 2250 3147 .

215 3201 268 3248 of
287 3201 547 3250 Abbirden
582 3208 798 3267 gretyng
824 3238 835 3249 .
866 3238 876 3249 .
904 3238 914 3249 .
942 3199 1082 3248 Your
1107 3197 1371 3248 vniuerfite
1408 3197 1474 3246 sal
1498 3199 1580 3246 wit
1616 3213 1692 3244 me
1725 3202 1775 3243 to
1798 3195 1859 3242 be
1885 3193 2024 3241 oblist
2047 3230 2056 3240 .
2084 3230 2092 3239 .
2119 3230 2127 3238 .
2153 3190 2249 3237 and
