2742 3848
478 620 575 663 800

483 1076 573 1119 801

478 2101 573 2144 802

482 2748 579 2791 803

627 396 723 441 520
1075 386 1502 439 REGISTRUM
1536 385 1634 435 DE
1670 382 2234 436 ABERBROTHOC.

630 597 826 669 Abbas
862 615 1120 681 presentat⁴
1147 613 1402 661 dominum
1437 610 1473 659 J
1475 610 1686 659 acobum
1713 609 1829 659 Ged
1863 610 2191 675 presbiterum
2221 611 2286 660 ad
2310 611 2544 662 vicariam
2581 631 2690 679 per-

630 719 827 774 petuam
859 706 1160 773 parochialis
1195 703 1398 753 ecclesie
1425 703 1486 751 de
1512 701 1649 751 Athe
1686 701 2042 752 Sanctiandree
2075 703 2281 753 diocesis
2307 712 2565 754 vacantem
2601 723 2691 771 per

631 803 814 851 obitum
842 798 1030 848 domini
1055 797 1259 846 Andree
1288 795 1473 846 Chatto
1510 822 1521 833 ·
1561 795 1588 848 7
1616 793 1912 845 Decembris
1943 800 2087 845 1534.

631 1057 782 1127 ldcm
809 1074 1039 1124 concedit
1063 1074 1148 1122 suo
1169 1073 1402 1122 seruitori
1421 1072 1689 1123 Francisco
1709 1072 1940 1140 Gothray
1959 1074 2228 1124 heredibus
2252 1075 2350 1124 suis
2369 1083 2419 1125 et
2442 1075 2692 1142 affignatis

629 1179 760 1218 terre
785 1167 1073 1233 porcionem
1099 1166 1182 1215 seu
1211 1166 1388 1215 rudam
1420 1165 1668 1215 iacentem
1703 1166 1757 1215 in
1795 1174 1905 1216 orto
1941 1166 2280 1217 elemofinarie
2317 1168 2567 1233 quondam
2603 1185 2693 1234 per

631 1261 903 1325 Georgium
930 1260 1065 1327 Boys
1091 1268 1385 1325 occupatam
1422 1286 1434 1299 ·
1478 1259 1778 1325 quequidem
1804 1261 1930 1309 ruda
1954 1260 2085 1310 iacet
2108 1261 2241 1310 inter
2277 1261 2566 1327 porcionem
2592 1261 2691 1311 fiue

629 1355 802 1402 rudam
826 1353 1068 1402 heredum
1093 1353 1302 1402 Roberti
1327 1352 1536 1418 Dunlop
1574 1370 1635 1401 ex
1667 1352 1871 1402 australi
1908 1353 2121 1402 eiusdem
2150 1360 2200 1402 et
2223 1354 2416 1419 peciam
2443 1362 2577 1403 terre
2609 1354 2691 1402 seu

630 1448 804 1495 rudam
830 1453 1057 1495 vocatam
1077 1446 1351 1512 vulgariter
1378 1445 1776 1512 Haghowffched
1800 1446 1864 1494 ad
1889 1446 2133 1495 orientem
2158 1454 2208 1494 et
2230 1446 2368 1511 septa
2391 1446 2473 1495 seu
2496 1463 2692 1495 murum

630 1540 745 1588 diai
771 1539 867 1588 orti
893 1538 1234 1588 elemofinarie
1260 1539 1324 1588 ad
1348 1538 1660 1588 occidentem
1699 1546 1749 1588 et
1785 1547 1951 1590 ortum
1983 1547 2031 1588 et
2068 1539 2288 1604 reliquas
2320 1540 2470 1588 rudas
2496 1540 2593 1589 orti
2628 1540 2692 1589 ad

631 1635 831 1681 boream
870 1661 880 1670 ·
918 1631 1194 1680 Reddendo
1219 1631 1465 1680 monacho
1491 1631 1832 1680 elemosinario
1856 1632 1939 1681 sex
1963 1631 2144 1681 solidos
2168 1639 2366 1682 monete
2391 1631 2564 1682 Scocie
2598 1662 2608 1672 ·
2643 1641 2692 1681 et

630 1726 795 1775 dando
833 1723 1180 1790 [presenciam]
1217 1724 1526 1789 personalem
1551 1725 1616 1773 ad
1640 1741 1811 1773 omnes
1845 1725 2008 1774 curias
2040 1724 2091 1773 in
2129 1724 2471 1774 elemofinaria
2495 1733 2656 1775 tentas
2682 1752 2691 1762 ·

629 1820 661 1866 6
685 1817 948 1866 Februarii
976 1820 1122 1866 1534.

631 2076 785 2148 Idem
810 2097 993 2147 affedat
1024 2114 1116 2162 pro
1142 2097 1246 2145 vita
1280 2095 1548 2146 Francisco
1576 2096 1773 2147 Gothra
1804 2104 1855 2146 et
1890 2096 2093 2146 Matildi
2134 2096 2348 2148 Sturrok
2380 2098 2485 2147 eius
2520 2098 2691 2163 sponse

630 2200 678 2239 et
711 2207 882 2239 eorum
921 2190 1293 2239 coadiutoribus
1329 2196 1378 2238 et
1412 2189 1663 2255 assignatis
1698 2206 1799 2238 non
1835 2189 2038 2238 maioris
2071 2190 2224 2239 status
2255 2190 2367 2240 illas
2401 2191 2522 2240 duas
2550 2209 2689 2240 acras

629 2293 873 2332 terrarum
915 2283 1136 2332 iacentes
1177 2283 1230 2331 in
1273 2282 1695 2332 Pundarlawfeild
1728 2299 1841 2331 cum
1877 2282 2083 2331 decimis
2120 2283 2407 2348 garbalibus
2446 2301 2567 2348 quas
2597 2283 2688 2333 Pa-

629 2377 801 2424 tricius
827 2376 1075 2424 Norrowa
1099 2376 1351 2440 quondam
1378 2375 1655 2440 occupabat
1695 2400 1705 2411 ·
1745 2373 1996 2423 Soluendo
2022 2375 2145 2423 duas
2167 2375 2325 2424 bollas
2352 2376 2491 2425 ordei
2515 2378 2688 2425 mundi

629 2468 739 2531 puri
766 2475 816 2517 et
837 2468 949 2517 ficci
979 2494 989 2504 ·
1020 2467 1284 2518 reseruatis
1306 2468 1474 2517 abbati
1499 2467 1705 2517 decimis
1728 2467 1819 2515 lini
1843 2475 1893 2517 et
1918 2468 2120 2533 canapis
2152 2494 2163 2504 ·
2199 2472 2229 2516 8
2254 2467 2516 2518 Februarii
2545 2473 2686 2518 1534.

634 2723 786 2794 Idem
810 2761 902 2808 pro
937 2743 1124 2792 summa
1155 2744 1582 2810 septingentarum
1617 2744 1857 2794 librarum
1894 2753 2092 2795 monete
2129 2744 2302 2796 Scocie
2335 2762 2426 2811 pro
2462 2746 2686 2811 redemp-

633 2836 766 2883 tione
802 2835 1047 2899 penfionis
1075 2835 1210 2883 mille
1248 2835 1488 2884 librarum
1527 2836 1588 2884 de
1626 2837 1863 2885 fructibus
1893 2838 2180 2886 monasterii
2214 2838 2278 2886 ad
2309 2855 2483 2886 manus
2508 2837 2686 2887 Jacobi

633 2927 825 2976 comitis
872 2926 1102 2975 Morauie
1150 2927 1315 2975 abbati
1361 2927 1519 2977 soluta
1565 2928 1747 2977 affedat
1793 2946 1884 2993 pro
1928 2930 2257 2978 nouendecim
2306 2930 2449 2978 annis
2493 2948 2523 2979 a
2564 2928 2684 2978 festo

632 3019 796 3069 Sancti
831 3018 965 3068 Petri
997 3018 1264 3068 aduincula
1291 3022 1419 3068 1534
1446 3019 1656 3069 Valtero
1686 3020 1894 3087 Ogylwe
1927 3022 1988 3070 de
2022 3021 2274 3088 Dinlugus
2307 3031 2356 3070 et
2390 3022 2611 3087 Georgio
2636 3029 2684 3071 et

633 3112 923 3162 Alexandro
972 3110 1166 3175 Ogilwe
1215 3111 1320 3159 eius
1365 3111 1479 3159 filiis
1526 3112 1835 3162 naturalibus
1881 3122 1931 3163 et
1973 3113 2196 3163 Johanni
2247 3113 2440 3179 Ogilwe
2488 3114 2588 3162 filio
2635 3122 2683 3163 et

631 3205 803 3254 heredi
842 3204 1092 3269 quondam
1129 3202 1351 3253 Wilelmi
1396 3203 1591 3270 Ogilwe
1630 3206 1691 3254 de
1734 3205 1882 3272 Petty
1921 3206 2091 3256 militis
2127 3214 2177 3256 et
2212 3206 2307 3255 suis
2346 3206 2592 3272 affignatis
2633 3213 2681 3254 et
