2762 3834
27 881 120 926 124

28 2589 35 2779 ¹

39 3076 140 3143 ‘4125
195 3055 270 3128 In
309 3078 511 3128 nomine
563 3078 772 3129 Domini
831 3098 978 3130 amen
1020 3111 1031 3122 ·
1074 3083 1228 3132 Anno
1276 3084 1645 3134 incarnacionis
1693 3085 1942 3135 dominice
2001 3085 2252 3135 millefimo

198 3170 680 3238 quadringentefimo
722 3173 1128 3241 quinquagesimo
1167 3193 1300 3225 nono
1326 3204 1336 3215 ·
1361 3176 1539 3226 menfis
1587 3194 1707 3226 vero
1744 3177 1780 3227 J
1784 3177 1873 3226 ulii
1910 3177 1991 3226 die
2028 3177 2254 3227 vicefima

625 367 1058 421 REGISTRUM
1092 366 1190 417 DE
1224 363 1786 417 ABERBROTHOC.
2144 367 2236 412 109

178 574 361 647 Daeio
387 595 499 644 tosti
522 595 584 644 de
608 594 728 644 Dvn
752 594 789 644 J
791 594 977 644 ohanni
1005 591 1305 660 [Willelmo]
1337 591 1546 641 Roberti
1571 598 1621 642 et
1647 590 1916 640 heredibus
1939 589 2036 639 suis
2060 589 2240 654 imper—

178 693 394 752 petuum.

182 847 445 920 Omnibus
482 905 494 916 .
536 906 546 917 .
587 904 597 915 .
636 867 916 917 Malcomus
954 903 966 917 .
1006 905 1018 917 .
1058 905 1070 916 .
1107 868 1258 917 abbas
1295 905 1307 916 .
1348 905 1360 916 .
1399 905 1411 916 .
1449 867 1511 917 de
1549 866 1924 916 Abbirbrothoe
1963 904 1974 915 .
2015 903 2026 915 .
2071 904 2082 914 .
2119 866 2241 914 salu-

181 969 280 1009 tem
316 1001 326 1010 .
365 1000 375 1010 .
412 999 423 1010 .
460 960 679 1010 Nouerit
702 958 995 1009 vniuerfitas
1019 959 1183 1008 vestra
1210 959 1343 1025 [nos]
1383 998 1394 1009 .
1431 999 1441 1008 .
1479 998 1488 1008 .
1527 957 1802 1008 conceffiffe
1839 996 1850 1007 .
1888 999 1898 1009 .
1937 997 1947 1008 .
1985 958 2241 1008 Willelmo

181 1051 458 1101 Robertson
498 1092 507 1101 .
552 1091 561 1101 .
605 1091 615 1102 .
654 1051 833 1101 toftum
871 1051 1094 1100 nostrum
1131 1068 1244 1100 cum
1279 1049 1546 1116 maffuagio
1585 1051 1795 1099 tendens
1834 1051 1888 1099 in
1928 1051 2242 1116 longitudine

181 1163 210 1193 a
237 1144 535 1194 Stanefurde
560 1145 709 1208 vsque
735 1145 800 1193 ad
822 1150 1097 1194 torrentem
1122 1144 1184 1192 de
1208 1143 1328 1192 Dvn
1370 1181 1380 1192 .
1413 1180 1426 1192 .
1462 1181 1474 1191 .
1509 1143 1678 1192 iacens
1712 1143 1763 1191 in
1790 1143 2010 1192 dominio
2036 1144 2098 1192 de
2125 1145 2242 1192 Dvn

179 1236 311 1285 inter
335 1244 521 1286 terram
544 1236 755 1284 fratrum
778 1237 840 1284 de
865 1234 1096 1284 Montros
1122 1252 1180 1283 ex
1205 1242 1348 1299 parte
1372 1235 1553 1283 boriali
1585 1236 1803 1284 eiusdem
1841 1271 1851 1282 .
1887 1276 1896 1285 .
1937 1275 1947 1285 .
1984 1243 2033 1285 et
2057 1245 2243 1286 terram

181 1327 372 1377 brafine
409 1329 471 1377 de
508 1328 628 1376 Dvn
671 1344 731 1376 ex
771 1333 914 1392 parte
946 1326 1149 1375 australi
1192 1326 1409 1375 eiusdem
1447 1364 1459 1374 .
1499 1363 1510 1374 .
1547 1364 1558 1375 .
1597 1328 1934 1391 quodquidem
1976 1328 2152 1379 toftum
2195 1338 2245 1378 et

181 1420 502 1484 mafl'uagium
536 1456 548 1468 .
589 1456 600 1467 .
638 1455 649 1467 .
682 1418 790 1467 iure
828 1417 1134 1466 hereditario
1173 1417 1304 1466 dieto
1342 1418 1598 1467 Willelmo
1638 1420 1958 1483 pertinebant
1999 1429 2048 1470 et
2089 1422 2245 1471 diffisus

181 1511 464 1560 Willelmus
504 1548 514 1559 .
552 1548 563 1559 .
601 1548 612 1559 .
649 1510 702 1558 in
740 1510 960 1574 capitulo
996 1509 1163 1558 nostro
1198 1510 1251 1558 in
1283 1510 1510 1558 manibus
1543 1510 1721 1559 nostris
1757 1512 1942 1561 dsttum
1981 1515 2158 1563 toftum
2196 1525 2246 1565 et

180 1602 502 1668 maffuagium
540 1640 552 1651 .
588 1640 599 1650 .
636 1639 647 1651 .
680 1602 952 1668 refignauit
988 1628 998 1638 ·
1034 1601 1332 1650 Tenendum
1373 1640 1384 1651 .
1424 1640 1436 1651 .
1476 1641 1488 1651 .
1525 1603 1579 1651 in
1610 1604 1756 1652 feodo
1782 1612 1831 1653 et
1854 1605 2132 1657 hereditate
2157 1609 2246 1657 im-

181 1703 478 1761 perpetuum
515 1734 524 1744 .
563 1735 573 1743 .
612 1733 624 1743 .
660 1695 797 1744 salua
831 1694 1094 1761 regalitate
1135 1693 1305 1744 nostra
1342 1733 1353 1743 .
1399 1732 1410 1743 .
1455 1725 1465 1735 ·
1512 1694 1847 1746 Conceffimus
1880 1698 2079 1764 insuper
2116 1701 2247 1749 (11ἃο

182 1788 436 1838 Willelmo
462 1796 511 1837 et
534 1788 801 1837 heredibus
837 1788 933 1836 suis
970 1803 1282 1836 communem
1318 1786 1567 1852 pasturam
1602 1806 1692 1853 pro
1721 1789 1977 1856 sexaginta
2000 1791 2176 1841 ouibus
2202 1802 2250 1841 et

182 1882 352 1931 decem
398 1882 562 1931 vaccis
605 1881 658 1930 in
701 1880 922 1930 dominio
967 1881 1029 1929 de
1071 1882 1189 1929 Dvn
1232 1898 1343 1929 cum
1385 1881 1534 1930 focali
1583 1899 1693 1930 cum
1742 1882 2025 1933 hominibus
2066 1886 2250 1935 dietum

182 1975 456 2024 dominium
480 1974 873 2024 inhabitantibus
899 2001 909 2011 ·
933 1981 984 2023 et
1021 2012 1033 2023 .
1074 2012 1084 2022 .
1126 2011 1136 2022 .
1174 1973 1416 2022 tenebunt
1439 1973 1624 2022 dictum
1656 1974 1833 2023 toftum
1859 1982 1908 2024 et
1931 1975 2251 2043 massuagium

227 2106 237 2116 .
268 2105 279 2116 .
305 2068 357 2116 in
397 2105 408 2116 .
446 2105 457 2116 .
495 2106 506 2116 .
543 2067 806 2133 regalitate
841 2105 851 2115 .
889 2104 901 2115 .
939 2104 949 2115 .
983 2066 1260 2115 Reddendo
1300 2103 1310 2114 .
1355 2104 1365 2114 .
1405 2103 1416 2114 .
1453 2067 1576 2115 duos
1614 2066 1796 2116 solidos
1835 2068 2014 2117 vsualis
2054 2079 2251 2120 monete

184 2159 358 2208 Scocie
383 2160 447 2208 ad
471 2159 596 2208 duos
621 2159 740 2208 anni
765 2159 1003 2208 terminos
1031 2196 1042 2207 .
1072 2195 1083 2207 .
1113 2195 1123 2206 .
1150 2159 1351 2209 nomine
1376 2160 1653 2210 feodifirme
1680 2191 1690 2201 ·
1716 2170 1766 2212 et
1791 2162 1947 2211 di&us
1968 2163 2252 2214 Willelmus

184 2261 232 2302 et
255 2253 467 2302 heredes
490 2253 562 2302 sui
598 2252 844 2318 recipient
878 2270 968 2302 nos
997 2290 1007 2300 .
1036 2289 1046 2300 .
1078 2289 1089 2301 .
1116 2252 1180 2301 ad
1203 2252 1589 2318 hospitalitatem
1612 2253 1666 2302 in
1691 2254 1820 2302 diao
1853 2255 2119 2321 maffuagio
2146 2265 2251 2306 tan-

185 2354 286 2394 tum
325 2362 418 2410 pro
454 2345 590 2394 omni
630 2344 729 2394 alio
769 2361 921 2394 onere
959 2381 970 2392 .
1005 2381 1016 2393 .
1052 2382 1063 2393 .
1101 2343 1160 2393 In
1203 2346 1343 2394 cuius
1384 2346 1459 2395 rei
1500 2346 1833 2395 testimonium
1873 2348 2083 2412 sigillum
2129 2387 2140 2399 .
2186 2387 2197 2398 .
2238 2389 2249 2399 .

186 2438 391 2503 capituli
429 2477 438 2486 .
477 2477 487 2486 .
526 2477 534 2486 .
573 2436 643 2487 est
675 2438 942 2503 appensum
980 2477 990 2487 .
1034 2477 1044 2486 .
1088 2475 1099 2486 .
1137 2437 1366 2487 vicefimo
1404 2439 1618 2487 secundo
1654 2439 1735 2489 die
1771 2440 1946 2488 menfis
1983 2440 2088 2490 Mai
2121 2459 2251 2490 anno

187 2531 394 2581 Domini
417 2529 673 2580 millesimo
699 2530 1614 2597 quadringentesimoquinquagesimo
1639 2550 1789 2581 nono.

190 2784 495 2859 Concordia
517 2807 649 2857 inter
669 2807 889 2873 capitula
907 2807 970 2857 de
987 2806 1327 2857 Abirbrothoc
1348 2818 1397 2857 et
1417 2807 1787 2875 Balmorynach
1806 2810 1950 2874 super
1970 2818 2251 2859 tenemento

192 2899 253 2948 de
276 2899 443 2948 Perth.
