2762 3834
35 2518 126 2571 370

629 354 1055 406 REGISTRUM
1090 356 1186 405 DE
1221 357 1604 410 ABERBROT
1613 361 1774 411 HOC.
2117 371 2208 415 301

183 489 410 537 villarum
438 489 499 536 de
526 488 734 536 Balfour
763 495 812 537 et
836 488 1095 538 Kerktone
1122 508 1230 538 cum
1268 492 1549 541 molendino
1586 495 1646 542 de
1683 494 1939 543 Kerktone
1979 513 2072 544 vna
2106 515 2213 545 cum

182 580 383 629 decimis
407 579 691 644 garbalibus
730 616 740 626 .
782 617 792 627 .
833 617 843 626 .
885 579 1015 627 infra
1038 581 1290 630 baroniam
1314 583 1529 632 nostram
1549 586 1609 633 de
1629 585 1954 634 Kincoldrum
1975 594 2023 635 et
2042 588 2215 650 quibus

179 673 278 737 ipse
307 671 552 721 Oleuerus
578 678 627 719 et
649 671 850 719 domina
876 670 1072 718 Helena
1101 680 1257 722 mater
1292 675 1375 722 sua
1410 677 1710 740 temporibus
1746 677 2001 727 retroactis
2035 679 2214 742 gaude-

180 765 299 811 bant
323 780 413 827 pro
440 762 663 811 terminis
688 762 859 810 decem
885 769 934 810 et
958 779 1138 811 nouem
1159 781 1399 815 annorum
1444 806 1454 816 .
1498 807 1508 817 .
1554 807 1563 817 .
1603 771 1812 818 termino
1837 771 2067 819 introitus
2105 808 2115 818 .
2152 808 2161 817 .
2202 806 2212 818 .

180 857 448 921 incipiente
488 856 540 903 in
581 855 703 903 festo
746 855 1061 904 Pentecostes
1103 857 1266 906 datam
1312 861 1616 923 presencium
1660 863 1940 911 immediate
1986 863 2213 926 sequente

182 987 191 996 .
231 989 238 996 .
277 986 286 996 .
332 947 581 997 Soluendo
621 985 631 995 .
673 985 683 995 .
723 984 733 995 .
777 963 868 1011 pro
909 947 1051 995 firma
1091 955 1139 996 et
1181 950 1383 999 decimis
1422 954 1701 1017 garbalibus
1744 992 1754 1002 .
1791 995 1799 1003 .
1838 994 1846 1003 .
1890 956 2216 1019 quadraginta

182 1050 392 1104 quatuor
416 1039 567 1087 libras
605 1079 613 1087 .
650 1078 658 1087 .
698 1078 706 1086 .
744 1046 941 1087 monete
980 1076 990 1086 .
1031 1075 1042 1086 .
1084 1076 1094 1086 .
1135 1038 1306 1090 Scocie
1331 1045 1393 1091 ad
1417 1045 1538 1093 duos
1563 1047 1678 1094 anni
1716 1047 1948 1096 terminos
1986 1085 1996 1096 .
2038 1085 2048 1095 .
2088 1086 2098 1096 .
2137 1049 2214 1097 uel

179 1133 310 1181 infra
336 1131 513 1196 viginti
539 1132 645 1179 dies
670 1131 779 1195 post
815 1130 1082 1194 quemlibet
1119 1133 1381 1182 terminum
1420 1173 1429 1183 .
1471 1173 1480 1183 .
1521 1176 1531 1185 .
1570 1156 1679 1186 cum
1713 1141 1975 1204 rynmartis
2011 1141 2214 1189 vethiris

180 1225 449 1289 caponibus
478 1221 569 1289 [et]
600 1222 709 1271 aliis
749 1259 759 1270 .
794 1259 804 1270 .
838 1259 849 1270 .
891 1222 1255 1272 husbandorum
1281 1229 1509 1276 oneribus
1553 1266 1563 1277 .
1605 1267 1615 1277 .
1656 1268 1666 1278 .
1707 1230 1772 1278 Et
1800 1231 1954 1279 dictus
1981 1231 2213 1281 Oliuerus

182 1355 192 1364 .
233 1356 242 1365 .
284 1355 293 1364 .
332 1317 414 1365 seu
439 1314 661 1379 affignati
686 1314 1024 1378 prouidebunt
1056 1331 1149 1378 pro
1184 1319 1476 1381 recepcione
1515 1357 1524 1368 .
1565 1358 1575 1368 .
1615 1358 1625 1368 .
1666 1322 1853 1370 abbatis
1896 1362 1904 1370 .
1950 1361 1960 1371 .
1999 1362 2006 1369 .
2050 1332 2098 1372 et
2133 1324 2212 1371 sue

179 1408 361 1457 familie
387 1407 623 1472 quociens
649 1405 915 1470 contigerit
952 1405 1107 1470 ipsum
1152 1442 1161 1453 .
1206 1446 1216 1455 .
1260 1445 1270 1455 .
1314 1409 1495 1459 dictum
1520 1413 1786 1461 dominium
1817 1414 2005 1463 vifitare
2027 1415 2079 1462 in
2103 1416 2214 1463 aula

180 1520 375 1551 camera
434 1502 648 1565 coquina
695 1508 744 1548 et
793 1499 992 1548 stabulis
1041 1517 1149 1548 cum
1199 1499 1475 1549 necessariis
1521 1501 1763 1566 requisitis
1808 1512 1954 1568 prout
1998 1505 2213 1554 Thomas

179 1595 365 1660 Ogiluy
406 1594 700 1659 prouidebat
743 1600 965 1657 tempore
1006 1591 1325 1640 affedacionis
1368 1594 1446 1641 sue
1495 1623 1504 1632 ·
1555 1594 1663 1643 Nec
1704 1595 1871 1644 licebit
1911 1596 2049 1643 dietis
2092 1634 2103 1644 .
2149 1634 2159 1643 .
2204 1636 2212 1644 .

176 1686 421 1750 preditims
463 1692 622 1734 terras
664 1684 943 1748 cuicunque
991 1721 1000 1731 .
1042 1721 1052 1731 .
1100 1722 1110 1731 .
1154 1684 1370 1733 affedare
1415 1686 1613 1734 cotariis
1656 1687 1871 1751 exceptis
1911 1687 2010 1735 fine
2051 1688 2216 1735 nostra

175 1778 386 1827 licencia
434 1817 441 1825 .
486 1817 494 1825 .
540 1817 548 1825 .
599 1775 664 1824 Et
713 1775 746 1823 fi
791 1775 951 1824 dietus
1000 1815 1009 1823 .
1060 1815 1068 1823 .
1119 1815 1127 1823 .
1175 1777 1301 1825 male
1348 1778 1631 1842 persoluens
1678 1779 1760 1827 seu
1802 1819 1810 1827 .
1854 1819 1863 1827 .
1907 1819 1914 1827 .
1957 1780 2215 1827 iniuriosus

176 1870 394 1918 extiterit
431 1909 439 1918 .
478 1909 486 1917 .
526 1909 534 1917 .
572 1868 743 1916 licebit
765 1868 906 1917 nobis
943 1908 952 1917 .
987 1908 995 1916 .
1031 1908 1039 1916 .
1078 1868 1139 1917 de
1176 1909 1185 1917 .
1224 1910 1232 1918 .
1272 1871 1452 1919 ,terris
1488 1878 1537 1919 et
1573 1872 1773 1920 decimis
1799 1872 1862 1920 ad
1885 1872 2077 1920 libitum
2112 1912 2121 1920 .
2159 1912 2167 1919 .
2206 1912 2213 1919 .

176 1963 433 2027 disponere
474 2000 484 2010 .
526 2000 535 2010 .
577 2000 588 2009 .
626 1962 778 2026 Apud
816 1962 1126 2011 Abbirbroth
1169 1962 1360 2012 decimo
1397 1963 1599 2027 septimo
1638 1964 1716 2011 die
1754 1963 1927 2012 meniis
1963 1963 2216 2013 Februarii

176 2073 304 2103 anno
331 2056 536 2104 Domini
563 2061 628 2102 m⁰
654 2059 789 2104 cccc⁰
813 2054 1129 2120 nonagesimo
1155 2056 1300 2104 sexto.

176 2309 439 2396 Kynaldy
467 2329 709 2380 affedatur
735 2329 942 2378 Karollo
969 2329 1162 2377 Brown.

175 2490 303 2562 Nos
349 2497 518 2560 Dauid
556 2511 705 2559 abbas
756 2547 766 2558 .
821 2547 828 2557 .
882 2547 892 2557 .
942 2510 1003 2558 de
1039 2508 1373 2558 Abirbrothoc
1417 2543 1428 2554 .
1480 2543 1489 2553 .
1536 2543 1546 2553 .
1587 2505 1852 2554 affedamus
1910 2542 1920 2552 .
1975 2542 1986 2552 .
2028 2503 2212 2553 Karolo

178 2602 376 2651 Broune
397 2611 447 2651 et
466 2601 705 2650 Mariorie
726 2600 920 2650 Guthre
942 2600 1109 2665 sponse
1133 2599 1215 2648 sue
1240 2599 1474 2648 moderne
1499 2605 1547 2646 et
1571 2598 1665 2645 suis
1699 2636 1707 2645 .
1746 2635 1755 2646 .
1795 2634 1805 2645 .
1835 2596 2079 2662 affignatis
2111 2634 2120 2644 .
2156 2635 2165 2644 .
2204 2635 2211 2643 .

175 2695 389 2743 decimas
412 2693 638 2759 garbales
664 2693 791 2741 wille
815 2683 981 2740 nostre
1006 2693 1067 2740 de
1088 2691 1324 2756 Kynaldy
1345 2690 1474 2738 infra
1497 2688 1807 2754 parrochiam
1835 2687 1998 2737 Sancti
2016 2688 2212 2753 Vigiani

176 2804 273 2835 vna
303 2803 414 2835 cum
450 2785 654 2834 decimis
688 2783 973 2849 garbalibus
1009 2784 1070 2831 de
1107 2783 1152 2831 le
1184 2783 1317 2830 borw
1342 2781 1512 2830 ruddis
1546 2797 1604 2829 ac
1629 2797 1739 2828 cum
1763 2780 1919 2828 rudde
1944 2779 2213 2827 Alexandri

179 2878 291 2926 Mar
316 2888 457 2927 extra
481 2877 648 2925 villam
673 2876 734 2925 de
760 2875 980 2924 Arbroth
1005 2891 1096 2939 pro
1122 2873 1345 2922 terminis
1368 2874 1552 2936 septem
1578 2888 1817 2920 annorum
1853 2909 1862 2918 .
1905 2908 1915 2917 .
1959 2909 1967 2917 .
2006 2869 2213 2917 termino

182 2985 296 3016 vero
334 2967 567 3016 introitus
609 3006 617 3015 .
663 3006 671 3015 .
717 3003 728 3015 .
764 2966 1033 3030 incipiente
1059 2967 1110 3014 in
1132 2963 1251 3013 festo
1276 2963 1440 3012 Sancti
1464 2963 1600 3011 Petri
1636 2962 1900 3010 aduincula
1922 2962 2084 3009 datam
2108 2977 2212 3023 pre-

180 3059 395 3107 sencium
421 3059 704 3107 immediate
730 3058 963 3121 sequente
999 3095 1009 3105 .
1053 3095 1062 3104 .
1107 3095 1116 3104 .
1162 3055 1411 3106 Soluendo
1448 3094 1457 3103 .
1495 3094 1504 3103 .
1539 3094 1547 3103 .
1584 3071 1674 3118 pro
1697 3055 1836 3102 firma
1859 3060 1907 3102 et
1931 3052 2128 3101 decimis
2153 3053 2211 3098 de

184 3149 403 3214 Kynaldi
425 3150 810 3214 quatuordecem
833 3148 988 3196 bollas
1012 3148 1170 3197 farine
1196 3155 1244 3195 et
1269 3147 1439 3195 decem
1463 3145 1617 3194 bollas
1647 3145 1773 3193 ordii
1803 3153 1851 3192 et
1883 3153 2090 3206 quatuor
2113 3142 2211 3189 bol-
