2762 3834
540 392 604 437 22
988 381 1417 435 REGISTRUM
1451 380 1550 430 DE
1588 377 2154 430 ABERBROTHOC.

540 523 624 572 suo
658 522 814 588 quam'
843 523 923 570 sue
960 517 1326 570 communitatis
1361 514 1563 565 nomine
1601 513 1882 579 captionem
1919 513 2038 562 dieti
2071 514 2266 564 denarii
2302 515 2364 566 de
2400 516 2609 566 tollonio

540 621 853 682 negauerunt
887 611 1023 662 fuisse
1058 612 1241 660 fa&um
1266 609 1328 656 de
1361 623 1535 656 eorum
1574 607 1811 656 mandato
1849 606 1932 656 seu
1963 607 2222 658 voluntate
2261 635 2271 646 ·
2310 608 2507 668 Quibus
2542 609 2609 659 fic

541 709 660 757 actis
692 707 852 756 dictus
891 704 1120 754 dominus
1157 702 1310 751 abbas
1352 699 1417 748 ad
1458 699 1873 764 supplicationem
1913 700 2162 750 maiorum
2201 701 2255 750 in
2297 702 2432 752 dicta
2469 703 2611 752 curia

539 799 850 849 existentium
887 798 1074 862 pietate
1107 795 1266 845 eciam
1299 800 1464 842 motus
1500 793 1563 841 ab
1598 793 1702 859 ipso
1739 810 1827 842 reo
1868 794 2002 859 cepit
2036 794 2221 844 dffium
2259 795 2520 844 denarium
2561 804 2610 845 et

536 891 721 941 remisit
759 890 847 940 fibi
883 890 1065 938 dietam
1105 886 1342 936 iniuriam
1382 885 1692 951 iniungendo
1728 886 1819 936 fibi
1854 886 1941 936 sub
1982 904 2114 952 pena
2146 887 2326 954 viginti
2367 889 2610 938 librarum

536 984 885 1049 sterlingorum
922 981 1112 1031 fabrice
1149 978 1469 1030 ecclesiarum
1513 977 1874 1029 Sanctiandree
1923 987 1973 1029 et
2020 981 2082 1029 de
2128 981 2470 1030 Abirbrothoc
2516 998 2609 1047 pro

537 1077 791 1142 equalibus
836 1074 1149 1141 portionibus
1197 1072 1610 1139 applicandarum
1659 1073 1795 1137 quod
1842 1075 2020 1122 amodo
2057 1073 2224 1123 ,nichil
2268 1074 2491 1123 indebite
2538 1083 2605 1123 at-

535 1176 743 1236 temptet
782 1176 958 1218 contra
997 1167 1265 1233 priuilegia
1305 1166 1535 1232 predicta
1576 1198 1588 1209 -
1630 1165 1698 1215 Et
1737 1173 1858 1216 tunc
1889 1166 2049 1216 diGtus
2085 1168 2237 1216 abbas
2272 1167 2431 1232 ipsum
2467 1184 2609 1217 reum

535 1262 817 1311 absoluebat
852 1279 882 1310 a
919 1260 1172 1310 sentencia
1196 1276 1345 1325 quam
1381 1259 1673 1309 incurrebat
1709 1276 1770 1308 ex
1805 1260 1935 1310 facto
1961 1260 2046 1309 suo
2087 1259 2311 1326 predi&o
2353 1286 2364 1298 ·
2407 1259 2474 1309 Et
2514 1260 2609 1310 hoc

535 1356 761 1405 omnibus
786 1372 996 1421 quorum
1021 1353 1230 1404 interest
1254 1361 1429 1403 tenore
1454 1352 1768 1419 presencium
1795 1351 2018 1418 significo
2052 1381 2063 1392 ·
2089 1352 2223 1402 Acta
2245 1353 2357 1401 sunt
2380 1352 2474 1402 hec
2498 1370 2609 1418 pre-

536 1450 750 1499 sentibus
786 1487 798 1498 .
839 1487 850 1498 .
890 1487 902 1498 .
937 1448 1152 1498 dominis
1176 1447 1350 1497 Dauid
1369 1448 1430 1497 de
1453 1447 1611 1497 Gram
1637 1475 1649 1486 ·
1674 1445 1899 1495 Roberto
1919 1446 1981 1495 de
2001 1445 2272 1496 Chesslolm
2298 1474 2308 1486 ·
2334 1446 2576 1496 militibus
2598 1475 2609 1483 ·

534 1543 759 1592 WValtero
794 1544 856 1593 de
893 1542 1056 1592 Maull
1100 1570 1110 1582 ·
1155 1541 1355 1591 Thoma
1386 1540 1583 1591 Ruwell
1623 1567 1634 1577 ·
1675 1538 1842 1588 Adam
1878 1539 1940 1588 de
1980 1539 2185 1607 Guthry
2223 1567 2234 1577 ·
2280 1539 2508 1589 Henrico
2546 1541 2607 1590 de

533 1636 798 1703 Lychtoun
819 1666 829 1676 ·
850 1636 1143 1686 Alexandro
1160 1635 1222 1684 de
1241 1634 1467 1702 Ogilwill
1487 1666 1498 1677 ·
1518 1641 1568 1684 et
1584 1634 1753 1684 multis
1771 1635 1882 1684 aliis
1908 1663 1919 1673 ·
1942 1634 2003 1684 In
2021 1635 2162 1684 cuius
2178 1634 2252 1683 rei
2270 1635 2607 1684 testimonium

532 1729 842 1794 presentibus
875 1729 1034 1778 literis
1069 1728 1283 1794 figillum
1317 1745 1484 1777 meum
1515 1735 1748 1793 patenter
1773 1728 1979 1794 apposui
2012 1728 2147 1794 apud
2170 1727 2350 1777 Forfar
2379 1728 2607 1794 septimo-

536 1822 728 1871 decimo
750 1821 831 1870 die
855 1820 1032 1870 menfis
1053 1821 1088 1871 J
1092 1821 1181 1871 ulii
1207 1838 1339 1871 anno
1360 1821 1523 1887 gratie
1548 1829 1618 1870 m⁰
1642 1839 1729 1873 ccc
1755 1823 2132 1890 quadragesimo
2161 1823 2281 1874 viii0.

535 2087 828 2159 Monefuth
857 2109 1040 2158 vicarie
1067 2109 1184 2158 vnio
1208 2126 1299 2174 per
1320 2107 1616 2158 Villelmum
1642 2109 1998 2159 Sanffiandree
2024 2110 2325 2176 episcopum.

415 2299 478 2343 23
531 2270 811 2342 Vniuerfis
830 2293 991 2342 sanfioe
1010 2293 1184 2343 matris
1204 2291 1409 2342 ecclefie
1432 2292 1548 2342 filiis
1583 2331 1595 2342 .
1633 2330 1644 2342 .
1683 2328 1695 2340 .
1721 2290 2008 2342 Willelmus
2042 2329 2054 2341 .
2093 2330 2105 2341 .
2142 2331 2153 2342 .
2181 2293 2384 2343 ecclefie
2414 2293 2603 2344 Sandai-

533 2387 716 2436 andree
752 2387 976 2435 minister
1011 2387 1215 2436 humilis
1250 2387 1458 2437 salutem
1494 2423 1505 2436 .
1541 2425 1553 2435 .
1589 2423 1601 2435 .
1644 2385 1774 2436 Cum
1799 2386 1863 2435 ad
1888 2386 2122 2435 decorem
2146 2387 2321 2437 domus
2345 2387 2447 2437 Dei
2486 2426 2496 2437 .
2538 2427 2548 2437 .
2590 2427 2600 2436 .

533 2486 791 2528 teneamur
830 2517 840 2527 .
881 2517 892 2527 .
932 2518 942 2528 .
980 2480 1202 2530 tribuere
1227 2488 1357 2530 totas
1386 2481 1519 2529 uires
1557 2486 1607 2530 et
1645 2478 1854 2530 ecclefia
1886 2479 2175 2529 monasterii
2214 2517 2226 2530 .
2263 2517 2274 2529 .
2316 2519 2327 2529 .
2363 2481 2426 2530 de
2451 2480 2602 2530 Abir-

534 2570 743 2619 brothoc
787 2609 798 2619 .
850 2609 860 2620 .
914 2610 925 2620 .
969 2572 1103 2637 quafi
1143 2573 1197 2622 in
1237 2574 1390 2622 maris
1431 2574 1580 2623 litore
1622 2572 1802 2623 fituata
1841 2590 1902 2622 ex
1944 2573 2196 2637 frequenti
2239 2611 2249 2622 .
2298 2610 2310 2622 .
2356 2611 2368 2622 .
2411 2574 2601 2639 nauigii

536 2663 807 2728 Anglicani
852 2664 1051 2714 incursu
1098 2666 1296 2716 difficile
1343 2667 1648 2733 reparabiles
1688 2666 1824 2732 passa
1864 2667 1922 2715 fit
1962 2667 2134 2715 ruinas
2174 2695 2185 2706 ·
2228 2683 2320 2715 nos
2369 2704 2380 2715 .
2426 2704 2436 2714 .
2484 2705 2495 2716 .
2541 2685 2600 2716 ex

531 2756 700 2804 nostra
743 2757 1007 2806 deuotione
1047 2795 1057 2806 .
1097 2796 1108 2807 .
1147 2796 1159 2808 .
1198 2760 1456 2825 cupientes
1499 2760 1777 2810 remedium
1816 2759 2065 2825 impertiri
2101 2759 2164 2808 de
2203 2759 2442 2808 consensu
2483 2797 2493 2807 .
2535 2799 2545 2808 .
2588 2798 2598 2808 .

532 2850 682 2899 totius
707 2849 912 2915 capituli
936 2851 1091 2900 nostri
1126 2888 1137 2900 .
1172 2889 1185 2901 .
1221 2891 1231 2901 .
1264 2871 1435 2903 omnes
1458 2854 1650 2904 fruetus
1682 2891 1693 2902 .
1730 2890 1741 2902 .
1777 2890 1788 2902 .
1816 2852 2001 2902 vicarie
2024 2851 2228 2902 ecclefie
2251 2852 2312 2901 de
2335 2852 2599 2902 Monefoth

573 2982 584 2992 .
615 2981 626 2991 .
659 2944 759 2993 iam
784 2944 1007 2994 vacantis
1030 2961 1120 3010 per
1139 2954 1348 2996 mortem
1374 2948 1563 2997 domini
1585 2946 1812 2997 Villelmi
1834 2946 1995 2996 Vltimi
2014 2945 2190 2995 vicarii
2215 2945 2433 2995 eiusdem
2459 2947 2597 2996 cuius

534 3036 735 3085 ecclefie
767 3036 917 3086 abbas
953 3044 1003 3085 et
1035 3038 1267 3087 monachi
1300 3040 1482 3104 prefati
1514 3039 1803 3090 monasterii
1835 3040 1946 3088 sunt
1970 3040 2188 3088 ream-es
2225 3046 2276 3088 et
2314 3039 2494 3103 quibus
2533 3040 2597 3088 ad

533 3131 713 3179 dictam
736 3129 973 3179 vicariam
998 3129 1075 3178 ius
1101 3132 1335 3196 competit
1355 3133 1675 3198 presentandi
1699 3132 1890 3182 fabrice
1927 3170 1938 3182 .
1981 3169 1994 3181 .
2030 3169 2042 3181 .
2081 3131 2285 3182 ecclesie
2309 3132 2596 3182 monasterii

531 3223 592 3271 de
636 3222 975 3272 Abirbrothoc
1020 3260 1031 3271 .
1078 3260 1088 3271 .
1133 3261 1144 3273 .
1188 3224 1241 3273 in
1282 3233 1575 3291 perpetuum
1620 3225 1943 3277 conceffimus
1976 3227 2041 3275 'et
2085 3263 2096 3274 .
2143 3263 2154 3274 .
2197 3262 2208 3274 .
2254 3225 2451 3275 vnimus
2491 3243 2593 3276 non
