2762 3834
466 1064 559 1115 467

610 388 707 438 374
874 430 876 433 ,
1077 374 1501 429 REGISTRUM
1537 373 1633 422 DE
1666 369 2227 421 ABERBROTHOC.

726 552 737 563 .
787 513 990 579 capituli
1033 551 1042 560 .
1089 549 1100 559 .
1147 547 1157 558 .
1197 507 1506 574 presentibus
1531 506 1602 554 est
1626 503 1893 568 appensum
1920 504 2075 553 tercio
2103 504 2184 552 die
2220 504 2396 551 mensis
2430 501 2662 552 octobris

612 624 742 657 anno
767 605 974 656 Domini
999 610 1065 653 m⁰
1088 602 1325 667 quingen⁰
1349 601 1540 647 octauo.

611 861 920 946 Cunynghil
944 878 1187 928 affedatur
1210 877 1246 926 J
1249 877 1404 925 acobo
1429 843 1618 925 Panter
1642 884 1692 926 et
1715 875 1752 925 J
1754 884 1901 925 onete
1926 876 2140 925 Aldston
2165 877 2334 941 sponse
2359 877 2456 925 sue.

617 1101 627 1111 .
672 1099 683 1110 .
729 1099 739 1109 .
781 1060 957 1110 Pateat
1002 1096 1013 1107 .
1053 1095 1065 1107 .
1108 1096 1119 1106 .
1162 1074 1252 1106 nos
1297 1056 1573 1122 Georgium
1609 1095 1618 1104 .
1658 1095 1666 1104 .
1707 1093 1718 1104 .
1754 1056 1980 1105 abbatem
2027 1094 2038 1104 .
2083 1093 2091 1104 .
2137 1095 2145 1104 .
2188 1057 2251 1105 de
2292 1055 2518 1105 Arbroth
2562 1095 2569 1103 .
2609 1096 2617 1103 .
2658 1096 2666 1103 .

613 1152 837 1203 assedafl'e
874 1189 886 1200 .
925 1189 936 1200 .
970 1192 978 1201 .
1016 1151 1209 1201 Jacobo
1234 1149 1439 1198 Paniter
1465 1157 1513 1197 et
1537 1148 1572 1198 J
1575 1156 1720 1198 onete
1745 1148 1955 1197 Aldston
1986 1149 2156 1214 sponse
2181 1149 2262 1197 sue
2287 1150 2522 1197 moderno
2559 1189 2568 1197 .
2608 1187 2618 1197 .
2657 1189 2665 1196 .

610 1246 803 1311 peciam
838 1244 973 1293 illam
1011 1251 1145 1293 terre
1179 1241 1346 1291 nostre
1383 1242 1445 1290 de
1484 1240 1762 1307 Cunynhill
1796 1259 1943 1306 quam
1980 1281 1990 1291 .
2028 1280 2038 1290 .
2076 1281 2085 1290 .
2121 1241 2157 1291 J
2160 1242 2381 1290 ohannes
2418 1241 2666 1311 'Haldston

612 1338 783 1387 habuit
819 1353 907 1402 pro
945 1344 1167 1400 tempore
1205 1335 1289 1383 suo
1324 1334 1568 1384 iacentem
1604 1334 1737 1384 inter
1768 1334 2011 1384 Wardam
2039 1333 2257 1383 nostram
2283 1342 2331 1383 et
2357 1351 2666 1383 communem

612 1431 742 1480 viam
759 1429 948 1495 regiam
967 1445 1067 1493 qua
1080 1428 1182 1477 itur
1201 1428 1263 1476 ad
1285 1427 1589 1476 Northterre
1625 1466 1635 1475 .
1674 1466 1683 1475 .
1723 1465 1733 1475 .
1769 1444 1862 1492 pro
1881 1434 1985 1476 toto
2004 1434 2227 1492 tempore
2250 1426 2350 1476 vite
2370 1427 2666 1475 eorundem-

610 1522 858 1570 Soluendo
901 1560 911 1569 .
955 1560 964 1569 .
1009 1560 1018 1569 .
1059 1521 1233 1569 decem
1268 1520 1427 1568 bollas
1466 1520 1605 1569 ordei
1646 1519 1873 1568 mensure
1912 1519 2008 1567 fori
2048 1519 2294 1568 currentis
2332 1519 2393 1567 ad
2431 1519 2669 1567 terminos

612 1612 840 1661 viotualia
862 1611 1085 1661 soluendi
1126 1641 1136 1651 ·
1177 1611 1243 1660 Et
1269 1610 1304 1659 fi
1327 1611 1586 1677 contingat
1609 1611 1739 1676 ipsos
1764 1610 1858 1660 effe
1878 1612 2008 1660 male
2031 1611 2368 1677 persoluentes
2394 1618 2479 1659 aut
2501 1611 2668 1659 inobe-

610 1705 802 1754 dientes
826 1705 995 1753 licebit
1017 1704 1161 1753 nobis
1204 1744 1212 1752 .
1258 1744 1266 1753 .
1312 1743 1321 1753 .
1361 1704 1424 1753 de
1468 1741 1479 1752 .
1524 1740 1535 1752 .
1582 1742 1593 1752 .
1635 1704 1780 1768 pecia
1805 1711 1936 1753 terre
1961 1704 2223 1769 disponere
2262 1731 2273 1742 ·
2311 1703 2504 1752 Datum
2549 1743 2557 1751 .
2603 1741 2613 1750 .
2658 1742 2666 1751 .

612 1797 803 1846 decimo
832 1796 1063 1846 Octobris
1086 1813 1218 1845 anno
1243 1795 1453 1844 Domini
1479 1803 1546 1844 m⁰
1571 1797 1809 1863 quingen⁰
1834 1800 2024 1846 o&auo.

618 2045 929 2117 Southterre
977 2066 1183 2114 dimidia
1227 2083 1342 2130 pars
1390 2066 1544 2114 tercie
1592 2065 1747 2129 partis
1796 2063 2037 2114 affedatur
2085 2065 2279 2114 Thome
2327 2066 2574 2115 Annande
2622 2076 2672 2115 et

618 2157 830 2206 Katrine
856 2157 967 2223 Lyn
988 2157 1157 2222 sponse
1183 2158 1281 2207 sue.

474 2340 568 2389 468
622 2317 749 2388 Nos
789 2340 1038 2405 Georgius
1077 2340 1227 2388 abbas
1266 2379 1275 2388 .
1322 2377 1334 2388 .
1378 2379 1387 2388 .
1431 2340 1492 2389 de
1535 2340 1758 2390 Arbroth
1809 2378 1819 2390 .
1863 2378 1874 2389 .
1919 2378 1929 2389 .
1980 2341 2250 2391 assedamus
2298 2381 2307 2391 .
2357 2381 2366 2391 .
2417 2383 2426 2391 .
2477 2342 2671 2391 Thome

623 2432 843 2479 Annand
867 2438 915 2479 et
939 2430 1150 2480 Katrine
1175 2431 1288 2497 Lyn
1313 2431 1483 2495 sponse
1508 2433 1590 2480 sue
1615 2433 1852 2481 moderne
1895 2472 1905 2481 .
1946 2471 1956 2482 .
1998 2471 2007 2481 .
2061 2434 2312 2483 dimidiam
2340 2436 2493 2484 tercie
2517 2435 2674 2502 partis⁴

622 2532 864 2571 terrarum
883 2522 998 2571 ville
1020 2521 1182 2572 nostre
1208 2524 1269 2571 de
1298 2522 1590 2573 Southterre
1626 2563 1636 2573 .
1672 2562 1682 2572 .
1716 2561 1727 2572 .
1761 2541 1906 2589 quam
1932 2525 2034 2589 ipse
2058 2525 2279 2575 Thomas
2303 2543 2435 2575 nunc
2462 2534 2669 2591 ocupat-

627 2613 875 2663 Soluendo
918 2652 927 2660 .
971 2652 980 2661 .
1023 2653 1032 2662 .
1076 2614 1254 2679 viginti
1286 2615 1409 2663 duos
1445 2615 1624 2664 solidos
1660 2624 1709 2665 et
1743 2617 1866 2664 duos
1896 2617 2128 2666 denarios
2166 2656 2177 2666 .
2222 2655 2234 2666 .
2275 2656 2285 2667 .
2328 2626 2525 2666 monete
2562 2658 2571 2666 .
2606 2658 2614 2666 .
2661 2657 2670 2665 .

626 2704 796 2753 Scocie
828 2705 891 2752 ad
932 2744 941 2753 .
984 2744 994 2753 .
1037 2743 1047 2753 .
1094 2707 1331 2755 terminos
1373 2745 1384 2756 .
1434 2746 1444 2756 .
1482 2746 1493 2757 .
1543 2707 1895 2757 Penthecostes
1931 2716 1981 2757 et
2019 2707 2188 2758 San&i
2223 2709 2432 2758 Martini
2468 2747 2478 2758 .
2518 2750 2526 2759 .
2567 2749 2575 2758 .
2614 2727 2673 2757 ac

628 2813 775 2844 vnam
812 2796 1028 2844 celdram
1067 2814 1337 2847 auenarum
1374 2801 1599 2849 mensure
1637 2800 1734 2848 fori
1774 2800 2019 2848 currentis
2055 2801 2118 2848 ad
2154 2801 2392 2849 terminos
2418 2801 2673 2849 consuetos

630 2903 740 2936 cum
777 2887 966 2935 duobus
1008 2889 1277 2952 caponibus
1317 2898 1365 2938 et
1407 2891 1610 2940 totidem
1649 2891 1797 2956 pullis
1829 2891 2010 2940 adultis
2043 2900 2270 2957 rynmart
2301 2899 2350 2940 et
2380 2892 2583 2956 weddyr
2615 2909 2672 2939 ac

631 2994 741 3027 cum
767 2977 993 3026 omnibus
1027 2978 1136 3027 aliis
1169 2979 1532 3031 husbandorum
1571 2983 1803 3032 oneribus
1845 3021 1856 3032 .
1895 3022 1905 3032 .
1946 3022 1956 3031 .
1995 2982 2234 3033 Preterea
2257 2984 2290 3031 fi
2333 3024 2344 3032 .
2387 3022 2397 3032 .
2441 3022 2450 3032 .
2488 2984 2674 3032 fuerint

633 3107 642 3116 .
686 3109 695 3118 .
738 3108 747 3117 .
787 3068 913 3117 male
954 3069 1288 3133 persoluentes
1330 3110 1339 3119 .
1382 3110 1391 3119 .
1431 3110 1440 3120 .
1485 3081 1570 3122 aut
1608 3074 1831 3123 iniuriosi
1878 3074 2048 3124 licebit
2093 3075 2237 3123 nobis
2283 3113 2294 3123 .
2342 3115 2351 3123 .
2395 3113 2405 3123 .
2449 3076 2510 3123 de
2553 3114 2561 3123 .
2607 3113 2616 3123 .
2661 3114 2670 3122 .

634 3160 779 3211 terris
823 3197 833 3207 .
880 3197 890 3207 .
935 3197 946 3207 .
990 3160 1247 3225 disponere
1292 3199 1303 3209 .
1343 3199 1354 3210 .
1395 3200 1405 3210 .
1453 3162 1679 3228 Sigillum
1723 3167 1927 3231 capituli
1970 3205 1981 3215 .
2027 3205 2038 3216 .
2079 3205 2090 3216 .
2131 3167 2437 3232 presentibus
2481 3167 2550 3215 est
2591 3184 2672 3231 ap-
