2762 3834
454 686 550 731 345

453 1682 549 1732 346

599 371 695 416 284
1044 359 1469 414 REGISTRUM
1502 359 1600 432 DE
1637 356 2196 409 ABERBROTHOC.

599 502 937 575 Prosentacio
960 520 1160 571 ecclesie
1185 521 1245 568 de
1271 519 1424 568 Banff
1441 534 1553 566 cum
1580 533 1755 565 vacare
1781 515 2064 580 contigerit.

602 660 923 732 Reuerendo
949 716 958 726 .
985 717 994 725 .
1022 717 1031 726 .
1057 676 1256 725 domino
1283 673 1532 722 Willelmo
1557 671 1787 738 episcopo
1814 672 2157 722 Aberdouenfi
2187 710 2197 721 .
2225 712 2234 722 .
2262 711 2271 722 .
2299 673 2469 723 Dauid
2493 676 2643 724 abbas

602 773 663 820 de
698 769 1033 819 Abirbrothoc
1065 807 1073 816 .
1116 805 1126 816 .
1172 804 1182 815 .
1223 765 1536 814 reuerencias
1573 802 1584 813 .
1622 803 1632 813 .
1672 802 1683 814 .
1721 765 1804 813 Ad
1838 765 2075 814 vicariam
2113 774 2400 831 perpetuam
2441 766 2642 816 ecclesie

600 861 922 929 parrochialis
958 862 1020 909 de
1056 859 1191 909 Banf
1221 876 1332 908 cum
1372 875 1550 907 vacare
1593 856 1858 922 contigerit
1898 857 1960 906 de
1996 857 2232 907 consensu
2274 896 2285 906 .
2329 897 2339 907 .
2378 897 2388 907 .
2423 858 2645 924 magistri

601 952 832 1002 Duncani
857 950 1103 1000 Scherar.
1143 987 1153 997 .
1194 987 1204 998 .
1246 950 1418 999 vicarii
1452 986 1463 998 .
1503 987 1513 998 .
1557 987 1569 998 .
1606 948 1687 998 via
1717 985 1726 996 .
1767 986 1779 997 .
1815 987 1826 998 .
1856 948 2209 1014 refignacionis
2247 988 2257 999 .
2297 989 2306 999 .
2345 990 2354 999 .
2391 951 2644 1000 dominum

601 1044 876 1093 Arthurum
915 1041 1244 1107 Elphinstoun
1281 1040 1605 1105 presbiterum
1639 1041 1929 1107 paternitati
1967 1041 2126 1092 vestre
2169 1081 2179 1091 .
2222 1082 2231 1091 .
2265 1080 2275 1091 .
2311 1044 2646 1107 presentamus

606 1177 614 1186 .
654 1175 664 1185 .
701 1175 710 1185 .
748 1136 900 1201 Apud
937 1175 945 1184 .
986 1174 995 1183 .
1038 1171 1049 1182 .
1086 1134 1357 1199 capitulum
1392 1133 1512 1182 xxii⁰
1536 1133 1617 1183 die
1641 1134 1816 1183 menfis
1845 1133 2147 1199 Septembris
2181 1135 2235 1183 in
2272 1151 2403 1184 anno
2439 1133 2645 1184 Domini

599 1230 851 1279 millesimo
876 1234 1038 1278 cccc¹¹¹⁰
1061 1226 1378 1293 nonogesimo
1403 1226 1574 1276 tercio.

600 1478 810 1551 Tarvas
830 1501 1142 1566 presentatur
1161 1497 1394 1563 magister
1415 1496 1453 1547 J
1454 1496 1674 1546 ohannes
1698 1496 1965 1546 Lumsden.

600 1660 921 1731 Reuerendo
957 1719 967 1729 .
1010 1720 1019 1728 .
1060 1719 1070 1729 .
1107 1678 1305 1728 domino
1331 1677 1586 1726 Willelmo
1623 1716 1633 1725 .
1671 1715 1681 1725 .
1722 1715 1732 1724 .
1775 1676 2002 1741 episcopo
2026 1675 2400 1725 Abberdonenfi
2434 1683 2518 1725 aut
2554 1676 2647 1724 suis

600 1771 794 1820 vicariis
817 1771 1130 1838 generalibus
1167 1806 1177 1817 .
1225 1807 1236 1818 .
1282 1808 1293 1820 .
1333 1769 1503 1817 Dauid
1553 1808 1563 1818 .
1602 1808 1611 1818 .
1664 1806 1675 1817 .
1719 1770 1868 1818 abbas
1910 1808 1919 1818 .
1965 1807 1976 1817 .
2020 1807 2031 1818 .
2073 1770 2136 1818 de
2158 1769 2496 1819 Abirbrothoc
2538 1808 2547 1818 .
2588 1809 2598 1819 .
2637 1809 2647 1818 .

600 1864 912 1912 reuerencias
949 1903 957 1912 .
997 1901 1008 1911 .
1049 1901 1059 1911 .
1099 1862 1183 1911 Ad
1207 1870 1499 1927 perpetuam
1528 1862 1761 1911 vicariam
1789 1862 1991 1912 ecclesie
2014 1862 2342 1927 parrochialis
2368 1864 2428 1912 dc
2456 1863 2647 1912 Tervas

648 1996 657 2005 .
696 1995 705 2004 .
743 1962 998 2004 vacantem
1021 1971 1111 2019 per
1135 1953 1375 2003 decefl‘um
1412 1953 1600 2002 domini
1626 1953 1903 2003 Alexandri
1934 1953 2290 2020 Abircrummy
2327 1992 2337 2002 .
2375 1993 2385 2003 .
2425 1991 2436 2002 .
2472 1953 2649 2018 magis-

603 2058 731 2096 trum
756 2048 1035 2097 Johannem
1061 2047 1307 2096 Lumsden
1348 2046 1689 2112 presbyterum
1718 2045 2073 2096 Sanffiandree
2110 2046 2315 2095 diocesis
2349 2045 2507 2095 vestre
2544 2082 2555 2092 .
2594 2085 2603 2094 .
2639 2086 2647 2093 .

601 2139 886 2203 paternitati
926 2177 936 2187 .
974 2179 984 2188 .
1022 2178 1032 2188 .
1068 2141 1406 2204 presentamus
1438 2177 1448 2187 .
1487 2176 1498 2188 .
1531 2178 1540 2188 .
1576 2138 1727 2203 Apud
1752 2137 2092 2187 Abirbrothoc
2123 2138 2328 2203 septimo
2360 2139 2440 2187 die
2476 2138 2650 2187 meniis

603 2231 895 2280 Decembris
919 2249 1049 2280 anno
1073 2231 1280 2280 Domini
1304 2237 1372 2280 m⁰
1396 2237 1532 2280 cccc⁰
1552 2229 1867 2297 nonagesimo
1889 2230 2065 2279 tercio.

605 2479 902 2551 Commiffio
925 2501 976 2549 in
1001 2501 1177 2552 itinere
1201 2502 1467 2551 iusticiarie
1493 2503 1543 2551 in
1568 2500 1770 2551 Lanark
1797 2500 1982 2549 durans
2004 2516 2095 2564 per
2119 2514 2270 2547 vnum
2295 2515 2493 2547 annum.

460 2703 553 2756 347
609 2677 886 2751 Uniuerfis
926 2707 1092 2763 pateat
1140 2739 1149 2749 .
1193 2738 1202 2748 .
1240 2738 1249 2748 .
1286 2717 1376 2748 nos
1415 2700 1587 2749 Dauid
1621 2738 1631 2749 .
1776 2699 2004 2748 abbatem
2039 2736 2050 2747 .
2099 2735 2110 2746 .
2153 2735 2164 2745 .
2207 2697 2268 2745 de
2313 2694 2648 2744 Abirbrothoc

656 2826 667 2839 .
704 2828 717 2839 .
760 2789 1053 2838 constituisse
1096 2827 1107 2838 .
1153 2827 1163 2838 .
1206 2829 1217 2839 .
1260 2790 1541 2840 Johannem
1577 2792 1832 2840 dominum
1869 2790 1988 2856 Hay
2021 2789 2083 2838 de
2109 2788 2287 2839 Yester
2318 2817 2328 2827 ·
2365 2787 2646 2836 Johannem

610 2880 808 2946 Ogilwy
833 2881 894 2929 de
924 2880 1155 2946 Fyngask
1188 2907 1199 2918 ·
1235 2881 1512 2932 Walterum
1550 2882 1812 2949 Lychtoun
1849 2882 1911 2930 de
1947 2880 2256 2945 Houshavyn
2294 2910 2302 2920 ·
2342 2879 2647 2928 Willelmum

613 2972 728 3037 Hay
766 2998 775 3007 ·
811 2978 860 3020 et
881 2971 1043 3019 Adam
1070 2970 1294 3020 Mailwill
1335 3011 1344 3020 .
1394 3012 1403 3021 .
1446 3013 1455 3022 .
1496 2974 1687 3023 nostros
1721 2974 1930 3023 balliuos
1966 2972 2314 3023 commissarios
2350 2971 2648 3020 camerarios

609 3069 658 3110 et
692 3060 988 3109 iusticiarios
1028 3060 1159 3109 infra
1198 3061 1505 3126 regalitatem
1546 3065 1762 3114 nostram
1802 3067 1864 3115 de
1899 3065 2234 3114 Abirbrothoc
2266 3072 2315 3113 et
2352 3063 2648 3112 Ethcarmor

613 3153 855 3202 iacentem
876 3151 1007 3200 infra
1032 3151 1428 3201 vicecomitatum
1454 3154 1515 3202 de
1539 3154 1739 3205 Lanark
1773 3197 1784 3207 .
1819 3197 1827 3206 .
1861 3197 1870 3206 .
1903 3158 1966 3207 ad
1990 3157 2374 3223 comparendum
2391 3172 2482 3221 pro
2507 3155 2647 3203 nobis
