2742 3848
408 595 505 648 746

550 376 648 419 500
1001 366 1426 418 REGISTRUM
1461 365 1559 414 DE
1595 363 2153 414 ABERBROTHOC.

556 574 708 647 Idem
752 593 1005 643 constituit
1046 591 1305 656 magistros
1348 597 1397 637 et
1437 587 1664 635 dominos
1705 586 2022 636 Barnardum
2064 589 2220 655 Balye
2262 594 2502 641 rectorem
2545 596 2605 642 de

557 688 854 737 Lambinton
902 712 912 722 ·
957 683 1231 732 Martinum
1280 679 1496 728 Balfowr
1544 679 1784 729 vicarium
1833 681 1895 730 de
1942 681 2255 749 Monymeyll
2302 710 2312 720 ·
2362 684 2606 735 Thomam

558 761 779 828 Annani'l
822 805 832 815 ·
882 775 1135 824 dominum
1174 773 1433 821 Andream
1484 769 1602 820 Seot
1647 798 1658 810 ·
1706 773 1961 822 dominum
2007 774 2369 824 Allexandrum
2417 776 2559 826 Dure
2598 810 2606 818 -

528 870 822 919 -monachos
858 896 867 905 ·
904 866 1209 915 Willelmum
1246 863 1485 912 Pettillok
1521 871 1570 912 et
1606 864 1860 913 dominum
1896 865 2180 915 Johannem
2207 866 2443 917 Howison
2479 872 2608 934 pres.

556 963 739 1010 biteros
776 992 787 1001 ·
825 967 874 1008 et
897 959 1020 1007 alios
1056 987 1066 997 ·
1105 957 1213 1005 suos
1237 963 1586 1020 procuratores
1610 957 1674 1004 ad
1697 956 2039 1009 intimandum.
2055 958 2365 1009 Allexandro
2391 961 2609 1011 Moraui-

558 1053 656 1102 enfi
693 1052 919 1117 episcopo
946 1067 1003 1098 ac
1028 1049 1248 1097 Roberto
1279 1047 1566 1096 monasterii
1601 1048 1662 1096 de
1690 1048 1884 1114 Kynlos
1909 1051 2074 1099 abbati
2101 1052 2228 1101 ἀὶἃθ
2254 1054 2379 1102 sedis
2413 1055 2608 1104 officiali

560 1145 831 1209 ceterisque
867 1142 1093 1191 interefl'e
1128 1141 1427 1189 habentibus
1464 1140 1713 1204 quandam
1749 1141 2142 1205 appellacionem
2184 1145 2610 1195 extraiudicialem

558 1242 618 1288 de
664 1255 795 1287 nouo
843 1253 932 1301 per
981 1235 1207 1283 abbatem
1257 1231 1593 1297 interpositam
1637 1232 1870 1282 aduersus
1917 1235 2163 1299 predi&os
2210 1238 2272 1285 ob
2318 1240 2612 1303 grauamina

556 1330 853 1382 monasterio
879 1329 1019 1378 illata
1043 1325 1299 1376 occafione
1325 1327 1637 1390 quarundam
1655 1325 1912 1374 literarum
1939 1328 2327 1377 monitorialium
2353 1339 2402 1379 et
2425 1332 2611 1395 seques-

557 1425 834 1475 tracionum
879 1422 1126 1470 fruetuum
1174 1420 1489 1469 ecclesiarum
1533 1419 1595 1467 de
1633 1418 1964 1467 Abirkeirdor
2011 1427 2060 1468 et
2107 1419 2353 1470 Innernes
2401 1423 2464 1471 ob
2511 1441 2610 1472 non

558 1517 854 1565 solucionem
903 1513 1099 1562 subfidii
1147 1513 1306 1561 eidem
1351 1511 1580 1576 episcopo
1623 1519 1677 1559 ut
1718 1509 1944 1560 asseritur
1991 1511 2146 1560 debiti
2193 1514 2258 1561 ad
2301 1513 2611 1565 Clementem

556 1627 733 1674 papam
757 1607 891 1655 illius
917 1605 1130 1654 nominis
1168 1605 1423 1670 septimum
1450 1613 1500 1652 et
1523 1603 1558 1652 J
1561 1604 1768 1652 acobum
1797 1602 2153 1653 Sanffiandree
2188 1606 2611 1672 archiepiscopum

560 1713 608 1752 et
632 1701 905 1766 Georgium
942 1700 1169 1748 abbatem
1195 1699 1255 1746 de
1281 1696 1639 1761 Dunfermling
1673 1695 2062 1760 preuilegiorum
2099 1698 2383 1747 monasterii
2421 1701 2611 1749 conser-

560 1803 757 1843 uatores
802 1822 812 1831 ·
853 1808 1050 1840 necnon
1093 1791 1155 1839 ad
1193 1790 1462 1854 petendum
1505 1788 1750 1853 apostolos
1789 1797 1840 1837 et
1882 1788 2050 1837 omnia
2096 1789 2195 1838 alia
2240 1790 2522 1841 faciendum
2559 1796 2610 1842 in

560 1886 797 1953 premiffis
821 1884 1088 1934 necessaria
1112 1912 1122 1922 ·
1150 1883 1357 1947 Insuper
1381 1883 1446 1931 ad
1468 1881 1800 1930 intimandum
1826 1880 2059 1945 prediffis
2077 1883 2365 1932 reuerendis
2389 1886 2612 1949 patribus

562 1989 611 2029 et
655 1979 879 2028 omnibus
925 1975 1150 2026 interesse
1192 1975 1488 2024 habentibus
1538 1975 1772 2040 (excepto
1823 1972 2176 2023 Sanffiandree
2215 1975 2610 2043 archiepiscopo)

561 2072 837 2137 preuilegia
861 2070 939 2118 Pii
963 2086 1090 2134 pape
1124 2068 1325 2117 secundi
1352 2076 1400 2116 et
1426 2066 1784 2116 executoriales
1809 2065 1843 2115 J
1847 2066 1988 2114 acobi
2018 2065 2372 2118 Sanffiandree
2397 2070 2613 2135 episcopi

566 2165 679 2229 [etc.
708 2171 760 2211 ut
784 2164 929 2226 supra
953 2161 1052 2210 No.
1081 2159 1199 2224 546]
1240 2188 1248 2195 ·
1290 2165 1349 2207 18
1375 2159 1500 2209 Julii
1529 2164 1675 2208 1530.

562 2422 715 2493 Idem
751 2440 932 2490 affedat
966 2457 1056 2504 pro
1094 2449 1198 2489 toto
1235 2448 1457 2504 tempore
1483 2441 1582 2488 vite
1618 2440 1834 2489 Mariote
1863 2439 2067 2507 Ogyluy
2092 2440 2340 2507 aflignatis
2375 2443 2470 2492 suis
2507 2445 2612 2492 sub-

565 2534 846 2582 tenentibus
872 2541 920 2581 et
946 2531 1315 2580 coadiutoribus
1346 2539 1505 2580 terras
1542 2533 1603 2581 de
1638 2533 1875 2598 Kyrkton
1910 2534 2130 2583 iacentes
2165 2534 2217 2582 in
2252 2536 2514 2601 regalitate
2551 2538 2612 2584 de

566 2624 824 2689 Arbroyth
868 2624 999 2672 infra
1038 2622 1203 2672 Carne
1251 2632 1300 2671 et
1341 2623 1622 2689 Laythaym
1665 2642 1777 2674 cum
1818 2626 1870 2691 ly
1912 2626 2135 2675 Murfald
2183 2635 2232 2676 et
2273 2628 2398 2676 tofta
2447 2626 2611 2678 Sanffi

566 2717 769 2782 Vigiani
808 2733 1016 2763 vnacum
1055 2715 1302 2779 particula
1343 2725 1475 2764 terre
1518 2717 1579 2764 de
1616 2718 1864 2765 communi
1898 2717 2091 2767 iacente
2134 2735 2193 2766 ex
2231 2728 2372 2783 parte
2412 2720 2611 2769 australi

567 2809 767 2857 ecclefie
807 2806 971 2856 Sanffl
996 2806 1203 2871 Vigiani
1228 2824 1339 2855 cum
1365 2807 1569 2855 decimis
1604 2809 1889 2873 garbalibus
1933 2837 1943 2847 ·
1991 2809 2241 2859 Soluendo
2266 2829 2356 2875 pro
2381 2813 2527 2861 terris
2563 2822 2612 2861 et

511 2907 517 2913 ’
568 2899 770 2948 decimis
796 2898 972 2962 viginti
1008 2900 1117 2945 oco
1152 2897 1307 2946 bollas
1338 2898 1496 2947 farine
1533 2909 1581 2947 et
1613 2901 1789 2965 viginti
1835 2904 1942 2950 οᾶο
1978 2902 2133 2951 bollas
2169 2903 2307 2951 ordei
2344 2913 2393 2952 et
2428 2905 2610 2968 septem

567 2991 722 3039 bollas
756 2990 992 3038 frumenti
1024 2990 1248 3038 mensure
1282 2990 1377 3037 fori
1413 2992 1657 3040 currentis
1700 3021 1709 3031 ·
1752 3002 1800 3042 et
1824 3011 1915 3057 pro
1939 2995 2186 3059 particula
2220 3004 2352 3045 terre
2385 2997 2446 3044 de
2483 3014 2610 3045 com-

567 3083 704 3131 muni
728 3082 969 3130 monacho
992 3081 1215 3129 ministro
1242 3083 1606 3131 communitatis
1631 3085 1710 3132 sex
1739 3086 1919 3134 solidos
1954 3094 2151 3136 monete
2191 3086 2363 3137 Scocie
2399 3116 2410 3126 ·
2446 3098 2495 3137 et
2518 3106 2608 3154 pro

566 3174 928 3223 husbandorum
951 3174 1182 3221 oneribus
1207 3183 1255 3222 et
1281 3174 1497 3222 seruiciis
1518 3176 1744 3224 ducendo
1765 3177 2060 3226 monasterio
2086 3178 2163 3227 sex
2189 3179 2484 3243 plaustratus
2509 3180 2607 3228 feni
