2742 3848
653 307 1086 358 REGISTRUM
1122 307 1220 358 DE
1259 306 1832 359 ABERBROTHOC.
2201 310 2298 365 527

62 535 154 589 827
207 510 533 600 Preceptum
562 536 713 585 safine
744 537 966 602 predicte
1004 537 1322 587 affedationis
1349 539 1463 588 vide
1498 539 1552 588 in
1588 537 1803 604 registro
1839 539 2049 605 papireo
2084 555 2296 587 numero

208 628 323 679 264.

59 918 152 964 828
206 893 404 967 Abbas
430 915 663 964 concedit
685 914 906 964 Vilelmo
933 914 1096 964 Vellis
1121 915 1218 964 suis
1256 914 1523 964 heredibus
1549 924 1599 965 et
1624 914 1879 982 affignatis
1912 933 2059 965 vnam
2096 915 2292 981 peciam

204 1017 337 1058 terre
379 1009 628 1057 iacentem
669 1007 805 1057 intra
846 1008 1107 1057 baroniam
1147 1009 1210 1057 de
1250 1007 1414 1056 Torre
1450 1016 1500 1057 et
1534 1009 1850 1075 regalitatem
1894 1010 1956 1059 de
1994 1008 2292 1075 Abyrbroth

201 1103 335 1151 inter
370 1109 530 1150 terras
569 1100 778 1151 Gilelmi
814 1099 952 1150 Snod
985 1102 1048 1150 ad
1080 1102 1393 1151 occidentem
1433 1113 1482 1152 et
1519 1111 1681 1152 terras
1714 1102 1960 1152 Willelmi
1999 1101 2191 1154 Cauart
2227 1103 2292 1152 ad

202 1194 446 1244 orientem
490 1222 499 1231 ·
542 1194 607 1242 ad
642 1194 845 1243 boream
880 1211 999 1242 vero
1035 1194 1255 1244 riuulum
1294 1196 1376 1244 seu
1402 1213 1582 1260 aquam
1610 1196 1671 1245 de
1698 1195 1809 1245 Dee
1834 1196 2103 1246 habentem
2140 1203 2190 1245 et
2226 1197 2290 1244 ad

201 1288 420 1337 austrum
459 1289 502 1336 le
538 1287 733 1337 aillzous
767 1289 898 1354 crofi}
930 1289 1209 1354 vulgariter
1252 1298 1480 1339 vocatam
1524 1319 1533 1328 ·
1577 1290 1845 1340 habentem
1883 1290 1937 1339 in
1974 1289 2290 1356 longitudine

201 1382 538 1449 quadraginta
563 1384 671 1430 0800
698 1382 840 1431 vlnas
865 1390 915 1432 et
940 1382 993 1431 in
1018 1383 1284 1433 latitudine
1310 1384 1577 1434 duodecim
1604 1384 1746 1433 vlnas
1788 1413 1798 1424 ·
1845 1401 2058 1434 vnacum
2097 1384 2291 1433 duobus

201 1478 245 1526 le
266 1478 470 1544 sowmis
499 1493 625 1542 gyrs
647 1476 700 1524 in
726 1484 895 1525 monte
921 1485 971 1527 et
995 1477 1155 1543 glebis
1193 1479 1615 1528 concernentibus
1650 1479 1885 1544 predictis
1911 1479 2059 1529 terris
2103 1507 2113 1519 ·
2157 1479 2290 1529 Red-

201 1573 366 1621 dendo
392 1571 472 1620 sex
497 1570 678 1619 solidos
701 1579 900 1620 monete
930 1569 1107 1620 Scocie
1135 1601 1146 1612 ·
1174 1576 1239 1627 29
1266 1572 1574 1622 Nouembris
1603 1576 1751 1622 1535.

54 1861 147 1914 829
199 1836 527 1924 preceptum
554 1856 706 1906 saline
732 1858 977 1907 dictarum
1003 1866 1254 1907 terrarum
1279 1856 1509 1906 inuenies
1534 1858 1587 1905 in
1614 1856 1828 1922 registro
1850 1857 2058 1923 papireo
2080 1850 2318 1908 numero'

55 3413 64 3506 v...a—w

85 2241 148 2288 30

87 2998 145 3043 31

202 1952 322 2006 267.

203 2212 402 2285 Abbas
417 2232 671 2298 presentat
689 2232 945 2281 dominum
965 2231 1000 2280 J
1003 2231 1214 2281 acobum
1232 2230 1562 2297 Auchmuthy
1581 2232 1646 2280 ad
1666 2230 1907 2280 vicariam
1926 2230 2293 2296 penfionariam

203 2325 407 2376 ecclefie
446 2325 750 2391 parochialis
786 2326 849 2374 de
886 2325 1181 2391 Abyrbroth
1224 2324 1461 2374 videlicet
1500 2323 1712 2390 triginta
1753 2324 1966 2373 duarum
2008 2340 2290 2373 marcarum

201 2427 401 2469 monete
438 2418 613 2469 Scocie
657 2420 719 2468 de
762 2420 942 2468 abbate
983 2418 1243 2468 annuatim
1279 2419 1611 2468 leuandarum
1649 2435 1762 2467 cum
1799 2417 1925 2488 tofto
1962 2425 2012 2467 et
2047 2418 2217 2467 manso
2242 2425 2292 2467 et

200 2514 311 2564 aliis
349 2513 685 2563 oblationibus
722 2513 1062 2579 percipiendis
1099 2520 1249 2578 prout
1273 2512 1326 2560 in
1354 2514 1611 2561 contractu
1645 2511 1778 2560 inter
1803 2510 2034 2561 abbatem
2060 2519 2110 2560 et
2134 2512 2291 2560 domi·-

202 2626 322 2657 num
350 2607 600 2656 Thomam'
627 2606 862 2655 Harruar
887 2607 1141 2671 quondam
1168 2605 1410 2655 vicarium
1436 2604 1635 2669 plenius
1661 2604 1948 2654 continetur
1981 2634 1990 2643 -
2028 2611 2290 2653 vacantem

201 2719 292 2766 per
317 2708 527 2750 mortem
557 2700 778 2764 magistri
806 2701 1014 2749 Andree
1041 2699 1238 2749 Fowlar
1263 2727 1273 2737 ·
1305 2702 1367 2747 13
1392 2697 1690 2747 Decembris
1720 2701 1863 2747 1535.

203 2965 356 3038 Idem
385 2986 618 3036 concedit
644 2986 758 3035 Ade
785 2986 990 3035 Peirson
1024 2986 1292 3036 heredibus
1324 2986 1421 3034 suis
1447 2992 1498 3034 et
1521 2984 1774 3050 afflgnatis
1806 3001 1957 3034 vnam
1991 2984 2287 3050 perticatam

205 3092 338 3132 terre
397 3081 645 3130 iacentem
693 3080 746 3128 in
795 3079 1142 3130 elemosinaria
1188 3080 1322 3129 inter
1370 3087 1531 3129 terras
1575 3086 1845 3145 occupatas
1888 3096 1980 3144 per
2026 3078 2285 3127 Andream

207 3174 458 3227 Cristeson
485 3175 547 3224 ad
572 3175 775 3224 boream
803 3182 853 3224 et
879 3174 1122 3224 orientem
1145 3181 1194 3223 et
1214 3182 1374 3223 terras
1398 3171 1600 3222 Nicolai
1623 3172 1767 3238 Logy
1791 3179 1841 3221 et
1862 3179 2022 3221 terras
2042 3170 2285 3220 heredum
